3194 4872
444 381 492 430 oa
520 377 641 428 uenus
668 377 866 426 navamus.
1162 376 1207 446 33

124 557 234 622 variam
248 578 312 623 non
324 579 391 622 una
403 561 446 624 de
463 579 581 624 caussa
597 559 737 623 videtur.
754 558 844 622 Huic
856 559 956 636 enim,
972 559 1131 641 quoniam
1145 560 1208 624 Dei
1239 587 1387 662 »ardisus

124 661 271 726 beneficio
289 664 322 727 in
339 663 450 747 regnis
467 663 641 729 catholicis
658 672 862 742 numeratur,
878 684 944 728 non
972 673 1043 728 tam
1059 685 1145 747 opus
1160 677 1211 730 est
1279 669 1345 727 1887·

125 762 213 829 fidem
235 775 384 831 sanctam
410 769 571 850 accipere,
587 787 688 850 quam
709 777 882 850 acceptam
899 787 919 830 a
934 767 1087 850 patribus
1102 777 1210 832 custo·
1237 762 1387 880 ohffl’ffi

124 869 186 933 dire
200 879 230 934 ct
240 869 349 935 fovere
368 896 376 936 :
391 881 574 954 praeterea,
589 871 647 954 qui
663 871 800 934 nomine
816 870 952 953 publico
967 881 1121 936 auctores
1136 882 1213 937 sunt
1257 881 1367 926 savaro

126 972 224 1056 legum
238 977 279 1039 ad
298 976 547 1058 ¹rempublicam
566 976 833 1058 temperandam,
858 975 880 1038 ii
908 992 1067 1057 magnam
1082 985 1213 1058 partem
1250 941 1376 1058 misit

127 1076 264 1141 catholici
279 1100 287 1157 ;
302 1080 461 1145 catholici
474 1079 555 1144 item
571 1099 676 1162 quum
687 1080 754 1142 sint
768 1078 918 1161 plerique
933 1079 1022 1142 cives
1032 1089 1065 1142 et
1078 1079 1216 1155 incolae,
1239 1064 1368 1104 enumerat.

127 1179 248 1245 minime
272 1183 469 1247 dubitamus
495 1183 576 1266 quin
606 1183 704 1246 matri
731 1202 821 1260 suae,
844 1182 1016 1247 Ecclesiae
1043 1181 1217 1261 laboranti,

124 1285 205 1347 omni
218 1286 320 1351 velint
337 1309 403 1370 ope
420 1287 532 1352 favere
547 1299 581 1352 et
597 1306 797 1351 succurrere.
815 1286 917 1369 Ergo,
933 1288 961 1350 si
978 1297 1048 1350 tam
1066 1288 1218 1369 impense

125 1389 303 1474 acriterque,
313 1401 352 1456 ut
369 1393 505 1470 debent,
513 1392 722 1457 contendant
732 1392 873 1456 omnino
888 1411 1017 1469 omnes,
1026 1411 1108 1456 sane
1118 1413 1218 1475 quam

124 1487 222 1557 felices
232 1513 384 1560 curarum
402 1496 526 1573 exitus,
541 1499 677 1578 auspice
690 1496 776 1574 Deo,
788 1495 904 1560 laetari
915 1495 1036 1560 licebit.
1051 1496 1219 1580 Equidem

125 1599 317 1664 contendant
335 1621 454 1664 omnes
471 1602 706 1684 praecipimus,
720 1620 761 1665 eo
776 1601 855 1684 quia
871 1601 958 1664 sicut
982 1600 1064 1664 nihil
1081 1612 1132 1666 est
1148 1623 1220 1686 per·

124 1696 266 1766 niciosius
281 1705 462 1781 discordia,
473 1705 522 1768 ita
532 1704 614 1769 nihil
627 1714 678 1769 est
687 1703 923 1788 praestabilius
936 1713 970 1767 et
980 1705 1088 1788 magis
1100 1705 1220 1770 efficax

124 1808 331 1872 consensione
356 1810 604 1892 concordiaque
630 1810 830 1887 animorum,
856 1808 1005 1874 collectis
1030 1810 1154 1874 viribus
1177 1812 1219 1874 ad

123 1926 214 1972 unum
224 1909 382 1994 idemque
398 1912 588 1976 nitentium.
599 1912 657 1976 Ad
674 1913 767 1991 haec,
778 1913 865 1977 bene
875 1913 1050 1978 catholicis
1061 1935 1120 1996 per
1130 1915 1220 1998 leges

121 2016 256 2092 suppetit
266 2017 418 2080 medium
434 2036 503 2100 quo
519 2017 749 2082 conditionem
766 2017 988 2101 habitumque
1004 2019 1050 2083 rei
1067 2019 1221 2101 publicae
1262 2032 1343 2088 Quare
1357 2029 1394 2074 ir·

124 2115 281 2182 meliorem
311 2118 383 2184 ficri
416 2121 643 2204 expostulent,
671 2131 773 2205 atque
800 2141 877 2186 eum
903 2132 1023 2204 optent
1050 2123 1221 2206 velintque
1245 2089 1394 2200 iisstii‘iis

121 2227 242 2301 statum,
268 2225 328 2306 qui
357 2233 391 2287 et
408 2224 581 2290 Ecclesiae
606 2235 640 2290 et
664 2225 739 2303 sibi,
757 2227 785 2289 si
814 2225 924 2289 minus
951 2225 1160 2290 obsecundet
1186 2237 1219 2290 et
1245 2207 1392 2312 Ἷξξξζξ·

121 2323 321 2406 gratificetur,
338 2329 431 2412 quod
460 2327 567 2392 multo
584 2337 672 2392 esset
693 2328 944 2410 aequissimum,
959 2339 994 2392 at
1018 2348 1085 2392 non
1102 2331 1218 2393 adver·
1244 2327 1321 2371 “mi
1343 2340 1393 2370 m·

123 2435 201 2490 setur
214 2432 304 2495 dure.
324 2431 444 2514 Neque
461 2451 540 2504 vero
568 2439 695 2495 rectum
713 2431 776 2494 erit
794 2430 951 2512 cuiquam
968 2451 1106 2514 arguere
1122 2441 1156 2496 et
1171 2433 1218 2495 vj.
1244 2387 1336 2430 ΜΨ·

123 2538 262 2611 tuperare
288 2545 433 2614 nostros,
457 2536 514 2618 qui
543 2535 739 2599 adiumenta
759 2534 858 2597 huius
885 2535 1017 2616 generis
1031 2546 1217 2616 quaerant:

123 2637 229 2717 quibus
245 2641 336 2704 enim
364 2641 568 2704 adiumentis
592 2639 706 2704 hostes
723 2637 880 2703 catholici
897 2639 1042 2702 nominis
1058 2642 1100 2704 ad
1118 2640 1218 2704 licen-

121 2742 192 2807 tiam
208 2745 255 2808 uti
272 2753 530 2821 consueverunt,
547 2743 580 2807 id
597 2753 657 2820 est,
672 2753 709 2807 ut
725 2743 817 2826 leges
833 2743 877 2807 ab
902 2743 1144 2826 imperantibus
1161 2745 1217 2808 eli·

119 2847 202 2913 ciant
228 2859 261 2914 et
291 2869 402 2934 paene
433 2857 661 2931 extorqueant
691 2849 826 2912 odiosas
858 2847 1003 2912 libertati
1036 2849 1082 2911 rei
1113 2849 1217 2913 civilis
1267 2845 1392 2914 ,Ollius

121 2969 298 3038 sacraeque,
324 2973 440 3018 nonne
466 2953 635 3035 integrum
653 2953 697 3016 sit
716 2951 890 3017 catholicis
914 2952 1033 3014 eadem
1050 2951 1218 3028 adhibere,
1242 2905 1393 3032 iidem?

120 3060 210 3136 atque
225 3055 272 3118 ita
288 3053 459 3132 adhibere,
476 3063 512 3116 ut
527 3052 774 3117 honestissimis
796 3051 904 3115 modis
931 3049 1081 3132 religioni
1098 3071 1217 3115 consu·
1238 3035 1391 3140 {2222AE

122 3152 192 3232 lant,
216 3168 248 3220 et
276 3177 318 3220 ea
342 3165 502 3220 tueantur
527 3155 628 3232 bona,
653 3157 750 3219 dotes
777 3173 816 3218 ac
843 3155 923 3231 iura,
939 3172 1025 3236 quae
1047 3153 1217 3219 Ecclesiae
1241 3140 1392 3244 {mss‘ffi'

121 3259 295 3325 catholicae
313 3259 474 3323 divinitus
490 3257 614 3321 collata
629 3266 717 3334 sunt,
738 3275 892 3339 quaeque
916 3256 960 3319 ab
983 3256 1145 3320 universis
1160 3263 1216 3340 qui
1241 3259 1391 3362 ffmrffi·

121 3373 268 3443 praesunt
283 3363 342 3446 qui
358 3362 510 3438 subsunt,
526 3361 618 3425 omni
635 3370 714 3425 sunt
729 3359 856 3425 honore
872 3359 1074 3424 afficienda?
1383 3352 1388 3362 '

159 3468 195 3532 In
209 3470 308 3533 bonis
324 3476 438 3531 autem
456 3465 638 3542 Ecclesiae,
662 3485 749 3548 quae
776 3465 849 3528 Nos
874 3464 998 3547 ubique
1019 3484 1217 3548 semperque
1268 3476 1393 3545 lmrn'mu

122 3589 306 3637 conservare
328 3569 500 3646 debemus,
528 3571 572 3634 ab
600 3570 759 3652 omnique
787 3568 907 3632 iniuria
931 3566 1119 3645 defendere,
1135 3567 1216 3632 illud
1241 3537 1392 3640 {255⁸ssssss

119 3683 199 3740 certe
227 3673 556 3760 praestantissimum
584 3682 645 3752 est,
676 3682 772 3737 tanta
802 3673 909 3753 ipsam
941 3671 1064 3754 perfrui
1094 3671 1216 3753 agendi
1241 3655 1355 3704 ³³⁶⁰''d‘''

121 3777 272 3858 libertate,
299 3788 463 3862 quantam
480 3775 570 3840 salus
590 3777 767 3841 hominum
783 3778 932 3841 curanda
948 3777 1103 3859 requirat.
1121 3777 1216 3841 Haec
1268 3813 1363 3859 cmm·

121 3879 266 3946 nimirum
284 3892 334 3946 est
351 3879 489 3944 libertas
504 3879 628 3956 divina,
644 3880 688 3943 ab
704 3879 880 3962 unigenito
897 3878 962 3942 Dei
981 3878 1066 3942 Filio
1082 3889 1216 3942 auctore
1256 3874 1375 3991 fflfflt

121 3981 271 4062 proiecta,
286 3985 343 4067 qui
362 3983 549 4047 Ecclesiam
565 3981 729 4064 sanguine
745 3981 820 4045 fuso
836 3981 1008 4057 excitavit,
1028 3981 1084 4063 qui
1100 4001 1215 4063 perpe·
1355 3965 1360 3978 ’

119 4089 248 4153 tuamin
260 4088 454 4156 hominibus
464 4087 653 4168 statuit,qui
663 4085 770 4150 voluit
782 4085 846 4167 ipsi
857 4086 929 4167 ipse
939 4093 1217 4168 praeesse:atquc

121 4185 196 4250 adeo
211 4189 345 4271 propria
362 4197 415 4252 est
432 4187 612 4264 Ecclesiae,
628 4185 764 4269 perlecti
782 4185 954 4267 divinique
971 4183 1090 4265 operis,
1106 4193 1143 4248 ut
1159 4183 1215 4265 qui

120 4301 227 4355 contra
243 4313 317 4358 eam
335 4291 461 4356 iaciant
477 4291 676 4368 libertatem,
703 4290 805 4354 iidem
830 4297 948 4352 contra
965 4287 1075 4350 Deum
1093 4286 1217 4351 iaciant

124 4403 152 4456 et
167 4406 280 4462 contra
295 4396 452 4462 officium.
470 4429 512 4442 -
528 4395 628 4478 Quod
646 4395 735 4459 enirn
753 4393 846 4472 alias,
862 4405 923 4456 nec
940 4391 1041 4455 semel
1059 4390 1217 4467 diximus,

150 4527 220 4576 neri
235 4531 336 4578 morus
352 4531 422 4579 xm.
1091 4526 1136 4570 111.
1151 4542 1211 4585 -3.
1305 4499 1308 4504 ’
