<?xml version="1.0" encoding="UTF-8"?>
<!DOCTYPE html PUBLIC "-//W3C//DTD XHTML 1.0 Transitional//EN"
    "http://www.w3.org/TR/xhtml1/DTD/xhtml1-transitional.dtd">
<html xmlns="http://www.w3.org/1999/xhtml" xml:lang="en" lang="en">
 <head>
  <title>
</title>
<meta http-equiv="Content-Type" content="text/html;charset=utf-8" />
  <meta name='ocr-system' content='tesseract 3.04.00' />
  <meta name='ocr-capabilities' content='ocr_page ocr_carea ocr_par ocr_line ocrx_word'/>
</head>
<body>
  <div class='ocr_page' id='page_1' title='image "./sanctissimidomi03xiiigoog_0625.png"; bbox 0 0 3140 4866; ppageno 0'>
   <div class='ocr_carea' id='block_1_1' title="bbox 414 361 1402 443">
    <p class='ocr_par' dir='ltr' id='par_1_1' title="bbox 414 361 1402 443">
     <span class='ocr_line' id='line_1_1' title="bbox 414 361 1402 443; baseline 0.001 -15"><span class='ocrx_word' id='word_1_1' title='bbox 414 361 488 430; x_wconf 88' lang='lat'><strong>260</strong></span> <span class='ocrx_word' id='word_1_2' title='bbox 515 375 695 430; x_wconf 74' lang='lat' dir='ltr'><strong>smsronn</strong></span> <span class='ocrx_word' id='word_1_3' title='bbox 715 365 737 396; x_wconf 90' lang='grc'>“</span> <span class='ocrx_word' id='word_1_4' title='bbox 751 375 959 430; x_wconf 75' lang='lat' dir='ltr'><strong>sruoussm</strong></span> <span class='ocrx_word' id='word_1_5' title='bbox 980 375 1062 427; x_wconf 81' lang='lat' dir='ltr'><strong>cunr</strong></span> <span class='ocrx_word' id='word_1_6' title='bbox 1081 375 1372 429; x_wconf 76' lang='lat' dir='ltr'><strong>ssuuvosuurn</strong></span> <span class='ocrx_word' id='word_1_7' title='bbox 1386 415 1402 443; x_wconf 92' lang='grc'><strong>,,</strong></span> 
     </span>
    </p>
   </div>
   <div class='ocr_carea' id='block_1_2' title="bbox 410 549 1476 828">
    <p class='ocr_par' dir='ltr' id='par_1_2' title="bbox 410 549 1476 828">
     <span class='ocr_line' id='line_1_2' title="bbox 410 549 1476 642; baseline -0.005 -19"><span class='ocrx_word' id='word_1_8' title='bbox 410 565 566 642; x_wconf 83' lang='lat' dir='ltr'><strong>oportere</strong></span> <span class='ocrx_word' id='word_1_9' title='bbox 580 553 825 620; x_wconf 85' lang='lat' dir='ltr'><strong>ecclesiasticae</strong></span> <span class='ocrx_word' id='word_1_10' title='bbox 842 549 1036 617; x_wconf 76' lang='lat' dir='ltr'><strong>auctoritati</strong></span> <span class='ocrx_word' id='word_1_11' title='bbox 1049 571 1058 629; x_wconf 87' lang='lat'><strong>;</strong></span> <span class='ocrx_word' id='word_1_12' title='bbox 1082 551 1246 635; x_wconf 86' lang='lat' dir='ltr'><strong>siquidem</strong></span> <span class='ocrx_word' id='word_1_13' title='bbox 1259 553 1408 618; x_wconf 79' lang='lat' dir='ltr'><strong>excelluit</strong></span> <span class='ocrx_word' id='word_1_14' title='bbox 1419 574 1476 620; x_wconf 82' lang='lat' dir='ltr'><strong>sem</strong></span> 
     </span>
     <span class='ocr_line' id='line_1_3' title="bbox 411 653 1476 746; baseline -0.001 -22"><span class='ocrx_word' id='word_1_15' title='bbox 411 679 472 746; x_wconf 89' lang='lat' dir='ltr'><strong>per</strong></span> <span class='ocrx_word' id='word_1_16' title='bbox 500 659 643 726; x_wconf 85' lang='lat' dir='ltr'><strong>societas</strong></span> <span class='ocrx_word' id='word_1_17' title='bbox 672 667 784 723; x_wconf 86' lang='lat' dir='ltr'><strong>vestra</strong></span> <span class='ocrx_word' id='word_1_18' title='bbox 813 653 1009 722; x_wconf 79' lang='lat' dir='ltr'><strong>obedientia</strong></span> <span class='ocrx_word' id='word_1_19' title='bbox 1040 663 1076 720; x_wconf 90' lang='lat' dir='ltr'><strong>et</strong></span> <span class='ocrx_word' id='word_1_20' title='bbox 1100 655 1263 741; x_wconf 88' lang='lat' dir='ltr'><strong>obsequio</strong></span> <span class='ocrx_word' id='word_1_21' title='bbox 1292 659 1327 722; x_wconf 92' lang='lat' dir='ltr'><strong>in</strong></span> <span class='ocrx_word' id='word_1_22' title='bbox 1351 677 1476 723; x_wconf 84' lang='lat' dir='ltr'><strong>sauorm</strong></span> 
     </span>
     <span class='ocr_line' id='line_1_4' title="bbox 412 761 603 828; baseline 0 0"><span class='ocrx_word' id='word_1_23' title='bbox 412 761 603 828; x_wconf 85' lang='lat' dir='ltr'><strong>Antistites.</strong></span> 
     </span>
    </p>
   </div>
   <div class='ocr_carea' id='block_1_3' title="bbox 308 861 1477 951">
    <p class='ocr_par' dir='ltr' id='par_1_3' title="bbox 308 861 1477 951">
     <span class='ocr_line' id='line_1_5' title="bbox 308 861 1477 951; baseline -0.009 -13"><span class='ocrx_word' id='word_1_24' title='bbox 308 891 388 938; x_wconf 66' lang='lat' dir='ltr'><strong>rurs</strong></span> <span class='ocrx_word' id='word_1_25' title='bbox 457 865 660 951; x_wconf 88' lang='lat' dir='ltr'><strong>Principium</strong></span> <span class='ocrx_word' id='word_1_26' title='bbox 687 864 841 944; x_wconf 90' lang='lat' dir='ltr'><strong>alterum,</strong></span> <span class='ocrx_word' id='word_1_27' title='bbox 855 881 924 948; x_wconf 95' lang='lat' dir='ltr'><strong>quo</strong></span> <span class='ocrx_word' id='word_1_28' title='bbox 941 861 1148 928; x_wconf 87' lang='lat' dir='ltr'><strong>diversarum</strong></span> <span class='ocrx_word' id='word_1_29' title='bbox 1172 863 1369 930; x_wconf 80' lang='lat' dir='ltr'><strong>societatum</strong></span> <span class='ocrx_word' id='word_1_30' title='bbox 1383 875 1477 930; x_wconf 84' lang='lat' dir='ltr'><strong>mutuas</strong></span> 
     </span>
    </p>
   </div>
   <div class='ocr_carea' id='block_1_4' title="bbox 233 951 1477 1056">
    <p class='ocr_par' dir='ltr' id='par_1_4' title="bbox 233 951 1477 1056">
     <span class='ocr_line' id='line_1_6' title="bbox 233 951 1477 1056; baseline -0.006 -18"><span class='ocrx_word' id='word_1_31' title='bbox 233 951 382 1056; x_wconf 49' lang='lat' dir='ltr'><strong>{3222ss</strong></span> <span class='ocrx_word' id='word_1_32' title='bbox 412 970 558 1036; x_wconf 85' lang='lat' dir='ltr'><strong>rationes</strong></span> <span class='ocrx_word' id='word_1_33' title='bbox 580 971 651 1054; x_wconf 83' lang='lat' dir='ltr'><strong>regi</strong></span> <span class='ocrx_word' id='word_1_34' title='bbox 666 977 811 1053; x_wconf 85' lang='lat' dir='ltr'><strong>oportet,</strong></span> <span class='ocrx_word' id='word_1_35' title='bbox 826 977 860 1032; x_wconf 88' lang='lat' dir='ltr'><strong>et</strong></span> <span class='ocrx_word' id='word_1_36' title='bbox 876 985 944 1050; x_wconf 93' lang='lat' dir='ltr'><strong>quo</strong></span> <span class='ocrx_word' id='word_1_37' title='bbox 969 965 1068 1050; x_wconf 84' lang='lat' dir='ltr'><strong>quasi</strong></span> <span class='ocrx_word' id='word_1_38' title='bbox 1095 985 1186 1032; x_wconf 89' lang='lat' dir='ltr'><strong>nexu</strong></span> <span class='ocrx_word' id='word_1_39' title='bbox 1202 967 1406 1034; x_wconf 86' lang='lat' dir='ltr'><strong>nobilissimo</strong></span> <span class='ocrx_word' id='word_1_40' title='bbox 1416 969 1477 1051; x_wconf 82' lang='lat' dir='ltr'><strong>iungi</strong></span> 
     </span>
    </p>
   </div>
   <div class='ocr_carea' id='block_1_5' title="bbox 228 1071 1477 1190">
    <p class='ocr_par' dir='ltr' id='par_1_5' title="bbox 228 1071 1477 1190">
     <span class='ocr_line' id='line_1_7' title="bbox 228 1071 1477 1190; baseline 0.002 -55"><span class='ocrx_word' id='word_1_41' title='bbox 228 1072 388 1190; x_wconf 42' lang='lat' dir='ltr'><strong>xm&amp;</strong></span> <span class='ocrx_word' id='word_1_42' title='bbox 411 1073 513 1140; x_wconf 90' lang='lat' dir='ltr'><strong>debet</strong></span> <span class='ocrx_word' id='word_1_43' title='bbox 539 1083 655 1140; x_wconf 89' lang='lat' dir='ltr'><strong>coetus</strong></span> <span class='ocrx_word' id='word_1_44' title='bbox 669 1082 779 1138; x_wconf 87' lang='lat' dir='ltr'><strong>vester</strong></span> <span class='ocrx_word' id='word_1_45' title='bbox 805 1091 881 1136; x_wconf 89' lang='lat' dir='ltr'><strong>curn</strong></span> <span class='ocrx_word' id='word_1_46' title='bbox 899 1071 1061 1136; x_wconf 87' lang='lat' dir='ltr'><strong>societate</strong></span> <span class='ocrx_word' id='word_1_47' title='bbox 1087 1081 1319 1138; x_wconf 83' lang='lat' dir='ltr'><strong>conventuum</strong></span> <span class='ocrx_word' id='word_1_48' title='bbox 1334 1081 1366 1139; x_wconf 89' lang='lat' dir='ltr'><strong>et</strong></span> <span class='ocrx_word' id='word_1_49' title='bbox 1379 1074 1477 1138; x_wconf 77' lang='lat' dir='ltr'><strong>comin-</strong></span> 
     </span>
    </p>
   </div>
   <div class='ocr_carea' id='block_1_6' title="bbox 235 1174 1481 1676">
    <p class='ocr_par' dir='ltr' id='par_1_6' title="bbox 235 1174 1481 1676">
     <span class='ocr_line' id='line_1_8' title="bbox 235 1174 1478 1259; baseline -0.002 -16"><span class='ocrx_word' id='word_1_50' title='bbox 235 1185 377 1236; x_wconf 71' lang='lat' dir='ltr'><strong>duatr&#39;om&#39;s·</strong></span> <span class='ocrx_word' id='word_1_51' title='bbox 411 1185 508 1244; x_wconf 88' lang='lat' dir='ltr'><strong>tuum</strong></span> <span class='ocrx_word' id='word_1_52' title='bbox 535 1177 786 1254; x_wconf 83' lang='lat' dir='ltr'><strong>catholicorum,</strong></span> <span class='ocrx_word' id='word_1_53' title='bbox 811 1183 945 1240; x_wconf 82' lang='lat' dir='ltr'><strong>constat</strong></span> <span class='ocrx_word' id='word_1_54' title='bbox 974 1174 1134 1258; x_wconf 82' lang='lat' dir='ltr'><strong>vigetque</strong></span> <span class='ocrx_word' id='word_1_55' title='bbox 1162 1194 1181 1238; x_wconf 94' lang='lat' dir='ltr'><strong>e</strong></span> <span class='ocrx_word' id='word_1_56' title='bbox 1215 1176 1338 1259; x_wconf 89' lang='lat' dir='ltr'><strong>spiritu</strong></span> <span class='ocrx_word' id='word_1_57' title='bbox 1372 1175 1478 1241; x_wconf 80' lang='lat' dir='ltr'><strong>sincenr</strong></span> 
     </span>
     <span class='ocr_line' id='line_1_9' title="bbox 411 1279 1478 1365; baseline -0.002 -19"><span class='ocrx_word' id='word_1_58' title='bbox 411 1281 600 1347; x_wconf 83' lang='lat' dir='ltr'><strong>dilectionis</strong></span> <span class='ocrx_word' id='word_1_59' title='bbox 630 1289 665 1346; x_wconf 94' lang='lat' dir='ltr'><strong>et</strong></span> <span class='ocrx_word' id='word_1_60' title='bbox 691 1279 857 1345; x_wconf 77' lang='lat' dir='ltr'><strong>fraternae</strong></span> <span class='ocrx_word' id='word_1_61' title='bbox 888 1279 1142 1345; x_wconf 79' lang='lat' dir='ltr'><strong>communitatis</strong></span> <span class='ocrx_word' id='word_1_62' title='bbox 1171 1279 1205 1344; x_wconf 93' lang='lat' dir='ltr'><strong>in</strong></span> <span class='ocrx_word' id='word_1_63' title='bbox 1236 1279 1338 1345; x_wconf 89' lang='lat' dir='ltr'><strong>bonis</strong></span> <span class='ocrx_word' id='word_1_64' title='bbox 1366 1283 1478 1365; x_wconf 85' lang='lat' dir='ltr'><strong>openbu</strong></span> 
     </span>
     <span class='ocr_line' id='line_1_10' title="bbox 412 1383 1480 1469; baseline 0 -19"><span class='ocrx_word' id='word_1_65' title='bbox 412 1385 561 1469; x_wconf 79' lang='lat' dir='ltr'><strong>agendis,</strong></span> <span class='ocrx_word' id='word_1_66' title='bbox 592 1405 638 1450; x_wconf 87' lang='lat' dir='ltr'><strong>ex</strong></span> <span class='ocrx_word' id='word_1_67' title='bbox 661 1404 729 1468; x_wconf 91' lang='lat' dir='ltr'><strong>qua</strong></span> <span class='ocrx_word' id='word_1_68' title='bbox 757 1383 884 1448; x_wconf 88' lang='lat' dir='ltr'><strong>iructus</strong></span> <span class='ocrx_word' id='word_1_69' title='bbox 906 1383 1076 1466; x_wconf 88' lang='lat' dir='ltr'><strong>prodeunt</strong></span> <span class='ocrx_word' id='word_1_70' title='bbox 1108 1383 1300 1449; x_wconf 82' lang='lat' dir='ltr'><strong>suavissimi</strong></span> <span class='ocrx_word' id='word_1_71' title='bbox 1327 1388 1480 1450; x_wconf 78' lang='lat' dir='ltr'><strong>concordiae</strong></span> 
     </span>
     <span class='ocr_line' id='line_1_11' title="bbox 411 1486 1480 1572; baseline 0 -20"><span class='ocrx_word' id='word_1_72' title='bbox 411 1497 446 1552; x_wconf 90' lang='lat' dir='ltr'><strong>et</strong></span> <span class='ocrx_word' id='word_1_73' title='bbox 468 1487 614 1554; x_wconf 89' lang='lat' dir='ltr'><strong>unitatis.</strong></span> <span class='ocrx_word' id='word_1_74' title='bbox 631 1486 781 1572; x_wconf 83' lang='lat' dir='ltr'><strong>Flagitat</strong></span> <span class='ocrx_word' id='word_1_75' title='bbox 806 1487 859 1551; x_wconf 91' lang='lat' dir='ltr'><strong>hic</strong></span> <span class='ocrx_word' id='word_1_76' title='bbox 887 1487 1024 1570; x_wconf 88' lang='lat' dir='ltr'><strong>spiritus</strong></span> <span class='ocrx_word' id='word_1_77' title='bbox 1047 1505 1129 1570; x_wconf 82' lang='lat' dir='ltr'><strong>pree</strong></span> <span class='ocrx_word' id='word_1_78' title='bbox 1152 1487 1271 1570; x_wconf 89' lang='lat' dir='ltr'><strong>primis</strong></span> <span class='ocrx_word' id='word_1_79' title='bbox 1297 1497 1335 1554; x_wconf 89' lang='lat' dir='ltr'><strong>nt</strong></span> <span class='ocrx_word' id='word_1_80' title='bbox 1358 1489 1389 1552; x_wconf 85' lang='lat' dir='ltr'><strong>ln</strong></span> <span class='ocrx_word' id='word_1_81' title='bbox 1409 1489 1438 1552; x_wconf 88' lang='lat' dir='ltr'><strong>iis</strong></span> <span class='ocrx_word' id='word_1_82' title='bbox 1451 1489 1480 1552; x_wconf 87' lang='lat' dir='ltr'><strong>in·</strong></span> 
     </span>
     <span class='ocr_line' id='line_1_12' title="bbox 411 1589 1481 1676; baseline 0.007 -21"><span class='ocrx_word' id='word_1_83' title='bbox 411 1589 527 1673; x_wconf 89' lang='lat' dir='ltr'><strong>ceptis,</strong></span> <span class='ocrx_word' id='word_1_84' title='bbox 542 1609 629 1674; x_wconf 85' lang='lat' dir='ltr'><strong>quae</strong></span> <span class='ocrx_word' id='word_1_85' title='bbox 643 1591 739 1676; x_wconf 84' lang='lat' dir='ltr'><strong>quasi</strong></span> <span class='ocrx_word' id='word_1_86' title='bbox 764 1610 825 1655; x_wconf 89' lang='lat' dir='ltr'><strong>suo</strong></span> <span class='ocrx_word' id='word_1_87' title='bbox 851 1590 921 1655; x_wconf 87' lang='lat' dir='ltr'><strong>iure</strong></span> <span class='ocrx_word' id='word_1_88' title='bbox 950 1591 1074 1656; x_wconf 88' lang='lat' dir='ltr'><strong>adserit</strong></span> <span class='ocrx_word' id='word_1_89' title='bbox 1098 1589 1161 1654; x_wconf 89' lang='lat' dir='ltr'><strong>sibi</strong></span> <span class='ocrx_word' id='word_1_90' title='bbox 1177 1592 1353 1674; x_wconf 86' lang='lat' dir='ltr'><strong>praedicta</strong></span> <span class='ocrx_word' id='word_1_91' title='bbox 1373 1593 1481 1662; x_wconf 72' lang='lat' dir='ltr'><strong>sociem</strong></span> 
     </span>
    </p>
   </div>
   <div class='ocr_carea' id='block_1_7' title="bbox 261 1691 1482 1796">
    <p class='ocr_par' dir='ltr' id='par_1_7' title="bbox 261 1691 1482 1796">
     <span class='ocr_line' id='line_1_13' title="bbox 261 1691 1482 1796; baseline 0 -38"><span class='ocrx_word' id='word_1_92' title='bbox 261 1749 386 1796; x_wconf 39' lang='lat' dir='ltr'><em>Hiemi„</em></span> <span class='ocrx_word' id='word_1_93' title='bbox 412 1691 521 1758; x_wconf 89' lang='lat' dir='ltr'><strong>eidem</strong></span> <span class='ocrx_word' id='word_1_94' title='bbox 537 1693 680 1759; x_wconf 88' lang='lat' dir='ltr'><strong>amicam</strong></span> <span class='ocrx_word' id='word_1_95' title='bbox 704 1715 806 1778; x_wconf 88' lang='lat' dir='ltr'><strong>quam</strong></span> <span class='ocrx_word' id='word_1_96' title='bbox 824 1695 1014 1778; x_wconf 83' lang='lat' dir='ltr'><strong>poposcerit</strong></span> <span class='ocrx_word' id='word_1_97' title='bbox 1044 1713 1145 1778; x_wconf 92' lang='lat' dir='ltr'><strong>opem</strong></span> <span class='ocrx_word' id='word_1_98' title='bbox 1170 1694 1316 1778; x_wconf 83' lang='lat' dir='ltr'><strong>impigre</strong></span> <span class='ocrx_word' id='word_1_99' title='bbox 1338 1696 1482 1781; x_wconf 76' lang='lat' dir='ltr'><strong>praebetis</strong></span> 
     </span>
    </p>
   </div>
   <div class='ocr_carea' id='block_1_8' title="bbox 235 1797 1483 1989">
    <p class='ocr_par' dir='ltr' id='par_1_8' title="bbox 235 1797 1483 1989">
     <span class='ocr_line' id='line_1_14' title="bbox 235 1797 1483 1884; baseline 0.005 -28"><span class='ocrx_word' id='word_1_100' title='bbox 235 1810 338 1878; x_wconf 60' lang='lat' dir='ltr'><strong>spirens</strong></span> <span class='ocrx_word' id='word_1_101' title='bbox 412 1817 473 1880; x_wconf 93' lang='lat' dir='ltr'><strong>pro</strong></span> <span class='ocrx_word' id='word_1_102' title='bbox 497 1797 630 1864; x_wconf 90' lang='lat' dir='ltr'><strong>viribus.</strong></span> <span class='ocrx_word' id='word_1_103' title='bbox 655 1797 769 1882; x_wconf 88' lang='lat' dir='ltr'><strong>Quum</strong></span> <span class='ocrx_word' id='word_1_104' title='bbox 796 1800 885 1864; x_wconf 90' lang='lat' dir='ltr'><strong>enim</strong></span> <span class='ocrx_word' id='word_1_105' title='bbox 915 1817 982 1863; x_wconf 91' lang='lat' dir='ltr'><strong>non</strong></span> <span class='ocrx_word' id='word_1_106' title='bbox 1010 1807 1130 1882; x_wconf 84' lang='lat' dir='ltr'><strong>agatur</strong></span> <span class='ocrx_word' id='word_1_107' title='bbox 1153 1800 1197 1863; x_wconf 89' lang='lat' dir='ltr'><strong>de</strong></span> <span class='ocrx_word' id='word_1_108' title='bbox 1224 1799 1308 1866; x_wconf 87' lang='lat' dir='ltr'><strong>viris</strong></span> <span class='ocrx_word' id='word_1_109' title='bbox 1332 1821 1410 1884; x_wconf 89' lang='lat' dir='ltr'><strong>quos</strong></span> <span class='ocrx_word' id='word_1_110' title='bbox 1428 1803 1483 1864; x_wconf 86' lang='lat' dir='ltr'><strong>inter</strong></span> 
     </span>
     <span class='ocr_line' id='line_1_15' title="bbox 236 1875 1482 1989; baseline -0.002 -23"><span class='ocrx_word' id='word_1_111' title='bbox 236 1875 388 1974; x_wconf 46' lang='lat' dir='ltr'><strong>mxu</strong></span> <span class='ocrx_word' id='word_1_112' title='bbox 411 1901 571 1968; x_wconf 89' lang='lat' dir='ltr'><strong>iudicium</strong></span> <span class='ocrx_word' id='word_1_113' title='bbox 588 1901 632 1967; x_wconf 92' lang='lat' dir='ltr'><strong>sit</strong></span> <span class='ocrx_word' id='word_1_114' title='bbox 647 1911 721 1968; x_wconf 89' lang='lat' dir='ltr'><strong>uter</strong></span> <span class='ocrx_word' id='word_1_115' title='bbox 735 1904 832 1968; x_wconf 90' lang='lat' dir='ltr'><strong>alteri</strong></span> <span class='ocrx_word' id='word_1_116' title='bbox 849 1911 1008 1986; x_wconf 87' lang='lat' dir='ltr'><strong>praestat,</strong></span> <span class='ocrx_word' id='word_1_117' title='bbox 1030 1903 1088 1967; x_wconf 91' lang='lat' dir='ltr'><strong>sed</strong></span> <span class='ocrx_word' id='word_1_118' title='bbox 1106 1902 1149 1968; x_wconf 90' lang='lat' dir='ltr'><strong>de</strong></span> <span class='ocrx_word' id='word_1_119' title='bbox 1165 1902 1329 1987; x_wconf 81' lang='lat' dir='ltr'><strong>religione</strong></span> <span class='ocrx_word' id='word_1_120' title='bbox 1343 1923 1422 1989; x_wconf 85' lang='lat' dir='ltr'><strong>quae</strong></span> <span class='ocrx_word' id='word_1_121' title='bbox 1432 1921 1482 1967; x_wconf 86' lang='lat' dir='ltr'><strong>cun·</strong></span> 
     </span>
    </p>
   </div>
   <div class='ocr_carea' id='block_1_9' title="bbox 236 1987 1483 2092">
    <p class='ocr_par' dir='ltr' id='par_1_9' title="bbox 236 1987 1483 2092">
     <span class='ocr_line' id='line_1_16' title="bbox 236 1987 1483 2092; baseline -0.003 -17"><span class='ocrx_word' id='word_1_122' title='bbox 236 1995 299 2092; x_wconf 55' lang='lat'><strong>{2¹1⁸</strong></span> <span class='ocrx_word' id='word_1_123' title='bbox 324 1987 389 2092; x_wconf 54' lang='grc' dir='ltr'>Ἥ</span> <span class='ocrx_word' id='word_1_124' title='bbox 412 2005 476 2072; x_wconf 89' lang='lat' dir='ltr'><strong>ctis</strong></span> <span class='ocrx_word' id='word_1_125' title='bbox 499 2009 615 2086; x_wconf 88' lang='lat' dir='ltr'><strong>anteit,</strong></span> <span class='ocrx_word' id='word_1_126' title='bbox 642 2007 779 2090; x_wconf 87' lang='lat' dir='ltr'><strong>eiusque</strong></span> <span class='ocrx_word' id='word_1_127' title='bbox 806 2008 1000 2085; x_wconf 89' lang='lat' dir='ltr'><strong>rationibus,</strong></span> <span class='ocrx_word' id='word_1_128' title='bbox 1030 2007 1134 2091; x_wconf 91' lang='lat' dir='ltr'><strong>probe</strong></span> <span class='ocrx_word' id='word_1_129' title='bbox 1158 2007 1350 2092; x_wconf 84' lang='lat' dir='ltr'><strong>intelligitis</strong></span> <span class='ocrx_word' id='word_1_130' title='bbox 1374 2010 1419 2073; x_wconf 88' lang='lat' dir='ltr'><strong>ius</strong></span> <span class='ocrx_word' id='word_1_131' title='bbox 1439 2025 1483 2071; x_wconf 78' lang='lat' dir='ltr'><strong>esse</strong></span> 
     </span>
    </p>
   </div>
   <div class='ocr_carea' id='block_1_10' title="bbox 229 2111 1482 2226">
    <p class='ocr_par' dir='ltr' id='par_1_10' title="bbox 229 2111 1482 2226">
     <span class='ocr_line' id='line_1_17' title="bbox 229 2111 1482 2226; baseline 0.016 -64"><span class='ocrx_word' id='word_1_132' title='bbox 229 2119 388 2226; x_wconf 46' lang='lat' dir='ltr'><strong>leam</strong></span> <span class='ocrx_word' id='word_1_133' title='bbox 412 2111 500 2186; x_wconf 86' lang='lat' dir='ltr'><strong>viris,</strong></span> <span class='ocrx_word' id='word_1_134' title='bbox 524 2111 582 2193; x_wconf 91' lang='lat' dir='ltr'><strong>qui</strong></span> <span class='ocrx_word' id='word_1_135' title='bbox 606 2111 687 2175; x_wconf 89' lang='lat' dir='ltr'><strong>istas</strong></span> <span class='ocrx_word' id='word_1_136' title='bbox 709 2120 855 2189; x_wconf 90' lang='lat' dir='ltr'><strong>tuentur,</strong></span> <span class='ocrx_word' id='word_1_137' title='bbox 880 2112 1073 2195; x_wconf 90' lang='lat' dir='ltr'><strong>poscendae</strong></span> <span class='ocrx_word' id='word_1_138' title='bbox 1101 2111 1175 2194; x_wconf 91' lang='lat' dir='ltr'><strong>opis</strong></span> <span class='ocrx_word' id='word_1_139' title='bbox 1197 2121 1341 2191; x_wconf 87' lang='lat' dir='ltr'><strong>vestrae,</strong></span> <span class='ocrx_word' id='word_1_140' title='bbox 1361 2111 1482 2192; x_wconf 69' lang='lat' dir='ltr'><strong>vobisute</strong></span> 
     </span>
    </p>
   </div>
   <div class='ocr_carea' id='block_1_11' title="bbox 233 2213 1484 2402">
    <p class='ocr_par' dir='ltr' id='par_1_11' title="bbox 233 2213 1484 2402">
     <span class='ocr_line' id='line_1_18' title="bbox 239 2213 1483 2298; baseline 0.003 -22"><span class='ocrx_word' id='word_1_141' title='bbox 239 2225 318 2270; x_wconf 80' lang='lat' dir='ltr'><strong>niores</strong></span> <span class='ocrx_word' id='word_1_142' title='bbox 341 2283 346 2294; x_wconf 57' lang='grc'>,</span> <span class='ocrx_word' id='word_1_143' title='bbox 416 2221 556 2278; x_wconf 75' lang='lat' dir='ltr'><strong>estesse</strong></span> <span class='ocrx_word' id='word_1_144' title='bbox 571 2223 725 2298; x_wconf 89' lang='lat' dir='ltr'><strong>oportere</strong></span> <span class='ocrx_word' id='word_1_145' title='bbox 740 2214 768 2277; x_wconf 91' lang='lat' dir='ltr'><strong>si</strong></span> <span class='ocrx_word' id='word_1_146' title='bbox 784 2213 817 2278; x_wconf 91' lang='lat' dir='ltr'><strong>in</strong></span> <span class='ocrx_word' id='word_1_147' title='bbox 834 2223 965 2298; x_wconf 87' lang='lat' dir='ltr'><strong>partem</strong></span> <span class='ocrx_word' id='word_1_148' title='bbox 983 2215 1093 2298; x_wconf 90' lang='lat' dir='ltr'><strong>operis</strong></span> <span class='ocrx_word' id='word_1_149' title='bbox 1116 2215 1233 2279; x_wconf 90' lang='lat' dir='ltr'><strong>eximii</strong></span> <span class='ocrx_word' id='word_1_150' title='bbox 1249 2223 1364 2281; x_wconf 88' lang='lat' dir='ltr'><strong>vestra</strong></span> <span class='ocrx_word' id='word_1_151' title='bbox 1386 2225 1483 2280; x_wconf 75' lang='lat' dir='ltr'><strong>vocetur</strong></span> 
     </span>
     <span class='ocr_line' id='line_1_19' title="bbox 233 2289 1484 2402; baseline -0.002 -21"><span class='ocrx_word' id='word_1_152' title='bbox 233 2289 371 2390; x_wconf 49' lang='lat' dir='ltr'><strong>{mid</strong></span> <span class='ocrx_word' id='word_1_153' title='bbox 415 2325 517 2394; x_wconf 86' lang='lat' dir='ltr'><strong>aetas,</strong></span> <span class='ocrx_word' id='word_1_154' title='bbox 541 2297 743 2400; x_wconf 85' lang='lat' dir='ltr'><strong>quicumque</strong></span> <span class='ocrx_word' id='word_1_155' title='bbox 763 2319 901 2382; x_wconf 84' lang='lat' dir='ltr'><strong>tandem</strong></span> <span class='ocrx_word' id='word_1_156' title='bbox 925 2317 1020 2382; x_wconf 90' lang='lat' dir='ltr'><strong>locus</strong></span> <span class='ocrx_word' id='word_1_157' title='bbox 1046 2318 1183 2382; x_wconf 89' lang='lat' dir='ltr'><strong>honoris</strong></span> <span class='ocrx_word' id='word_1_158' title='bbox 1211 2318 1253 2382; x_wconf 89' lang='lat' dir='ltr'><strong>sit</strong></span> <span class='ocrx_word' id='word_1_159' title='bbox 1276 2319 1338 2402; x_wconf 92' lang='lat' dir='ltr'><strong>qui</strong></span> <span class='ocrx_word' id='word_1_160' title='bbox 1360 2318 1484 2383; x_wconf 80' lang='lat' dir='ltr'><strong>tribuatur</strong></span> 
     </span>
    </p>
   </div>
   <div class='ocr_carea' id='block_1_12' title="bbox 233 2407 1485 2620">
    <p class='ocr_par' dir='ltr' id='par_1_12' title="bbox 233 2407 1485 2620">
     <span class='ocr_line' id='line_1_20' title="bbox 233 2407 1483 2488; baseline -0.009 0"><span class='ocrx_word' id='word_1_161' title='bbox 233 2407 356 2462; x_wconf 74' lang='lat' dir='ltr'><strong>prestent,</strong></span> <span class='ocrx_word' id='word_1_162' title='bbox 416 2420 592 2488; x_wconf 88' lang='lat' dir='ltr'><strong>alterutris.</strong></span> <span class='ocrx_word' id='word_1_163' title='bbox 606 2458 650 2470; x_wconf 92' lang='grc'><strong>-</strong></span> <span class='ocrx_word' id='word_1_164' title='bbox 665 2421 840 2486; x_wconf 89' lang='lat' dir='ltr'><strong>Praeterea</strong></span> <span class='ocrx_word' id='word_1_165' title='bbox 866 2421 921 2487; x_wconf 91' lang='lat' dir='ltr'><strong>hic</strong></span> <span class='ocrx_word' id='word_1_166' title='bbox 952 2422 1042 2486; x_wconf 90' lang='lat' dir='ltr'><strong>idem</strong></span> <span class='ocrx_word' id='word_1_167' title='bbox 1074 2421 1240 2486; x_wconf 78' lang='lat' dir='ltr'><strong>fraternae</strong></span> <span class='ocrx_word' id='word_1_168' title='bbox 1269 2417 1483 2487; x_wconf 84' lang='lat' dir='ltr'><strong>communitatis</strong></span> 
     </span>
     <span class='ocr_line' id='line_1_21' title="bbox 253 2523 1485 2620; baseline -0.007 -28"><span class='ocrx_word' id='word_1_169' title='bbox 253 2561 391 2620; x_wconf 53' lang='grc' dir='ltr'><strong>ΜΗ,</strong></span> <span class='ocrx_word' id='word_1_170' title='bbox 416 2525 552 2608; x_wconf 84' lang='lat' dir='ltr'><strong>spiritus</strong></span> <span class='ocrx_word' id='word_1_171' title='bbox 595 2545 616 2590; x_wconf 91' lang='lat' dir='ltr'><strong>a</strong></span> <span class='ocrx_word' id='word_1_172' title='bbox 660 2523 754 2590; x_wconf 91' lang='lat' dir='ltr'><strong>vobls</strong></span> <span class='ocrx_word' id='word_1_173' title='bbox 795 2523 935 2609; x_wconf 83' lang='lat' dir='ltr'><strong>flagitat,</strong></span> <span class='ocrx_word' id='word_1_174' title='bbox 980 2535 1017 2590; x_wconf 93' lang='lat' dir='ltr'><strong>ut</strong></span> <span class='ocrx_word' id='word_1_175' title='bbox 1055 2524 1270 2609; x_wconf 87' lang='lat' dir='ltr'><strong>perpendatis</strong></span> <span class='ocrx_word' id='word_1_176' title='bbox 1318 2535 1485 2610; x_wconf 79' lang='lat' dir='ltr'><strong>quantopere</strong></span> 
     </span>
    </p>
   </div>
   <div class='ocr_carea' id='block_1_13' title="bbox 232 2621 1484 2738">
    <p class='ocr_par' dir='ltr' id='par_1_13' title="bbox 232 2621 1484 2738">
     <span class='ocr_line' id='line_1_22' title="bbox 232 2621 1484 2738; baseline -0.002 -47"><span class='ocrx_word' id='word_1_177' title='bbox 232 2621 390 2738; x_wconf 49' lang='lat' dir='ltr'><strong>ww</strong></span> <span class='ocrx_word' id='word_1_178' title='bbox 417 2627 547 2693; x_wconf 87' lang='lat' dir='ltr'><strong>intersit</strong></span> <span class='ocrx_word' id='word_1_179' title='bbox 572 2630 760 2694; x_wconf 91' lang='lat' dir='ltr'><strong>communis</strong></span> <span class='ocrx_word' id='word_1_180' title='bbox 793 2648 930 2694; x_wconf 88' lang='lat' dir='ltr'><strong>caussae</strong></span> <span class='ocrx_word' id='word_1_181' title='bbox 961 2638 999 2694; x_wconf 92' lang='lat' dir='ltr'><strong>ut</strong></span> <span class='ocrx_word' id='word_1_182' title='bbox 1029 2637 1109 2712; x_wconf 84' lang='lat' dir='ltr'><strong>apte</strong></span> <span class='ocrx_word' id='word_1_183' title='bbox 1146 2629 1356 2694; x_wconf 89' lang='lat' dir='ltr'><strong>instruantur</strong></span> <span class='ocrx_word' id='word_1_184' title='bbox 1387 2627 1484 2692; x_wconf 80' lang='lat' dir='ltr'><strong>iuvenes</strong></span> 
     </span>
    </p>
   </div>
   <div class='ocr_carea' id='block_1_14' title="bbox 238 2732 1484 2922">
    <p class='ocr_par' dir='ltr' id='par_1_14' title="bbox 238 2732 1484 2922">
     <span class='ocr_line' id='line_1_23' title="bbox 238 2732 1484 2858; baseline 0.002 -62"><span class='ocrx_word' id='word_1_185' title='bbox 238 2739 390 2858; x_wconf 49' lang='lat' dir='ltr'><strong>mi*</strong></span> <span class='ocrx_word' id='word_1_186' title='bbox 417 2732 460 2796; x_wconf 94' lang='lat' dir='ltr'><strong>ad</strong></span> <span class='ocrx_word' id='word_1_187' title='bbox 487 2751 527 2795; x_wconf 93' lang='lat' dir='ltr'><strong>ea</strong></span> <span class='ocrx_word' id='word_1_188' title='bbox 553 2733 736 2798; x_wconf 88' lang='lat' dir='ltr'><strong>certamina</strong></span> <span class='ocrx_word' id='word_1_189' title='bbox 762 2741 798 2797; x_wconf 91' lang='lat' dir='ltr'><strong>et</strong></span> <span class='ocrx_word' id='word_1_190' title='bbox 822 2733 956 2817; x_wconf 77' lang='lat' dir='ltr'><strong>egregia</strong></span> <span class='ocrx_word' id='word_1_191' title='bbox 981 2733 1130 2797; x_wconf 79' lang='lat' dir='ltr'><strong>facinora</strong></span> <span class='ocrx_word' id='word_1_192' title='bbox 1153 2751 1240 2816; x_wconf 90' lang='lat' dir='ltr'><strong>quae</strong></span> <span class='ocrx_word' id='word_1_193' title='bbox 1264 2733 1409 2799; x_wconf 89' lang='lat' dir='ltr'><strong>virorum</strong></span> <span class='ocrx_word' id='word_1_194' title='bbox 1428 2737 1484 2798; x_wconf 78' lang='lat' dir='ltr'><strong>sunt</strong></span> 
     </span>
     <span class='ocr_line' id='line_1_24' title="bbox 240 2829 1484 2922; baseline -0.011 -18"><span class='ocrx_word' id='word_1_195' title='bbox 240 2857 390 2912; x_wconf 50' lang='lat' dir='ltr'><strong>mutuem-</strong></span> <span class='ocrx_word' id='word_1_196' title='bbox 416 2844 518 2918; x_wconf 89' lang='lat' dir='ltr'><strong>atque</strong></span> <span class='ocrx_word' id='word_1_197' title='bbox 544 2835 592 2900; x_wconf 89' lang='lat' dir='ltr'><strong>ita</strong></span> <span class='ocrx_word' id='word_1_198' title='bbox 616 2836 649 2898; x_wconf 92' lang='lat' dir='ltr'><strong>in</strong></span> <span class='ocrx_word' id='word_1_199' title='bbox 674 2845 772 2900; x_wconf 89' lang='lat' dir='ltr'><strong>coetu</strong></span> <span class='ocrx_word' id='word_1_200' title='bbox 796 2845 908 2900; x_wconf 88' lang='lat' dir='ltr'><strong>vestro</strong></span> <span class='ocrx_word' id='word_1_201' title='bbox 932 2835 1028 2920; x_wconf 89' lang='lat' dir='ltr'><strong>quasi</strong></span> <span class='ocrx_word' id='word_1_202' title='bbox 1053 2835 1087 2900; x_wconf 91' lang='lat' dir='ltr'><strong>in</strong></span> <span class='ocrx_word' id='word_1_203' title='bbox 1114 2835 1260 2919; x_wconf 85' lang='lat' dir='ltr'><strong>palestra</strong></span> <span class='ocrx_word' id='word_1_204' title='bbox 1283 2846 1322 2902; x_wconf 91' lang='lat' dir='ltr'><strong>et</strong></span> <span class='ocrx_word' id='word_1_205' title='bbox 1347 2829 1484 2922; x_wconf 84' lang='lat' dir='ltr'><strong>gymnasio</strong></span> 
     </span>
    </p>
   </div>
   <div class='ocr_carea' id='block_1_15' title="bbox 239 2931 1488 3955">
    <p class='ocr_par' dir='ltr' id='par_1_15' title="bbox 239 2931 1488 3955">
     <span class='ocr_line' id='line_1_25' title="bbox 239 2931 1486 3036; baseline -0.006 -30"><span class='ocrx_word' id='word_1_206' title='bbox 239 2931 331 3029; x_wconf 58' lang='grc' dir='ltr'><strong>ζῖᾗζῗζ</strong></span> <span class='ocrx_word' id='word_1_207' title='bbox 348 2931 391 3036; x_wconf 61' lang='lat' dir='ltr'><strong>,fss&#39;</strong></span> <span class='ocrx_word' id='word_1_208' title='bbox 416 2946 576 3024; x_wconf 83' lang='lat' dir='ltr'><strong>parentur</strong></span> <span class='ocrx_word' id='word_1_209' title='bbox 600 2938 724 3004; x_wconf 89' lang='lat' dir='ltr'><strong>Christi</strong></span> <span class='ocrx_word' id='word_1_210' title='bbox 750 2938 882 3017; x_wconf 86' lang='lat' dir='ltr'><strong>milites,</strong></span> <span class='ocrx_word' id='word_1_211' title='bbox 898 2940 955 3022; x_wconf 94' lang='lat' dir='ltr'><strong>qui</strong></span> <span class='ocrx_word' id='word_1_212' title='bbox 979 2937 1160 3023; x_wconf 82' lang='lat' dir='ltr'><strong>suppleant</strong></span> <span class='ocrx_word' id='word_1_213' title='bbox 1183 2937 1320 3004; x_wconf 88' lang='lat' dir='ltr'><strong>ordines</strong></span> <span class='ocrx_word' id='word_1_214' title='bbox 1337 2939 1423 3021; x_wconf 89' lang='lat' dir='ltr'><strong>queis</strong></span> <span class='ocrx_word' id='word_1_215' title='bbox 1435 2951 1486 2998; x_wconf 84' lang='lat' dir='ltr'><strong>cou-</strong></span> 
     </span>
     <span class='ocr_line' id='line_1_26' title="bbox 239 3040 1486 3141; baseline -0.004 -32"><span class='ocrx_word' id='word_1_216' title='bbox 239 3040 391 3141; x_wconf 42' lang='lat'><strong>2‘225‘24</strong></span> <span class='ocrx_word' id='word_1_217' title='bbox 417 3052 484 3109; x_wconf 87' lang='lat' dir='ltr'><strong>stat</strong></span> <span class='ocrx_word' id='word_1_218' title='bbox 511 3061 596 3126; x_wconf 89' lang='lat' dir='ltr'><strong>opus</strong></span> <span class='ocrx_word' id='word_1_219' title='bbox 626 3049 852 3108; x_wconf 88' lang='lat' dir='ltr'><strong>conventuum</strong></span> <span class='ocrx_word' id='word_1_220' title='bbox 882 3051 917 3108; x_wconf 90' lang='lat' dir='ltr'><strong>et</strong></span> <span class='ocrx_word' id='word_1_221' title='bbox 947 3043 1179 3120; x_wconf 87' lang='lat' dir='ltr'><strong>comitatuum,</strong></span> <span class='ocrx_word' id='word_1_222' title='bbox 1205 3044 1296 3128; x_wconf 92' lang='lat' dir='ltr'><strong>quod</strong></span> <span class='ocrx_word' id='word_1_223' title='bbox 1329 3043 1486 3126; x_wconf 74' lang='lat' dir='ltr'><strong>langueat</strong></span> 
     </span>
     <span class='ocr_line' id='line_1_27' title="bbox 241 3108 1486 3231; baseline -0.007 -17"><span class='ocrx_word' id='word_1_224' title='bbox 241 3108 293 3225; x_wconf 54' lang='lat' dir='ltr'><strong>tiis</strong></span> <span class='ocrx_word' id='word_1_225' title='bbox 321 3129 392 3200; x_wconf 64' lang='lat' dir='ltr'><strong>iate·</strong></span> <span class='ocrx_word' id='word_1_226' title='bbox 417 3153 559 3231; x_wconf 83' lang='lat' dir='ltr'><strong>oportet,</strong></span> <span class='ocrx_word' id='word_1_227' title='bbox 589 3147 652 3210; x_wconf 93' lang='lat' dir='ltr'><strong>nisi</strong></span> <span class='ocrx_word' id='word_1_228' title='bbox 683 3147 867 3212; x_wconf 90' lang='lat' dir='ltr'><strong>identidem</strong></span> <span class='ocrx_word' id='word_1_229' title='bbox 892 3147 988 3212; x_wconf 88' lang='lat' dir='ltr'><strong>novis</strong></span> <span class='ocrx_word' id='word_1_230' title='bbox 1014 3154 1220 3212; x_wconf 87' lang='lat' dir='ltr'><strong>sustentetur</strong></span> <span class='ocrx_word' id='word_1_231' title='bbox 1247 3148 1356 3231; x_wconf 90' lang='lat' dir='ltr'><strong>copiis</strong></span> <span class='ocrx_word' id='word_1_232' title='bbox 1381 3166 1422 3210; x_wconf 79' lang='lat' dir='ltr'><strong>ex</strong></span> <span class='ocrx_word' id='word_1_233' title='bbox 1440 3139 1486 3205; x_wconf 80' lang='lat' dir='ltr'><strong>acie</strong></span> 
     </span>
     <span class='ocr_line' id='line_1_28' title="bbox 241 3229 1487 3338; baseline -0.002 -23"><span class='ocrx_word' id='word_1_234' title='bbox 241 3229 274 3265; x_wconf 61' lang='lat'><strong>&#39;⁶</strong></span> <span class='ocrx_word' id='word_1_235' title='bbox 417 3259 529 3315; x_wconf 90' lang='lat' dir='ltr'><strong>vestra</strong></span> <span class='ocrx_word' id='word_1_236' title='bbox 551 3251 716 3334; x_wconf 85' lang='lat' dir='ltr'><strong>proiectis.</strong></span> <span class='ocrx_word' id='word_1_237' title='bbox 744 3251 935 3338; x_wconf 90' lang='lat' dir='ltr'><strong>Eapropter</strong></span> <span class='ocrx_word' id='word_1_238' title='bbox 959 3271 978 3315; x_wconf 94' lang='lat' dir='ltr'><strong>e</strong></span> <span class='ocrx_word' id='word_1_239' title='bbox 1002 3271 1037 3316; x_wconf 92' lang='lat' dir='ltr'><strong>re</strong></span> <span class='ocrx_word' id='word_1_240' title='bbox 1062 3251 1231 3316; x_wconf 86' lang='lat' dir='ltr'><strong>societatis</strong></span> <span class='ocrx_word' id='word_1_241' title='bbox 1255 3252 1423 3334; x_wconf 88' lang='lat' dir='ltr'><strong>utriusque</strong></span> <span class='ocrx_word' id='word_1_242' title='bbox 1440 3259 1487 3312; x_wconf 76' lang='lat' dir='ltr'><strong>esse</strong></span> 
     </span>
     <span class='ocr_line' id='line_1_29' title="bbox 417 3353 1487 3439; baseline -0.006 -19"><span class='ocrx_word' id='word_1_243' title='bbox 417 3374 592 3420; x_wconf 86' lang='lat' dir='ltr'><strong>censemus</strong></span> <span class='ocrx_word' id='word_1_244' title='bbox 613 3364 646 3421; x_wconf 90' lang='lat' dir='ltr'><strong>et</strong></span> <span class='ocrx_word' id='word_1_245' title='bbox 671 3356 887 3420; x_wconf 88' lang='lat' dir='ltr'><strong>vehementer</strong></span> <span class='ocrx_word' id='word_1_246' title='bbox 906 3365 1074 3439; x_wconf 85' lang='lat' dir='ltr'><strong>optamus,</strong></span> <span class='ocrx_word' id='word_1_247' title='bbox 1099 3364 1137 3420; x_wconf 87' lang='lat' dir='ltr'><strong>ut</strong></span> <span class='ocrx_word' id='word_1_248' title='bbox 1160 3355 1293 3421; x_wconf 89' lang='lat' dir='ltr'><strong>sodales</strong></span> <span class='ocrx_word' id='word_1_249' title='bbox 1309 3375 1355 3420; x_wconf 88' lang='lat' dir='ltr'><strong>ex</strong></span> <span class='ocrx_word' id='word_1_250' title='bbox 1371 3353 1487 3418; x_wconf 84' lang='lat' dir='ltr'><strong>instituto</strong></span> 
     </span>
     <span class='ocr_line' id='line_1_30' title="bbox 416 3447 1487 3542; baseline -0.011 -17"><span class='ocrx_word' id='word_1_251' title='bbox 416 3470 528 3525; x_wconf 91' lang='lat' dir='ltr'><strong>vestro</strong></span> <span class='ocrx_word' id='word_1_252' title='bbox 543 3459 725 3525; x_wconf 89' lang='lat' dir='ltr'><strong>iuventutis</strong></span> <span class='ocrx_word' id='word_1_253' title='bbox 741 3479 847 3523; x_wconf 88' lang='lat' dir='ltr'><strong>annos</strong></span> <span class='ocrx_word' id='word_1_254' title='bbox 863 3459 987 3542; x_wconf 83' lang='lat' dir='ltr'><strong>egressi</strong></span> <span class='ocrx_word' id='word_1_255' title='bbox 1001 3459 1162 3524; x_wconf 89' lang='lat' dir='ltr'><strong>continuo</strong></span> <span class='ocrx_word' id='word_1_256' title='bbox 1177 3460 1260 3524; x_wconf 88' lang='lat' dir='ltr'><strong>dent</strong></span> <span class='ocrx_word' id='word_1_257' title='bbox 1275 3459 1410 3525; x_wconf 89' lang='lat' dir='ltr'><strong>nomina</strong></span> <span class='ocrx_word' id='word_1_258' title='bbox 1422 3447 1487 3519; x_wconf 81' lang='lat' dir='ltr'><strong>elteri</strong></span> 
     </span>
     <span class='ocr_line' id='line_1_31' title="bbox 418 3560 1487 3647; baseline -0.001 -21"><span class='ocrx_word' id='word_1_259' title='bbox 418 3582 518 3647; x_wconf 90' lang='lat' dir='ltr'><strong>quem</strong></span> <span class='ocrx_word' id='word_1_260' title='bbox 545 3563 696 3628; x_wconf 86' lang='lat' dir='ltr'><strong>diximus</strong></span> <span class='ocrx_word' id='word_1_261' title='bbox 721 3563 841 3640; x_wconf 89' lang='lat' dir='ltr'><strong>coetui,</strong></span> <span class='ocrx_word' id='word_1_262' title='bbox 865 3583 885 3626; x_wconf 87' lang='lat' dir='ltr'><strong>a</strong></span> <span class='ocrx_word' id='word_1_263' title='bbox 912 3581 981 3646; x_wconf 92' lang='lat' dir='ltr'><strong>quo</strong></span> <span class='ocrx_word' id='word_1_264' title='bbox 1008 3562 1220 3646; x_wconf 86' lang='lat' dir='ltr'><strong>perlubenter</strong></span> <span class='ocrx_word' id='word_1_265' title='bbox 1246 3560 1382 3646; x_wconf 87' lang='lat' dir='ltr'><strong>excepti</strong></span> <span class='ocrx_word' id='word_1_266' title='bbox 1406 3571 1487 3644; x_wconf 71' lang='lat' dir='ltr'><strong>parem</strong></span> 
     </span>
     <span class='ocr_line' id='line_1_32' title="bbox 418 3665 1429 3751; baseline -0.002 -21"><span class='ocrx_word' id='word_1_267' title='bbox 418 3665 569 3750; x_wconf 87' lang='lat' dir='ltr'><strong>proiecto</strong></span> <span class='ocrx_word' id='word_1_268' title='bbox 585 3667 691 3732; x_wconf 90' lang='lat' dir='ltr'><strong>vicem</strong></span> <span class='ocrx_word' id='word_1_269' title='bbox 707 3666 962 3731; x_wconf 88' lang='lat' dir='ltr'><strong>benevolentiae</strong></span> <span class='ocrx_word' id='word_1_270' title='bbox 979 3667 1133 3750; x_wconf 85' lang='lat' dir='ltr'><strong>gratique</strong></span> <span class='ocrx_word' id='word_1_271' title='bbox 1148 3667 1252 3731; x_wconf 86' lang='lat' dir='ltr'><strong>animi</strong></span> <span class='ocrx_word' id='word_1_272' title='bbox 1268 3669 1429 3751; x_wconf 86' lang='lat' dir='ltr'><strong>recipient</strong></span> 
     </span>
     <span class='ocr_line' id='line_1_33' title="bbox 294 3769 1488 3854; baseline -0.006 -19"><span class='ocrx_word' id='word_1_273' title='bbox 294 3800 391 3848; x_wconf 49' lang='grc' dir='ltr'><strong>ρων,</strong></span> <span class='ocrx_word' id='word_1_274' title='bbox 463 3769 695 3840; x_wconf 89' lang='lat' dir='ltr'><strong>Concordibus</strong></span> <span class='ocrx_word' id='word_1_275' title='bbox 721 3771 834 3854; x_wconf 89' lang='lat' dir='ltr'><strong>itaque</strong></span> <span class='ocrx_word' id='word_1_276' title='bbox 860 3770 981 3836; x_wconf 90' lang='lat' dir='ltr'><strong>studiis</strong></span> <span class='ocrx_word' id='word_1_277' title='bbox 1005 3780 1039 3836; x_wconf 91' lang='lat' dir='ltr'><strong>et</strong></span> <span class='ocrx_word' id='word_1_278' title='bbox 1067 3771 1213 3836; x_wconf 78' lang='lat' dir='ltr'><strong>fraterno</strong></span> <span class='ocrx_word' id='word_1_279' title='bbox 1240 3771 1415 3854; x_wconf 88' lang='lat' dir='ltr'><strong>complexu</strong></span> <span class='ocrx_word' id='word_1_280' title='bbox 1436 3781 1488 3828; x_wconf 86' lang='lat' dir='ltr'><strong>con·</strong></span> 
     </span>
     <span class='ocr_line' id='line_1_34' title="bbox 239 3859 1488 3955; baseline -0.006 -17"><span class='ocrx_word' id='word_1_281' title='bbox 239 3859 309 3905; x_wconf 64' lang='lat'><strong>“⁶⁰¹&#39;&#39;</strong></span> <span class='ocrx_word' id='word_1_282' title='bbox 322 3865 394 3921; x_wconf 65' lang='lat' dir='ltr'><strong>“i“</strong></span> <span class='ocrx_word' id='word_1_283' title='bbox 419 3873 522 3940; x_wconf 90' lang='lat' dir='ltr'><strong>iuncti</strong></span> <span class='ocrx_word' id='word_1_284' title='bbox 547 3876 665 3940; x_wconf 90' lang='lat' dir='ltr'><strong>eadem</strong></span> <span class='ocrx_word' id='word_1_285' title='bbox 690 3875 879 3940; x_wconf 89' lang='lat' dir='ltr'><strong>adsuescite</strong></span> <span class='ocrx_word' id='word_1_286' title='bbox 905 3876 1030 3940; x_wconf 90' lang='lat' dir='ltr'><strong>sentire</strong></span> <span class='ocrx_word' id='word_1_287' title='bbox 1044 3894 1085 3939; x_wconf 86' lang='lat' dir='ltr'><strong>ac</strong></span> <span class='ocrx_word' id='word_1_288' title='bbox 1100 3874 1201 3955; x_wconf 87' lang='lat' dir='ltr'><strong>velle;</strong></span> <span class='ocrx_word' id='word_1_289' title='bbox 1220 3895 1281 3940; x_wconf 90' lang='lat' dir='ltr'><strong>nec</strong></span> <span class='ocrx_word' id='word_1_290' title='bbox 1297 3874 1366 3941; x_wconf 88' lang='lat' dir='ltr'><strong>ulla</strong></span> <span class='ocrx_word' id='word_1_291' title='bbox 1379 3874 1418 3937; x_wconf 93' lang='lat' dir='ltr'><strong>sit</strong></span> <span class='ocrx_word' id='word_1_292' title='bbox 1430 3871 1488 3933; x_wconf 80' lang='lat' dir='ltr'><strong>inte</strong></span> 
     </span>
    </p>
   </div>
   <div class='ocr_carea' id='block_1_16' title="bbox 231 3918 377 3977">
    <p class='ocr_par' dir='ltr' id='par_1_16' title="bbox 231 3918 377 3977">
     <span class='ocr_line' id='line_1_35' title="bbox 231 3918 377 3977; baseline 0.021 -14"><span class='ocrx_word' id='word_1_293' title='bbox 231 3918 377 3977; x_wconf 69' lang='lat' dir='ltr'><strong>fraternum</strong></span> 
     </span>
    </p>
   </div>
   <div class='ocr_carea' id='block_1_17' title="bbox 239 3979 1487 4084">
    <p class='ocr_par' dir='ltr' id='par_1_17' title="bbox 239 3979 1487 4084">
     <span class='ocr_line' id='line_1_36' title="bbox 239 3979 1487 4084; baseline -0.003 -41"><span class='ocrx_word' id='word_1_294' title='bbox 239 3981 386 4084; x_wconf 50' lang='lat' dir='ltr'><strong>§wrm</strong></span> <span class='ocrx_word' id='word_1_295' title='bbox 419 3989 597 4064; x_wconf 89' lang='lat' dir='ltr'><strong>utrumque</strong></span> <span class='ocrx_word' id='word_1_296' title='bbox 612 3989 745 4045; x_wconf 91' lang='lat' dir='ltr'><strong>coetum</strong></span> <span class='ocrx_word' id='word_1_297' title='bbox 761 3981 814 4044; x_wconf 88' lang='lat' dir='ltr'><strong>vel</strong></span> <span class='ocrx_word' id='word_1_298' title='bbox 831 3980 964 4045; x_wconf 87' lang='lat' dir='ltr'><strong>sodales</strong></span> <span class='ocrx_word' id='word_1_299' title='bbox 982 3979 1134 4064; x_wconf 84' lang='lat' dir='ltr'><strong>singulos</strong></span> <span class='ocrx_word' id='word_1_300' title='bbox 1150 3980 1324 4046; x_wconf 90' lang='lat' dir='ltr'><strong>contentio</strong></span> <span class='ocrx_word' id='word_1_301' title='bbox 1338 3989 1395 4044; x_wconf 92' lang='lat' dir='ltr'><strong>aut</strong></span> <span class='ocrx_word' id='word_1_302' title='bbox 1406 3988 1487 4040; x_wconf 73' lang='lat' dir='ltr'><strong>aenu-</strong></span> 
     </span>
    </p>
   </div>
   <div class='ocr_carea' id='block_1_18' title="bbox 234 4072 1486 4379">
    <p class='ocr_par' dir='ltr' id='par_1_18' title="bbox 234 4072 1486 4379">
     <span class='ocr_line' id='line_1_37' title="bbox 237 4072 1486 4168; baseline -0.001 -27"><span class='ocrx_word' id='word_1_303' title='bbox 237 4111 353 4143; x_wconf 68' lang='lat' dir='ltr'><strong>comn-</strong></span> <span class='ocrx_word' id='word_1_304' title='bbox 418 4083 507 4150; x_wconf 89' lang='lat' dir='ltr'><strong>latio.</strong></span> <span class='ocrx_word' id='word_1_305' title='bbox 525 4083 643 4151; x_wconf 89' lang='lat' dir='ltr'><strong>Unum</strong></span> <span class='ocrx_word' id='word_1_306' title='bbox 660 4092 732 4149; x_wconf 91' lang='lat' dir='ltr'><strong>esto</strong></span> <span class='ocrx_word' id='word_1_307' title='bbox 744 4084 830 4150; x_wconf 89' lang='lat' dir='ltr'><strong>inter</strong></span> <span class='ocrx_word' id='word_1_308' title='bbox 843 4105 903 4150; x_wconf 91' lang='lat' dir='ltr'><strong>vos</strong></span> <span class='ocrx_word' id='word_1_309' title='bbox 919 4083 1193 4150; x_wconf 87' lang='lat' dir='ltr'><strong>honestissimum</strong></span> <span class='ocrx_word' id='word_1_310' title='bbox 1206 4085 1408 4168; x_wconf 85' lang='lat' dir='ltr'><strong>dignumque</strong></span> <span class='ocrx_word' id='word_1_311' title='bbox 1419 4072 1486 4142; x_wconf 64' lang='lat' dir='ltr'><strong>vobi-⁶</strong></span> 
     </span>
     <span class='ocr_line' id='line_1_38' title="bbox 236 4155 1486 4262; baseline -0.011 -8"><span class='ocrx_word' id='word_1_312' title='bbox 236 4155 307 4259; x_wconf 60' lang='lat' dir='ltr'><strong>iii?</strong></span> <span class='ocrx_word' id='word_1_313' title='bbox 323 4158 391 4262; x_wconf 55' lang='lat' dir='ltr'><strong>{iiis</strong></span> <span class='ocrx_word' id='word_1_314' title='bbox 419 4195 588 4250; x_wconf 90' lang='lat' dir='ltr'><strong>certamen</strong></span> <span class='ocrx_word' id='word_1_315' title='bbox 607 4195 744 4251; x_wconf 89' lang='lat' dir='ltr'><strong>mutuae</strong></span> <span class='ocrx_word' id='word_1_316' title='bbox 759 4186 911 4251; x_wconf 86' lang='lat' dir='ltr'><strong>caritatis</strong></span> <span class='ocrx_word' id='word_1_317' title='bbox 926 4197 959 4252; x_wconf 91' lang='lat' dir='ltr'><strong>et</strong></span> <span class='ocrx_word' id='word_1_318' title='bbox 975 4185 1170 4252; x_wconf 85' lang='lat' dir='ltr'><strong>officiomm.</strong></span> <span class='ocrx_word' id='word_1_319' title='bbox 1194 4186 1272 4251; x_wconf 91' lang='lat' dir='ltr'><strong>Hoc</strong></span> <span class='ocrx_word' id='word_1_320' title='bbox 1295 4185 1403 4251; x_wconf 88' lang='lat' dir='ltr'><strong>fideles</strong></span> <span class='ocrx_word' id='word_1_321' title='bbox 1419 4179 1486 4244; x_wconf 81' lang='lat' dir='ltr'><strong>decet</strong></span> 
     </span>
     <span class='ocr_line' id='line_1_39' title="bbox 234 4273 1484 4379; baseline -0.007 -23"><span class='ocrx_word' id='word_1_322' title='bbox 234 4273 303 4379; x_wconf 50' lang='grc' dir='ltr'><strong>Ἇξξ</strong></span> <span class='ocrx_word' id='word_1_323' title='bbox 327 4275 390 4322; x_wconf 63' lang='lat' dir='ltr'><strong>im·</strong></span> <span class='ocrx_word' id='word_1_324' title='bbox 419 4289 564 4354; x_wconf 89' lang='lat' dir='ltr'><strong>asseclas</strong></span> <span class='ocrx_word' id='word_1_325' title='bbox 590 4288 714 4355; x_wconf 89' lang='lat' dir='ltr'><strong>Christi</strong></span> <span class='ocrx_word' id='word_1_326' title='bbox 738 4291 795 4374; x_wconf 90' lang='lat' dir='ltr'><strong>qui</strong></span> <span class='ocrx_word' id='word_1_327' title='bbox 820 4291 885 4356; x_wconf 91' lang='lat' dir='ltr'><strong>sub</strong></span> <span class='ocrx_word' id='word_1_328' title='bbox 907 4293 978 4356; x_wconf 91' lang='lat' dir='ltr'><strong>eius</strong></span> <span class='ocrx_word' id='word_1_329' title='bbox 1003 4291 1109 4376; x_wconf 86' lang='lat' dir='ltr'><strong>signis</strong></span> <span class='ocrx_word' id='word_1_330' title='bbox 1133 4289 1288 4356; x_wconf 85' lang='lat' dir='ltr'><strong>militiam</strong></span> <span class='ocrx_word' id='word_1_331' title='bbox 1313 4289 1441 4358; x_wconf 85' lang='lat' dir='ltr'><strong>iaciunt;</strong></span> <span class='ocrx_word' id='word_1_332' title='bbox 1460 4295 1484 4340; x_wconf 71' lang='lat'><strong>⁸³</strong></span> 
     </span>
    </p>
   </div>
   <div class='ocr_carea' id='block_1_19' title="bbox 420 4379 1484 4479">
    <p class='ocr_par' dir='ltr' id='par_1_19' title="bbox 420 4379 1484 4479">
     <span class='ocr_line' id='line_1_40' title="bbox 420 4379 1484 4479; baseline -0.002 -27"><span class='ocrx_word' id='word_1_333' title='bbox 420 4387 520 4455; x_wconf 88' lang='lat' dir='ltr'><strong>laude</strong></span> <span class='ocrx_word' id='word_1_334' title='bbox 534 4389 729 4456; x_wconf 89' lang='lat' dir='ltr'><strong>contendite</strong></span> <span class='ocrx_word' id='word_1_335' title='bbox 744 4392 910 4459; x_wconf 86' lang='lat' dir='ltr'><strong>excelleri.</strong></span> <span class='ocrx_word' id='word_1_336' title='bbox 928 4393 1068 4479; x_wconf 84' lang='lat' dir='ltr'><strong>Quodsi</strong></span> <span class='ocrx_word' id='word_1_337' title='bbox 1084 4393 1325 4478; x_wconf 88' lang='lat' dir='ltr'><strong>praestiteritis,</strong></span> <span class='ocrx_word' id='word_1_338' title='bbox 1340 4409 1399 4456; x_wconf 87' lang='lat' dir='ltr'><strong>non</strong></span> <span class='ocrx_word' id='word_1_339' title='bbox 1414 4379 1484 4450; x_wconf 85' lang='lat' dir='ltr'><strong>nod⁰</strong></span> 
     </span>
    </p>
   </div>
   <div class='ocr_carea' id='block_1_20' title="bbox 0 0 1588 4866">
    <p class='ocr_par' dir='ltr' id='par_1_20' title="bbox 0 0 1588 4866">
     <span class='ocr_line' id='line_1_41' title="bbox 0 0 1588 4866; baseline 0 0"><span class='ocrx_word' id='word_1_340' title='bbox 0 0 1588 4866; x_wconf 95' lang='lat' dir='ltr'><strong> </strong></span> 
     </span>
    </p>
   </div>
  </div>
 </body>
</html>
