3310 4868
379 656 1451 1032 {mammaemammal

254 1118 274 1164 3
381 1122 388 1131 ·
429 1124 435 1135 ’
697 1099 802 1184 probe
819 1098 927 1164 Nobis
943 1101 1114 1183 cognitum
1139 1114 1419 1189 perspectumque
1435 1109 1487 1186 sit,

277 1120 291 1150 I

230 1165 322 1262 srldd'
542 1223 689 1288 quarn
720 1204 847 1268 eximia
877 1205 968 1287 apud
999 1224 1118 1270 omnes
1143 1207 1302 1288 opinione
1318 1209 1351 1272 in
1375 1210 1485 1294 Impe-

541 1334 551 1369 ε
585 1310 634 1374 rio
660 1308 790 1372 Austro
817 1307 1014 1391 Hungarico
1040 1318 1076 1373 et
1102 1309 1135 1372 in
1162 1308 1344 1376 Germania
1370 1313 1487 1381 floreat

238 1376 350 1436 ‘'oviiset
425 1430 445 1449 ,.
463 1430 479 1449 ,,
546 1432 555 1459 ;.
584 1410 812 1495 Congregatio
829 1411 966 1478 Ordinis
983 1411 1015 1478 S.
1029 1412 1214 1492 Benedicti,
1229 1424 1263 1480 et
1274 1436 1376 1499 quam
1393 1439 1485 1501 egre-

208 1435 339 1540 Congrppa-
378 1440 397 1463 '³

310 1510 349 1540 eu·

195 1494 331 1600 'mm
375 1517 429 1600 gie
445 1518 487 1580 de
506 1515 665 1600 religione
682 1526 715 1580 et
732 1517 893 1594 Ecclesia,
909 1518 1108 1582 nominatim
1133 1518 1167 1582 in
1193 1519 1383 1586 civitatibus
1408 1524 1484 1589 Pra-

197 1613 224 1682 0:
256 1614 283 1660 S·
316 1615 345 1660 B·
375 1620 479 1704 gensi,
496 1620 714 1684 Beuroniensi
730 1631 765 1684 et
792 1621 985 1687 Secoviensi
1009 1623 1166 1686 meruerit
1182 1633 1216 1687 et
1232 1623 1264 1686 in
1282 1628 1484 1708 praesentia·

132 1705 138 1712 .
194 1685 288 1731 ejusque
307 1688 347 1718 ar·

193 1731 348 1838 dmm
374 1744 448 1789 rum
479 1733 616 1801 mereat,
643 1724 716 1789 Nos
740 1726 957 1790 annuendum
984 1727 1175 1791 censuimus
1205 1729 1368 1810 precibus,
1397 1751 1484 1814 quae

194 1865 251 1896 rum
283 1851 347 1921 Wor.
375 1827 483 1893 Nobis
507 1829 666 1893 admotae
693 1838 780 1908 sunt,
807 1839 844 1893 ut
866 1829 993 1896 dilecto
1023 1829 1092 1894 filio
1120 1831 1241 1896 Mauro
1265 1833 1396 1898 Wolter
1425 1835 1483 1919 qui

194 1913 347 2016 “{mmd
373 1931 583 2016 amplissimo
614 1953 750 1997 munere
780 1933 1021 1999 Archiabbatis
1056 1936 1167 1999 dictae
1203 1935 1484 2021 Congregationis

244 2029 293 2076 dai·
372 2035 608 2100 Beuroniensis
633 2037 760 2120 integre
776 2037 934 2117 fungitur,
948 2040 1082 2122 suisque
1105 2040 1138 2102 in
1156 2049 1327 2122 posterum
1354 2063 1482 2107 succes·

372 2141 502 2206 soribus
518 2141 702 2205 concedere
716 2141 856 2206 velimus
868 2142 1006 2227 Cappae
1023 2145 1169 2226 Magnae
1185 2144 1406 2227 privilegium,
1416 2165 1484 2229 quo

371 2244 439 2309 iarn
455 2263 500 2308 ex
516 2243 736 2328 Apostolicae
760 2246 857 2312 Sedis
874 2251 971 2313 venia
1001 2249 1195 2314 Solesmesii
1211 2249 1423 2315 Archiabbas
1446 2252 1480 2315 in
1535 2255 1537 2263 '

371 2346 482 2413 Gallia
500 2349 626 2415 fruitur.
645 2349 861 2435 Quapropter
876 2353 949 2416 Nos
966 2354 1049 2418 moti
1065 2354 1167 2417 etiam
1184 2351 1351 2436 suffragiis
1367 2355 1483 2419 catho-

370 2452 509 2517 licorum
537 2454 741 2520 Antistitum
770 2477 884 2520 earum
909 2458 1094 2540 regionum,
1121 2460 1178 2541 qui
1205 2458 1367 2542 singulari
1390 2480 1481 2524 com·

370 2558 587 2622 mendatione
603 2559 757 2623 eamdem
775 2560 1081 2644 congregationem
1098 2563 1293 2646 prosequuti
1309 2572 1397 2640 sunt,
1408 2583 1481 2628 orn-

369 2681 428 2725 nes
444 2670 479 2725 et
494 2661 645 2744 singulos
661 2664 782 2746 quibus
798 2665 945 2730 Nostrae
966 2666 1030 2730 hae
1047 2667 1176 2732 litterae
1192 2668 1306 2732 lavent
1322 2668 1480 2751 peculiari

368 2760 603 2825 benevolentia
628 2765 892 2846 complectentes
908 2776 941 2830 et
964 2786 984 2830 a
1010 2765 1183 2850 quibusvis
1205 2769 1480 2832 excommunica·

368 2863 480 2944 tionis,
495 2873 528 2927 et
544 2865 722 2945 interdicti,
737 2867 878 2952 aliisque
893 2869 1126 2934 ecclesiasticis
1142 2870 1289 2934 censuris
1304 2873 1480 2936 sententiis

368 2977 403 3033 et
418 2969 536 3051 poenis
552 2971 672 3052 quovis
689 2973 801 3051 modo,
827 2973 879 3037 vel
897 2975 1014 3056 quavis
1038 2974 1080 3038 de
1096 2994 1215 3038 caussa
1241 2974 1327 3053 latis,
1343 2975 1370 3038 si
1394 2994 1480 3057 quas

369 3073 454 3137 sorte
469 3073 675 3152 incurrerint,
690 3075 789 3141 huius
804 3087 937 3141 tantum
954 3077 1000 3140 rei
1019 3079 1127 3161 gratia
1143 3078 1357 3144 absolventes
1373 3089 1407 3143 et
1422 3080 1481 3143 ab·

368 3176 496 3241 solutos
512 3175 582 3241 sore
597 3190 781 3258 censentes,
798 3191 892 3244 motu
906 3182 1042 3264 proprio
1060 3191 1161 3271 atque
1173 3203 1218 3247 ex
1230 3191 1321 3247 certa
1333 3183 1481 3261 scientia,

225 3293 343 3363 areatas·
369 3288 404 3344 et
416 3289 546 3344 matura
556 3279 796 3370 deliberatione
809 3280 1063 3363 Nostra‚deque
1073 3281 1291 3364 Apostolicae
1303 3283 1482 3366 potestatis

191 3353 345 3458 miram&
371 3384 578 3467 plenitudine
593 3383 757 3462 volumus,
773 3395 875 3468 atque
890 3386 1111 3462 decernimus,
1126 3395 1162 3449 ut
1189 3387 1348 3467 deinceps
1364 3405 1481 3469 perpe·

192 3476 344 3590 {552⁸ssss
363 3488 436 3554 'tuis
452 3488 571 3553 futuris
587 3489 795 3570 temporibus
811 3489 1024 3553 Archiabbas
1040 3489 1276 3553 Beuroniensis
1288 3487 1481 3572 Congrege-

189 3603 344 3695 {amum
370 3588 471 3654 tionis
493 3588 630 3655 Ordinis
652 3587 685 3653 S.
706 3589 880 3653 Benedicti
904 3610 965 3672 pro
989 3599 1141 3672 tempore
1165 3591 1316 3654 existens
1343 3590 1481 3675 Cappae

296 3683 302 3696 ’
370 3693 527 3776 Magnae,
542 3693 681 3757 servatis
697 3693 879 3770 servandis,
894 3712 955 3756 usu
981 3691 1116 3758 fruatur.
1134 3693 1362 3760 Decernentes
1387 3715 1481 3778 prae-

370 3808 482 3862 sentes
499 3797 626 3861 litteras
643 3795 765 3874 firmas,
780 3797 909 3861 validas
925 3806 960 3861 et
975 3796 1126 3860 efficaces
1141 3817 1274 3880 semper
1289 3797 1435 3862 existere
1446 3805 1481 3860 et

370 3900 450 3980 sore,
466 3919 611 3983 suosque
626 3899 795 3983 plenarios
811 3910 845 3964 et
864 3901 1013 3985 integros
1034 3899 1173 3966 effectus
1198 3903 1309 3966 sortiri
1334 3910 1368 3965 et
1394 3900 1481 3964 obti-

370 4026 457 4083 nere,
473 4026 512 4069 ac
528 4003 593 4068 illis
609 4005 652 4069 ad
668 4025 754 4088 quos
779 4014 910 4089 spectat
936 4014 970 4070 et
995 4027 1057 4089 pro
1084 4016 1237 4089 ternpore
1263 4003 1430 4087 spectabit
1445 4003 1480 4067 in

368 4108 524 4174 omnibus
540 4120 574 4173 et
590 4129 649 4192 per
664 4109 778 4173 omnia
794 4109 987 4190 plenissime
1002 4109 1186 4193 suffragari,
1208 4119 1242 4173 et
1258 4110 1387 4172 irritum
1408 4127 1481 4171 esse

369 4224 402 4278 et
418 4214 518 4276 inane
533 4213 561 4276 si
584 4232 680 4276 secus
696 4233 795 4294 super
811 4211 862 4275 his
886 4233 906 4275 a
931 4234 1111 4296 quoquam,
1135 4214 1252 4296 quavis
1280 4213 1480 4277 auctoritate

369 4315 511 4378 scienter
526 4315 579 4378 vel
596 4316 789 4398 ignoranter
804 4317 980 4398 contigerit
996 4319 1164 4383 attentari.
1175 4316 1253 4380 Non
1264 4316 1478 4381 obstantibus

371 4417 676 4483 Constitutionibus
692 4427 725 4483 et
741 4419 1007 4484 ordinationibus
1023 4421 1240 4504 Apostolicis,
1254 4433 1297 4500 et,
1313 4431 1477 4506 quatenus
