3230 4874
147 409 197 457 DE
213 407 379 456 Misslont.
401 404 577 455 AFRICAN.
600 405 642 456 ST
646 405 705 454 IPE
727 393 908 458 COMMUNI
927 407 1122 462 IUVANDIS.
1162 415 1226 484 115

121 590 213 646 stant
228 599 354 663 graves,
372 579 405 642 in
422 577 544 660 quibus
560 597 739 658 versamur,
755 599 864 644 rerum
890 583 1075 664 angustiae,
1091 591 1133 662 te,
1160 587 1227 650 Ve-
1313 605 1343 640 20

121 685 279 750 nerabilis
292 684 418 760 Frater,
430 682 580 765 aliosque
596 703 764 747 sacrorum
782 683 963 750 Antistites
985 697 1018 752 et
1044 689 1228 755 catholicos
1260 652 1403 763 Norbffoiffl'

121 808 239 854 omnes
264 795 405 870 paterna
430 805 511 850 voce
530 785 783 868 compellamus,
806 796 840 850 et
867 787 1010 854 Vestrae
1045 811 1228 878 eorumque
1270 813 1405 884 asturibus

119 893 251 958 caritati
267 890 544 955 commendamus
557 909 642 972 opus
653 899 722 953 tam
734 901 886 955 sanctum
898 903 931 957 et
943 894 1227 962 salutare.0mnes
1253 874 1404 990 {ssssssffl

118 996 210 1062 enirn
242 994 421 1078 participes
452 993 523 1056 eius
546 1003 703 1075 optamus
735 992 815 1071 fieri,
845 996 970 1078 exigua
1001 996 1078 1062 licet
1105 999 1227 1064 collata
1252 991 1293 1038 aa.

120 1099 218 1182 stipe,
234 1109 271 1163 ut
295 1097 511 1180 dispartitum
527 1096 562 1160 in
586 1096 698 1179 plures
726 1117 811 1160 onus
827 1097 932 1163 levius
948 1102 1067 1184 cuique
1084 1104 1227 1170 toleratu

117 1205 172 1280 sit,
193 1212 295 1286 atque
315 1209 352 1264 ut
374 1202 407 1263 in
435 1219 553 1262 omnes
576 1197 768 1265 effundatur
788 1201 898 1282 gratia
927 1201 1060 1281 Christi,
1076 1205 1119 1269 de
1134 1207 1227 1270 cuius

117 1307 213 1390 regni
237 1304 508 1389 propugnatione
533 1302 653 1384 agitur,
669 1321 774 1384 eaque
790 1304 918 1369 cunctis
944 1325 1071 1388 pacem,
1094 1310 1225 1374 veniam

116 1419 342 1491 peccatorum,
359 1416 392 1470 et
409 1405 590 1470 lectissima
605 1425 759 1488 quaeque
775 1425 913 1471 munera
929 1410 1107 1490 impertiat.

164 1513 345 1594 Propterea
360 1511 605 1587 constituimus,
616 1519 653 1573 ut
669 1511 859 1592 quotannis,
871 1531 938 1594 qua
965 1514 1020 1577 die
1043 1515 1075 1578 in
1092 1515 1227 1598 quibus·
1265 1528 1403 1598 evulgatur

116 1636 186 1699 que
197 1615 278 1680 locis
290 1614 501 1698 Epiphaniae
518 1613 657 1677 Domini
673 1612 885 1678 celebrantur
902 1618 1070 1698 mysteria,
1086 1619 1120 1681 in
1151 1619 1227 1683 sub·
1253 1592 1404 1706 mibi&-

116 1719 242 1784 sidium
259 1718 435 1782 memorati
460 1717 570 1798 operis
602 1717 744 1799 pecunia
767 1717 864 1802 stipis
887 1720 992 1783 instar
1023 1730 1228 1803 corrogetur.
1256 1707 1304 1774 '²4'oe
1321 1707 1405 1752 ΟΜ·

1253 1780 1262 1808 1
1272 1779 1289 1815 2.

121 1825 222 1889 Hanc
238 1832 352 1887 autem
363 1821 547 1885 solemnem
564 1820 654 1884 diem
671 1841 751 1902 prae
767 1822 885 1885 ceteris
901 1824 1063 1906 elegimus
1079 1827 1169 1908 quia,
1180 1825 1227 1888 uti
1253 1780 1288 1869 {a
1301 1771 1405 1872 mm

123 1927 230 2012 probe
239 1925 406 2007 intelligis,
418 1923 629 1990 Venerabilis
646 1925 771 2002 Frater,
783 1945 822 1989 ea
839 1925 894 1989 die
911 1927 1015 1990 Filius
1032 1929 1097 1992 Dei
1114 1930 1227 2011 primi·
1246 1885 1331 1942 Μ’

117 2045 174 2097 tus
189 2052 261 2095 sese
277 2029 433 2111 gentibus
451 2027 608 2092 revelavit
624 2028 706 2090 dum
724 2028 836 2110 Magis
866 2031 1050 2096 videndum
1081 2053 1116 2096 se
1132 2053 1227 2115 prae-

118 2137 201 2212 buit,
233 2137 290 2218 qui
313 2133 391 2196 ideo
417 2153 437 2195 a
459 2131 492 2196 S.
522 2131 636 2194 Leone
668 2131 796 2213 Magno
811 2133 986 2198 decessore
1003 2135 1129 2201 Nostro
1145 2139 1227 2200 scite

122 2241 204 2306 dicti
221 2246 299 2302 sunt
314 2236 491 2300 vocationis
507 2245 635 2298 nostrae
641 2235 787 2317 fideique
793 2237 974 2317 primitiae.
993 2240 1113 2322 Itaque
1136 2241 1227 2305 bona

120 2365 181 2428 spe
198 2342 335 2406 nitimur
345 2341 426 2418 iore,
436 2349 473 2403 ut
485 2338 637 2404 Christus
655 2339 823 2402 Dominus
843 2352 1015 2422 permotus
1036 2345 1176 2408 caritate
1192 2356 1226 2409 et

119 2447 273 2532 precibus
289 2443 504 2525 filiorum,qui
521 2441 670 2506 veritatis
686 2441 794 2505 lucem
811 2443 1225 2526 acceperunt,revelationc

118 2548 304 2614 divinitatis
327 2566 407 2611 suae
430 2545 532 2610 etiam
558 2545 777 2609 miserrimam
801 2547 892 2610 illam
931 2546 1069 2612 humani
1093 2553 1224 2632 generis

115 2663 246 2738 partem
263 2653 414 2728 illustret,
437 2668 580 2732 eamque
603 2669 623 2712 a
646 2649 891 2731 superstitionis
914 2671 1020 2715 coeno
1043 2664 1077 2718 et
1093 2675 1222 2720 aerum·

115 2779 198 2824 nosa
221 2756 422 2831 conditione,
445 2755 478 2818 in
502 2773 569 2837 qua
592 2753 722 2818 tamdiu
746 2753 876 2818 abiecta
899 2765 933 2818 et
959 2756 1112 2838 neglecta
1128 2759 1223 2839 iacet,

117 2863 247 2946 eripiat.

157 2967 272 3032 Placet
287 2974 400 3028 autern
418 2963 535 3040 Nobis,
552 2971 588 3026 ut
604 2963 756 3044 pecunia,
772 2964 943 3045 praedicta
958 2965 1014 3029 die
1029 2965 1171 3032 collecta
1187 2969 1220 3032 in
1296 2999 1398 3044 pm„

110 3071 260 3138 ecclesiis
290 3078 324 3133 et
351 3066 481 3131 sacellis
508 3066 666 3130 subiectis
697 3065 916 3132 iurisdictioni
944 3077 1032 3146 tuae,
1074 3072 1219 3138 Romam
1248 3057 1374 3110 ''¹²¹“”‘²‘²’

111 3178 266 3240 mittatur
282 3173 324 3238 ad
341 3191 470 3236 sacrum
488 3169 675 3235 Consilium
692 3169 875 3258 christiano
891 3173 1018 3237 nomini
1032 3195 1219 3258 propagan.
1246 3121 1398 3222 blisifoibm

112 3282 167 3345 do.
183 3279 294 3344 Huius
310 3296 410 3360 porro
426 3295 547 3339 munus
570 3275 632 3338 erit
649 3275 816 3356 partiendi
833 3295 907 3340 earn
925 3281 1101 3360 pecuniam
1133 3282 1220 3346 inter
1245 3235 1385 3352 simiis

112 3383 287 3449 missiones
303 3400 390 3464 quae
401 3377 445 3442 ad
466 3378 637 3442 delendam
645 3378 858 3460 potissimum
872 3381 1062 3446 servitutem
1079 3384 1110 3446 in
1128 3385 1218 3448 Afri·
1244 3354 1282 3399 ὼ·

112 3507 172 3552 cae
187 3486 379 3570 regionibus
394 3492 515 3547 extant
530 3492 589 3547 aut
604 3483 841 3547 instituentur:
857 3485 951 3548 cuius
965 3486 1218 3567 partitionishic

114 3591 233 3656 modus
250 3587 1219 3671 erit,utpecuniaproiectaexnationibus,quaesuashabent

113 3693 295 3760 catholicas
313 3691 486 3754 missiones
503 3691 545 3754 ad
563 3690 782 3755 vindicandos
799 3691 832 3755 in
844 3691 1032 3756 libertatern
1044 3713 1165 3770 servos,
1182 3707 1219 3760 ut

113 3797 383 3872 memoravimus,
404 3793 475 3858 istis
507 3795 721 3858 missionibus
745 3797 975 3859 sustentandis
999 3797 1219 3881 iuvandisque

112 3901 297 3967 addicatur.
314 3897 493 3980 Reliquam
511 3917 592 3962 vero
615 3897 738 3982 stipem
764 3897 854 3960 idem
876 3916 1006 3961 sacrum
1025 3897 1220 3977 Consilium,

112 4004 167 4070 cui
183 4001 377 4067 earumdem
394 4000 590 4064 missionum
608 3999 824 4063 necessitates
837 4009 1027 4081 compertae
1046 4002 1220 4079 sunt,inter

114 4106 303 4192 egentiores
319 4102 475 4188 prudenti
489 4102 612 4165 iudicio
624 4102 797 4185 partietur.

161 4209 328 4294 Equidem
354 4225 420 4270 non
433 4205 645 4288 ambigimus,
662 4204 742 4288 quin
758 4211 839 4268 vota
863 4203 989 4268 Nostra
1005 4225 1066 4287 pro
1082 4205 1219 4272 infelici-

116 4317 180 4380 bus
193 4314 284 4378 Alris
301 4319 473 4394 concepta,
485 4310 630 4391 benigne
654 4309 803 4392 excipiat
817 4308 911 4374 dives
935 4311 968 4373 in
995 4312 1219 4378 misericordia

120 4421 224 4495 Deus,
239 4436 278 4481 ac
291 4413 552 4495 tu,Venerabilis
570 4411 695 4491 Frater,
712 4413 799 4478 ultro
814 4411 996 4478 collaturus
1011 4415 1056 4479 sis
1071 4415 1219 4481 studium
