3250 4876
173 419 224 470 DE
243 419 412 470 RATIONE
430 417 700 472 SCRIPTORIBUS
716 419 907 472 EPHEMER.
928 421 1140 474 SERVANDA.
1179 423 1224 494 41

122 595 292 680 religionis
305 596 446 660 obtentu
463 595 614 680 privatae
641 596 829 661 simultates
856 607 1084 676 exerceantur,
1099 597 1229 682 ingenti
1279 612 1383 701 ΛΤ.

122 721 196 766 cum
214 699 367 765 iactura
357 700 462 783 rpsius
477 700 646 784 religionis
674 711 707 767 et
732 701 890 779 caritatis,
905 721 1007 785 quam
1024 702 1176 786 Impense
1195 711 1229 766 et
1298 709 1364 768 189⁰

122 813 315 871 constanter
339 807 625 884 commendamus,
641 815 679 870 ut
703 826 820 870 omnes
848 806 880 870 in
898 806 1049 871 Domino
1072 807 1161 871 idem
1177 825 1229 872 sa·

123 909 217 993 piant
232 929 272 974 ac
287 909 401 975 velint.

165 1013 276 1092 Nosti,
291 1013 413 1078 dilecte
428 1012 474 1077 lili
477 1023 690 1096 ,opportune
705 1013 815 1096 parari
841 1015 883 1078 ad
901 1023 1029 1078 arctam
1045 1013 1133 1079 hanc
1148 1034 1229 1079 con·
1253 1024 1407 1143 smptmt

123 1124 327 1188 iunctionem
345 1123 523 1189 fovendam
540 1125 622 1208 (qua
639 1123 720 1188 nihil
745 1124 854 1190 Nobis
877 1135 929 1190 est
953 1125 1124 1210 antiquius
1147 1125 1229 1191 nihil
1255 1148 1405 1190 arconem

122 1230 254 1294 enixius
270 1232 499 1314 expetendum
512 1239 584 1296 tarn
597 1231 784 1294 necessario
795 1249 840 1294 rer
832 1229 1053 1294 'christianae
1062 1230 1227 1314 tempore)
1253 1262 1297 1307 hm
1253 1202 1406 1308 mim.

122 1334 362 1400 catholicorum
378 1335 523 1400 virorum
538 1333 702 1399 indictum
716 1333 1004 1416 Caesaraugustae
1016 1343 1228 1400 conventum.
1254 1322 1406 1450 mff'

123 1437 235 1520 Quare
265 1438 356 1503 haud
383 1439 586 1522 ambigimus
622 1437 702 1521 quin
739 1435 927 1520 ephemeris
957 1447 1016 1502 tua
1046 1438 1227 1520 plurimum
1250 1439 1362 1498 νηπίω

122 1563 243 1628 operae
258 1543 422 1609 collatura
439 1545 482 1608 sit
497 1562 566 1626 quo
583 1544 690 1625 magis
705 1545 833 1606 excitet
857 1541 1027 1607 studiosos
1052 1541 1103 1606 sui
1118 1562 1158 1606 ac
1183 1542 1229 1607 le·
1253 1499 1406 1618 lalmuodlll'i

122 1657 230 1712 ctores
245 1668 374 1726 omnes,
389 1657 427 1712 ut
451 1667 662 1730 quacumque
687 1646 801 1710 valent
825 1645 954 1710 ratione
980 1654 1014 1709 et
1030 1666 1095 1730 ope
1110 1645 1229 1711 studiis
1254 1621 1407 1724 l'ossmffl

123 1750 353 1815 obsecundent
370 1771 538 1816 sacrorum
555 1749 931 1833 Antistitum,qu1hurc
941 1751 1121 1816 conventui
1134 1771 1229 1834 prae·
1254 1741 1342 1797 Μ

125 1864 230 1932 erunt,
246 1875 316 1938 quo
331 1856 464 1939 plenius
479 1865 616 1938 optatos
632 1854 755 1919 habeat
770 1853 893 1917 exitus.

165 1959 241 2023 Hac
257 1957 333 2022 ireti
350 1957 471 2023 fiducia
489 1959 561 2036 tibi,
574 1959 697 2023 dilecte
723 1956 779 2034 lili,
795 1957 928 2040 tuisque
952 1957 1061 2036 sociis,
1077 1978 1137 2023 nec
1162 1979 1229 2024 non

124 2063 161 2126 iis
176 2063 234 2146 qui
263 2062 487 2145 ephemeridis
512 2071 590 2128 tuae
616 2062 756 2127 editioni
784 2061 1010 2145 subscripsere
1033 2070 1068 2126 et
1095 2062 1230 2148 reliquis

123 2165 273 2232 eiusdem
291 2166 471 2232 lectoribus
486 2167 721 2252 Apostolicam
732 2165 1001 2229 benedictionem
1018 2177 1231 2248 peramanter

124 2269 346 2351 impertimus.

166 2401 296 2466 Datum
322 2401 454 2466 Romae
476 2403 566 2486 apud
599 2401 633 2468 S.
665 2401 799 2465 Petrum
832 2397 886 2461 die
921 2410 956 2479 ις
987 2399 1101 2463 Martii
1140 2401 1231 2482 1890,

125 2505 343 2571 Pontificatus
361 2505 476 2570 Nostri
492 2525 583 2570 anno
597 2504 730 2568 decimo
746 2501 853 2566 tertio.

849 2691 945 2758 LEO
963 2693 1025 2756 ΡΡ.
1042 2691 1144 2756 XIII.

542 3441 809 3645 sape
