3310 4868
354 374 355 383 i
391 374 393 377 ·
429 372 430 377 ¹
503 374 504 377 ¹
986 374 987 379 ¹
1098 374 1100 383 t
1171 374 1173 379 ¹

282 401 288 409 x
309 391 327 409 Ι»
347 390 364 409 ,γ
394 400 404 407 ι’
432 398 441 407 ν
468 398 477 405 ιι
505 398 516 407 ν
543 397 553 407 B*
570 389 589 407 'h
608 392 624 407 't
645 390 659 407 'a
682 390 701 407 ,ν
719 387 739 406 'v
756 387 775 406 'b
792 387 808 406 'b
829 388 849 405 'u
867 387 887 406 ’ν
905 389 919 407 *x
942 388 956 407 ἰ
979 388 996 407 'tv
1017 390 1031 406 ΙΙ
1053 389 1072 407 ἰ·
1087 388 1110 407 ’,γ
1127 390 1143 405 ’Δ
1161 389 1179 405 ιί
1201 388 1221 407 'p
1239 388 1258 405 '11
1276 388 1296 405 lp
1317 382 1334 403 ’μ’

323 869 532 932 caurum
578 865 889 928 mnmcnnunr
926 866 1247 930 meramnum

518 1032 696 1092 mnam
730 1029 1064 1093 Tmauunrun.

1325 1220 1336 1243 ,,

419 1290 494 1358 UM
518 1289 614 1374 plura
639 1287 747 1351 Nobis
763 1286 806 1350 ad
834 1286 1099 1352 recordationem
1122 1289 1268 1358 iucunda
1294 1317 1339 1360 ex
1424 1334 1455 1368 10

440 1397 538 1461 rebus
549 1391 1063 1477 Belgicisinanimoinsederint‚
1074 1402 1147 1457 tum
1158 1398 1337 1482 praecipue
1396 1380 1487 1478 'ff

440 1499 713 1564 honestissimum
735 1495 888 1561 ordinem
913 1494 1000 1562 Cleri
1025 1497 1217 1563 meminisse
1242 1503 1339 1584 perli-
1388 1539 1514 1602 &lgm

441 1605 559 1668 benter
583 1601 738 1666 solemus.
753 1637 797 1650 -
820 1600 976 1683 Belgicos
1000 1601 1126 1684 quippe
1148 1605 1339 1669 sacerdotes
1364 1601 1514 1720 {urbm

232 1730 332 1774 nosse
346 1709 429 1773 olim
445 1729 465 1772 e
479 1705 670 1791 propinquo
685 1704 797 1768 licuit:
813 1705 1083 1787 spectandaeque
1098 1725 1215 1771 eorum
1239 1708 1337 1772 disci·
1364 1733 1411 1778 quo
1422 1723 1513 1771 notum,

272 1813 280 1826 .
489 1811 496 1826 .
633 1811 640 1824 .
695 1808 704 1823 ·
1089 1808 1097 1823 .
1380 1777 1495 1838 Ponnfex

233 1813 356 1897 plmae,
371 1811 549 1890 sollertiae,
573 1817 731 1886 caritatis,
755 1827 823 1871 non
848 1817 982 1891 tempus
1006 1808 1124 1886 Nobis,
1151 1830 1218 1874 non
1247 1809 1339 1875 locus
1366 1837 1437 1883 „aza
1456 1851 1516 1882 con-

232 1915 349 1982 detuit.
366 1916 582 1980 Permansere
597 1913 674 1977 illae
689 1911 825 1995 quidem
842 1911 874 1974 in
892 1913 939 1974 eis
951 1911 1099 1990 virtutes,
1126 1915 1341 1998 eaedemque,
1367 1897 1471 1944 ''ma“

233 2020 261 2083 si
278 2020 353 2083 Deo
365 2019 486 2104 placet,
501 2016 746 2102 permanebunt
762 2016 974 2098 perennes'ac
986 2025 1178 2099 perpetuae,
1190 2019 1340 2084 maxime

230 2125 323 2207 quod
340 2125 433 2188 omni
449 2143 528 2186 cura
543 2123 733 2203 studioque,
756 2120 804 2182 uti
819 2119 925 2201 probe
939 2121 1073 2198 scimus,
1088 2120 1122 2184 in
1136 2121 1340 2188 Clericorum

230 2228 412 2292 seminaria
429 2225 589 2310 Episcopi
606 2224 813 2300 incumbunt,
825 2222 971 2286 officium
988 2222 1117 2288 nullum
1133 2219 1342 2307 praetermit-

233 2341 305 2396 tere
334 2330 433 2407 soliti,
463 2339 500 2393 ut
527 2347 696 2392 sacrorum
723 2325 850 2391 alumni
876 2330 925 2404 ea,
952 2347 1019 2410 qua
1043 2348 1104 2410 par
1127 2339 1187 2407 est,
1213 2331 1342 2394 ratione

234 2435 459 2498 instituantur.
475 2464 519 2475 -
538 2430 766 2494 Nihilominus
791 2439 915 2506 tamen,
941 2430 1102 2512 quoniam
1129 2441 1341 2496 strenuorum

231 2537 447 2600 sacerdotum
464 2534 615 2618 quotidie
639 2542 691 2596 est
714 2533 948 2615 opportunitas
971 2533 1086 2612 maior,
1102 2535 1342 2618 vigilantiaque

231 2660 367 2704 summa
390 2639 557 2723 provideri
582 2646 725 2721 oportet,
750 2645 787 2699 ut
807 2637 1018 2700 continenter
1042 2657 1157 2702 eorum
1185 2658 1343 2704 numerus

232 2744 418 2808 iunioribus
434 2743 639 2827 suppleatur,
649 2743 773 2807 idcirco
789 2741 852 2805 hac
868 2741 901 2804 in
919 2743 1012 2806 read
1029 2744 1186 2825 providas
1203 2745 1343 2829 Episco·
1386 2742 1522 2802 Cuiusedu·

233 2868 354 2932 porum
380 2868 476 2912 curas
503 2845 657 2911 volumus
684 2846 810 2930 aliquid
841 2845 943 2910 etiam
971 2867 992 2910 a
1018 2847 1126 2912 Nobis
1157 2849 1343 2914 adiumenti
1369 2803 1521 2918 lllllrftall·

231 2952 416 3031 accedere;
443 2951 477 3014 in
505 2969 573 3036 quo
597 2948 696 3012 simul
721 2957 884 3032 appareat
914 2949 1167 3016 benevolentiae
1198 2951 1344 3017 Nostrae
1362 2922 1523 3042 ,2¹22ssssssss

232 3055 357 3118 veteris
383 3055 418 3118 in
445 3042 569 3136 Belgas
599 3053 768 3136 singulare
793 3054 1035 3119 testimonium.
1058 3093 1104 3106 -
1127 3055 1190 3122 Cui
1205 3057 1343 3139 quidem
1371 3043 1433 3088 Μ’·

233 3157 403 3222 voluntati
429 3158 575 3222 Nostrae
600 3155 823 3239 perficiendae
848 3157 1014 3240 optimum
1041 3169 1157 3242 patere
1181 3159 1292 3225 locu'm
1309 3161 1343 3226 in
1401 3217 1494 3264 mm

235 3261 392 3345 Collegio
404 3261 583 3344 Belgarum
612 3261 753 3326 Urbano
777 3282 961 3340 censemus,
976 3264 1019 3327 ad
1036 3265 1129 3328 cuius
1145 3265 1241 3329 initia
1257 3265 1343 3330 Nos·
1396 3277 1500 3337 Collega

235 3367 382 3449 metipsi,
397 3367 513 3449 utique
527 3385 604 3429 cum
618 3365 786 3447 legatione
802 3367 939 3448 Belgica
955 3365 1177 3450 fungeremur,
1193 3371 1345 3434 nonnihil
1373 3338 1522 3464 5721}ssssqu-

235 3471 440 3535 contulimus
467 3491 596 3552 operae.
617 3471 722 3552 quue
738 3490 819 3532 sane
840 3472 1035 3552 auspicato:
1051 3493 1129 3536 nam
1147 3473 1347 3557 Collegium,
1366 3455 1524 3574 's'sspf’ffiff

235 3576 281 3638 de
305 3594 373 3657 quo
394 3573 571 3656 loquimur,
596 3574 717 3656 dignos
741 3574 993 3638 existimatione
1017 3575 1193 3641 hominum
1219 3576 1345 3641 fructus
1373 3572 1524 3679 {ipim

235 3679 345 3742 edidit
360 3679 584 3761 quadraginta
600 3677 744 3760 amplius
760 3679 865 3758 annis,
881 3699 1043 3763 spemque
1059 3680 1139 3745 facit
1154 3690 1346 3745 constanter
1413 3666 1418 3685 '

236 3782 406 3845 editurum
422 3802 527 3864 pares.
542 3781 761 3863 Compertum
772 3783 932 3861 estenim,
943 3785 1032 3848 viros
1047 3806 1092 3848 ex
1108 3806 1149 3850 eo
1161 3784 1346 3868 prodivisse

236 3905 307 3948 non
323 3904 449 3969 paucos
471 3886 594 3950 virtute
618 3887 838 3968 doctrinaque
865 3898 990 3965 auctos,
1014 3889 1057 3952 ad
1085 3909 1178 3952 sacra
1206 3887 1348 3951 scienter

238 3991 453 4066 exercitatos
468 4009 611 4072 quorum
640 3990 672 4053 in
698 3990 896 4055 adiuvandis
914 3993 1158 4074 Episcoporum
1175 3991 1345 4056 laboribus

237 4093 462 4178 gerendisque
492 4095 753 4158 sacerdotalibus
785 4096 977 4160 muneribus
1003 4096 1128 4160 utiliter
1153 4097 1349 4180 integreque

239 4206 374 4260 versata
389 4205 440 4259 est
455 4217 494 4260 ac
510 4207 661 4261 versatur
676 4198 846 4263 industria.
865 4199 922 4262 Ex
937 4219 1005 4282 quo
1014 4197 1231 4263 confirmatur
1246 4220 1348 4282 quam

242 4299 309 4362 hoc
325 4298 469 4362 salutare
485 4299 537 4378 sit,
553 4310 590 4363 ut
606 4301 795 4364 sacerdotes
819 4301 948 4384 aliquot
971 4302 1005 4366 in
1020 4303 1094 4366 sinu
1110 4321 1173 4365 suo
1188 4302 1349 4368 educatos

245 4401 290 4465 ad
317 4401 498 4465 catholicas
525 4413 642 4485 gentes
668 4404 778 4468 Roma
804 4405 1050 4505 submittaq-
1067 4405 1131 4469 His
1157 4406 1200 4470 de
1225 4406 1351 4471 caussis
