3336 4870
408 425 479 494 ²14
623 425 838 480 sacocurro
866 413 888 444 ‘¹
908 427 1041 480 uosrrs
1069 427 1250 478 annonam
1270 462 1290 492 „

405 621 445 666 ea
460 601 533 667 Nos
543 603 705 686 cogitatio
717 602 901 682 confirmat,
914 624 1015 668 unum
1029 623 1101 670 esse
1114 603 1302 688 perfugium
1313 604 1507 674 animorum,

405 724 506 768 unam
522 725 617 788 spem
634 707 856 788 sempiternae
868 707 984 772 salutis
997 727 1139 792 eamque
1150 707 1380 784 certissimam,
1396 701 1507 768 Eccle-

405 809 489 874 siam
505 809 705 876 catholicam
721 834 728 874 :
744 822 996 896 proptereaque,
1011 812 1044 875 in
1061 812 1123 876 hac
1139 811 1240 894 plena
1255 811 1505 875 dimicationum

404 912 475 976 vita
501 913 644 987 mortali,
671 913 833 980 Nostrum
860 925 911 980 est
937 935 1055 980 omnes
1090 915 1243 980 homines
1269 915 1312 978 ad
1342 912 1508 978 Ecclesiae

405 1017 525 1096 sinum,
540 1029 714 1102 tamquam
740 1039 782 1082 ex
807 1040 926 1102 aspero
942 1021 1024 1085 mari
1041 1021 1083 1085 ad
1100 1029 1245 1103 portum,
1260 1038 1388 1096 vocare,
1403 1017 1508 1081 maxi·

406 1140 526 1204 meque
541 1123 583 1186 ad
600 1121 837 1188 confidendum
854 1125 983 1188 caritati
997 1125 1067 1188 eius
1078 1123 1249 1208 impellere
1261 1120 1506 1204 :confugientes

405 1223 494 1288 enirn
511 1227 553 1290 ad
570 1245 643 1291 sese
654 1247 787 1311 semper
796 1239 847 1291 est
859 1241 1011 1293 materno
1023 1240 1200 1313 acceptura
1211 1226 1403 1310 complexu,
1415 1223 1508 1288 adhi-

405 1327 583 1414 bendoque
600 1331 776 1413 Evangelii
793 1331 917 1396 lumine
933 1342 1098 1397 sanatura
1110 1367 1153 1380 -
1169 1331 1345 1396 Praeterea
1366 1329 1398 1391 in
1415 1327 1510 1402 hanc,

235 1441 370 1511 prasertim
405 1452 491 1515 quae
517 1435 658 1518 degitur,
684 1445 830 1500 aetatem
855 1446 925 1500 tam
953 1435 1116 1520 ancipites
1142 1433 1321 1498 incubuere
1345 1452 1453 1509 casus,
1474 1440 1511 1494 ut

227 1501 380 1630 2:132ssss
405 1534 500 1599 sessis
515 1539 750 1602 communibus
762 1541 860 1604 rebus
876 1539 968 1603 omni
980 1559 1044 1622 ope
1053 1547 1088 1602 et
1102 1537 1319 1602 contentione
1335 1535 1510 1601 subvenire

228 1619 302 1668 '¹⁶⁸³‘
405 1658 540 1704 necesse
554 1641 605 1704 sit.
620 1641 752 1724 Urgent
769 1643 857 1706 enirn
875 1644 1031 1726 undique,
1047 1643 1137 1726 quod
1154 1639 1273 1705 veihis
1290 1639 1370 1722 ipsis
1382 1648 1508 1722 postre-

405 1743 468 1808 mis
482 1744 601 1810 dicbus
628 1747 661 1810 in
679 1745 774 1812 Urbe
797 1748 950 1824 vidimus,
966 1755 1084 1830 urgent
1106 1743 1284 1829 populares
1308 1743 1511 1826 cupiditates

404 1847 632 1916 inflammatae
661 1871 699 1914 ac
732 1851 901 1931 furentes3
935 1863 968 1917 et
999 1861 1167 1918 crescente
1202 1869 1311 1918 rerum
1348 1847 1512 1912 malarum

404 1955 552 2031 audacia,
580 1956 613 2020 in
639 1957 711 2040 ipsa
748 1957 853 2021 civilis
891 1957 1061 2023 societatis
1093 1955 1314 2020 tundamenta
1348 1954 1513 2033 impetum

403 2071 568 2124 conantur
594 2060 709 2125 lacere.
738 2061 866 2128 Silente
894 2062 1064 2145 religionis
1087 2080 1178 2136 voce,
1203 2057 1404 2140 sublatoque
1431 2053 1515 2118 divi·

404 2182 522 2227 narum
548 2181 638 2228 metu
656 2164 778 2248 legum,
794 2186 881 2250 quac
896 2167 986 2250 ipsos
1003 2165 1106 2231 animi
1130 2175 1241 2229 motus
1257 2163 1291 2226 iu
1307 2160 1418 2225 officio
1435 2175 1514 2222 con·

404 2267 509 2332 tinere
525 2269 650 2346 iubent,
672 2289 837 2353 quaenam
854 2271 905 2336 vis
919 2282 1007 2335 esset
1023 2271 1056 2334 iu
1073 2267 1264 2334 civitatibus
1281 2265 1408 2348 reliqua
1429 2260 1514 2325 satis

403 2372 524 2438 efficax
540 2373 583 2437 ad
599 2375 818 2457 propellenda
844 2375 1016 2460 pericula?
1034 2375 1074 2439 ln
1090 2373 1154 2439 hoc
1170 2373 1281 2458 igitur,
1295 2371 1387 2455 quod
1410 2369 1513 2432 datur

403 2497 504 2560 opera
528 2479 724 2543 revocandis
751 2478 829 2543 illuc
853 2479 1055 2556 hominibus,
1070 2477 1126 2543 ubi
1144 2488 1322 2561 praecepta
1350 2473 1514 2538 virtutum

402 2599 442 2644 ac
457 2580 620 2663 principia
634 2582 855 2646 conservandi
864 2583 991 2647 ordinis
1001 2583 1193 2665 incorrupta
1201 2583 1325 2664 vigent,
1337 2579 1516 2643 verissimo

402 2679 543 2746 afficitur
559 2683 721 2749 beneficio
738 2683 933 2768 respublica,
948 2686 1148 2769 egregieque
1163 2685 1206 2749 de
1222 2683 1330 2748 salute
1340 2681 1516 2746 communi

405 2793 557 2848 meretur.

245 2909 377 3016 ”sumna
449 2885 516 2951 Sed
544 2895 595 2952 est
621 2898 656 2952 et
679 2889 769 2953 aliud
797 2891 1088 2968 considerandum,
1114 2890 1204 2975 quod
1222 2886 1513 2972 opportunitatem

222 2973 379 3090 mmm
404 2990 506 3054 habet
531 2991 741 3074 singularem.
767 2994 936 3059 Nimirum
964 2995 990 3058 si
1018 2994 1161 3077 contigit
1191 3011 1338 3076 unquam
1356 2989 1450 3069 alias,
1477 3003 1515 3056 ut

404 3106 544 3177 pacatae
569 3116 619 3160 res
645 3099 803 3161 concordi
830 3098 1030 3182 populorum
1058 3109 1139 3163 voto
1161 3105 1409 3180 expeterentur,
1424 3105 1515 3160 certe

404 3208 610 3281 expetuntur
635 3201 784 3264 maxime
811 3201 875 3266 hoc
900 3211 1060 3285 ternpore,
1076 3221 1152 3266 curn
1169 3202 1202 3264 in
1219 3221 1276 3265 ore
1292 3211 1344 3264 est
1358 3199 1513 3263 omniurn

357 3327 359 3330 ·
404 3321 485 3384 pax,
511 3303 744 3386 tranquillitas,
770 3306 886 3370 otium.
912 3305 1095 3370 Testantur
1124 3305 1248 3370 summi
1274 3303 1453 3387 principes,
1481 3312 1516 3365 et

404 3418 572 3491 quotquot
597 3429 657 3492 per
684 3409 856 3493 Europam
888 3431 940 3474 res
970 3394 1121 3493 publicas
1150 3418 1281 3494 gerunt,
1296 3409 1361 3472 hoc
1376 3427 1412 3470 se
1427 3406 1516 3471 velle

399 3515 583 3596 conarique
610 3514 715 3590 unice,
730 3515 823 3596 pacis
847 3513 1009 3579 beneficia
1035 3513 1142 3579 tueri:
1168 3515 1271 3596 idque
1286 3511 1385 3576 valde
1400 3529 1515 3575 assen-

404 3615 564 3680 tientibus
593 3618 722 3681 cunctis
748 3619 922 3684 civitatum
939 3618 1123 3696 ordinibus,
1137 3618 1217 3701 quia
1232 3636 1347 3682 revera
1362 3614 1516 3699 quotidie

405 3721 512 3804 magis
527 3733 667 3806 apparet
678 3723 842 3788 bellorum
857 3725 1016 3807 populare
1029 3724 1208 3788 fastidium.
1223 3720 1513 3786 Honestissimum

403 3825 585 3902 fastidium,
611 3826 638 3888 si
665 3825 755 3908 quod
781 3827 891 3892 allud:
917 3847 994 3890 nam
1019 3841 1146 3892 certare
1172 3827 1274 3890 armis
1304 3834 1515 3907 potestesse

404 3931 607 4013 quandoque
648 3932 880 4008 necessarium,
905 3951 1089 4014 numquam
1123 3943 1237 3996 tamen
1264 3938 1363 3994 vacat
1388 3947 1514 4010 magna

257 4065 293 4111 Ε,
318 4071 379 4111 „m
406 4034 494 4098 mole
517 4033 756 4098 calamitatum.
774 4033 912 4124 Quanto
930 4045 1041 4099 autern
1064 4032 1291 4099 calamitosius
1306 4031 1408 4095 hodie
1423 4029 1513 4093 iutu-

227 4123 289 4170 ⁶‘'²⁰
311 4125 380 4171 '‘⁰4¹'‘
406 4157 478 4200 rum
494 4139 528 4198 in
545 4146 639 4200 tanta
666 4137 837 4218 copiarum
866 4139 1106 4220 magnitudine,
1128 4148 1198 4201 tam
1226 4135 1326 4219 longe
1353 4143 1514 4220 provecta

227 4184 306 4242 uagis
335 4198 378 4228 un·

226 4243 379 4346 moff-
406 4239 451 4303 rei
469 4238 619 4303 militaris
629 4241 856 4317 scientia,tam
871 4242 1046 4324 multiplici
1059 4243 1102 4306 ad
1115 4241 1376 4306 internecionem
1391 4241 1512 4304 instru-

406 4347 545 4405 mento?
571 4340 667 4424 Quae
691 4345 822 4424 quoties
845 4344 1043 4426 cogitamus,
1059 4344 1166 4430 magis
1182 4363 1221 4407 ac
1238 4343 1346 4426 magis
1371 4341 1513 4405 caritate

404 4444 617 4507 accendimur
640 4445 790 4524 gentium
817 4445 1081 4526 christianarum,
1104 4465 1286 4529 earumque
1308 4445 1428 4510 caussa
1441 4463 1511 4508 non
