3250 4876
510 403 632 452 INDEX
660 401 907 452 ANALl'TlCUS.

149 515 367 523 ———-——-

222 618 384 674 invenerint
405 633 465 686 294.
479 649 513 658 -
528 618 678 675 Muniendi
696 620 778 689 proin
795 619 901 674 tirones
928 628 1028 674 contra
1040 619 1113 674 tales
1128 617 1194 672 insi·

221 705 310 770 dias;
334 705 440 759 arctius
461 703 667 773 invigilandum
692 704 806 760 aliunde
831 704 1048 759 advenientibus
1078 717 1138 771 294.
1161 733 1196 742 -

223 788 335 842 Omnes
347 787 406 841 vita
418 786 556 857 spirituali
576 787 758 854 instruantur,
771 785 799 841 in
812 802 904 858 eaque
924 798 1110 857 permaneant
1140 802 1195 856 ope

223 869 433 925 recollectionis
445 885 549 923 annuae
557 884 616 938 294
628 901 663 908 —
676 869 755 925 Talis
768 868 929 924 recollectio
939 871 1049 938 integro
1075 869 1151 925 clero
1165 867 1193 922 in

224 952 385 1022 proximum
398 968 504 1006 annum
516 951 649 1008 indicitur
661 965 721 1022 295.
734 983 768 992 -
780 953 885 1008 Modus
906 953 1034 1022 ejusdem
1047 952 1193 1006 instituen-

227 1037 271 1092 dae
283 1035 421 1092 cardinali
434 1036 539 1091 vicario
553 1035 719 1107 relinquitur
732 1050 792 1106 295.

194 1146 246 1196 77.
265 1148 472 1198 LITTERAE
486 1147 761 1199 APOSTOLICAE
774 1147 815 1197 de
836 1149 996 1198 canonica
1008 1147 1195 1210 theologicae

157 1229 326 1282 facultatis
344 1230 505 1296 erectione
524 1231 559 1280 in
571 1231 735 1280 catholica
747 1233 894 1280 tolosana
913 1231 1137 1280 universitate.
1161 1253 1196 1260 —

155 1313 200 1363 20
218 1314 498 1364 decembris1889
1163 1305 1267 1375 .2..96

260 1413 390 1468 Gloriam
414 1412 516 1483 prioris
538 1412 729 1469 universitatis
742 1415 895 1468 Tolosanae
913 1422 1052 1467 testantur
1069 1411 1196 1482 reliquiae

224 1495 377 1566 Aquinatis
385 1495 496 1564 eodem,
508 1497 621 1563 iubente
631 1497 790 1566 UrbanoV,
799 1499 945 1552 translatae
953 1498 1014 1565 296.
1025 1495 1196 1550 -Pontifex

224 1578 333 1646 gaudet
345 1579 381 1634 de
404 1578 530 1634 rediviva
543 1578 598 1634 hac
623 1579 723 1634 illustri
743 1580 920 1635 institutione
945 1580 1004 1647 296.
1032 1609 1062 1618 -
1085 1579 1196 1634 Recolit

224 1660 295 1732 quid
308 1677 359 1732 pro
372 1661 539 1732 theologicis
551 1661 653 1717 studiis
665 1663 702 1716 ab
720 1663 836 1718 exordio
856 1663 1002 1733 regiminis
1022 1661 1083 1732 ipse
1108 1661 1196 1732 egerit

226 1741 288 1810 296
301 1773 336 1782 -
350 1745 476 1798 Laeratur
487 1744 525 1801 de
537 1745 693 1799 instaurata
714 1744 847 1801 facultate
860 1746 992 1801 tolosana
1005 1759 1064 1812 297.
1078 1774 1113 1783 —
1140 1745 1197 1797 Ro·

224 1834 313 1895 gante
330 1827 466 1882 cardinali
484 1826 700 1898 archiepiscopo
714 1828 862 1883 confirmat
874 1828 1039 1884 facultatem
1060 1828 1198 1898 theologi·

225 1926 292 1964 cam
305 1909 411 1964 ibidem
423 1921 549 1966 erectam
563 1924 623 1978 297.
637 1941 671 1952 -
684 1911 810 1967 Solemni
823 1911 878 1967 ritu
903 1913 1011 1966 dictam
1033 1912 1199 1967 facultatem

226 1992 319 2062 erigit,
336 2009 400 2048 curn
407 1993 471 2064 jure
477 1994 641 2050 conferendi
649 1995 829 2051 academicos
837 1995 950 2064 gradus,
959 1994 1078 2050 servatis
1086 1996 1200 2050 statutis

228 2093 247 2131 a
262 2076 492 2146 congregatione
501 2078 589 2148 jussis
602 2091 662 2146 297.

192 2185 244 2235 78.
277 2185 519 2237 ALLOCUTIO
549 2187 600 2238 ild
632 2189 662 2238 S·
694 2189 734 2236 R.
766 2189 802 2238 E.
835 2188 1028 2239 cardinales
1058 2185 1201 2237 debello

57 2265 68 2300 ¹
159 2265 312 2318 Ecclesiae
332 2267 916 2322 12111212-2422222221218892..
1220 2277 1271 2330 299

266 2368 396 2423 Pontifex
408 2370 515 2438 gratias
527 2369 657 2440 rependit
668 2387 720 2441 pro
733 2370 873 2440 expressis
887 2385 905 2424 a
930 2371 959 2424 S.
974 2368 1101 2438 Collegic
1123 2367 1197 2422 votis

233 2464 291 2519 299.
307 2481 340 2491 -
353 2451 522 2507 Α212101221
535 2453 688 2508 2022011112
700 2455 849 2525 dupliciter
861 2451 952 2508 dulcis
977 2451 1005 2506 in
1024 2450 1199 2522 temporibus

233 2534 349 2590 turbatis
358 2550 419 2604 299.
432 2565 467 2574 -—
481 2535 688 2591 Describuntur
695 2537 859 2592 vexationes
874 2536 1012 2590 Ecclesiae
1034 2535 1121 2589 illatae
1134 2548 1197 2602 299.

229 2648 263 2657 -
282 2619 387 2674 Omnia
404 2628 495 2674 tentat
509 2620 631 2674 Satanas
650 2631 750 2675 contra
769 2619 929 2675 Ecclesiam
949 2619 1014 2686 Dei,
1039 2618 1196 2688 praesertim

226 2712 326 2757 contra
337 2701 498 2758 libertatem
511 2701 657 2757 Pontificis
671 2717 730 2771 300.
751 2733 786 2742 -
807 2703 907 2757 Donec
919 2701 1031 2772 placeat
1046 2702 1109 2755 Deo
1133 2718 1197 2771 pro·

226 2797 354 2842 sternere
367 2785 506 2854 inimicos,
519 2786 621 2842 saltem
632 2785 707 2842 intus
719 2787 838 2842 floreant
847 2803 902 2856 pax
914 2797 942 2841 et
952 2785 1114 2854 concordia,
1125 2786 1196 2856 opti-

225 2867 266 2922 mi
279 2869 438 2924 animorum
447 2867 552 2924 stimuli
561 2883 621 2938 300.
630 2899 665 2910 -
675 2869 792 2925 Crescat
802 2869 882 2940 proin
896 2868 963 2923 unio
985 2869 1059 2922 inter
1068 2877 1196 2938 pastores

225 2960 268 3005 et'
279 2967 390 3021 greges,
402 2969 454 3022 per
477 2951 591 3006 fidelem
603 2951 670 3006 vitae
692 2951 854 3006 eluistiauae
876 2949 1066 3021 disciplinam,
1091 2949 1127 3004 de
1140 2967 1198 3020 qua

226 3034 358 3090 Pontifex
370 3035 491 3090 intendit
503 3052 569 3090 mox
582 3035 708 3106 singulos
721 3037 885 3104 admonere,
898 3052 972 3089 novo
986 3035 1093 3105 scripto
1118 3035 1197 3104 cujus

226 3121 917 3192 ς21212212122211,212020212121222121302-
934 3120 1079 3176 Christum
1088 3129 1195 3187 natum,

226 3203 327 3258 mundi
340 3202 542 3260 debellatorem
554 3204 687 3275 implorat
701 3219 762 3272 301.

192 3315 244 3383 79.
266 3315 508 3367 ALLOGUTIO
527 3316 579 3366 nd
598 3315 627 3365 S.
651 3316 690 3364 R.
707 3315 744 3365 E.
771 3314 970 3367 cardinales.
991 3339 1026 3348 —-
1045 3315 1094 3364 De
1112 3313 1199 3376 legi-

160 3398 220 3449 bus
237 3398 364 3459 iniquis
382 3411 489 3462 nuper
506 3400 592 3450 latis.
613 3425 648 3436 -
666 3399 711 3450 30
730 3398 912 3450 decembris
930 3397 1010 3448 1889
1026 3431 1197 3447 .........
1219 3407 1269 3460 302

264 3509 395 3564 Pontifex
406 3511 519 3566 laetatur
538 3511 574 3566 de
586 3511 668 3565 novis
680 3510 911 3566 universitatibus
929 3511 958 3564 in
971 3509 1106 3565 America
1128 3519 1157 3564 et
1171 3509 1201 3564 in

227 3593 363 3649 Helvetia
375 3593 498 3649 conditis
511 3609 572 3663 322.
584 3624 619 3634 -
631 3596 710 3650 lntus
723 3595 848 3665 queritur
869 3593 964 3663 augeri
978 3593 1125 3662 angustias
1137 3607 1200 3660 302.

228 3705 263 3715 -
279 3676 391 3731 Recolit
403 3676 526 3731 hostium
542 3687 616 3746 acta,
636 3677 778 3748 dictaque,
790 3677 950 3747 praesertim
963 3686 1063 3730 contra
1085 3673 1202 3728 inviola-

229 3759 288 3815 bile
297 3762 396 3830 Apost.
410 3761 494 3816 Sedis
503 3762 567 3830 jura
583 3761 612 3817 in
628 3764 751 3818 Romam
762 3776 822 3830 303.
835 3791 870 3800 -
882 3761 1006 3814 Causam
1020 3759 1104 3814 Sedis
1124 3759 1201 3828 Apo-

230 3843 339 3898 stolicae
349 3826 474 3898 vindicat
485 3857 585 3912 303-
595 3845 622 3898 N
625 3860 662 3897 on
672 3845 765 3913 agitur
775 3843 812 3898 de
822 3859 851 3896 re
861 3843 987 3896 humana
1001 3841 1051 3895 sed
1065 3841 1102 3895 de
1114 3841 1203 3895 tutela

231 3927 271 3981 rei
292 3943 390 3994 sacrae,
403 3925 575 3997 implacabili
589 3925 656 3981 odio
676 3926 817 3982 lacessitae
831 3939 891 3994 303.
905 3955 939 3966 -
965 3925 1073 3979 Contra
1097 3939 1203 3978 novum

231 4011 360 4067 codicem
372 4027 521 4082 poenarum
534 4012 673 4068 Ecclesiae
686 4021 771 4082 atque
783 4011 860 4066 clero
873 4009 1049 4078 injuriosum,
1074 4007 1203 4064 Pontifex

231 4092 395 4149 solemniter
416 4093 518 4148 iterato
548 4103 721 4164 protestatur
746 4108 806 4162 304.
829 4122 864 4132 -
889 4092 1067 4146 Protestatur
1088 4090 1203 4160 insuper

229 4189 328 4232 contra
341 4177 434 4246 legem
449 4177 485 4232 de
499 4177 642 4248 Operibus
656 4176 723 4244 Piis,
735 4193 800 4248 quae
824 4184 868 4230 est
881 4174 1020 4242 sacrilega
1038 4173 1203 4243 multiplicis

226 4263 299 4332 juris
307 4261 424 4318 violatio
434 4275 494 4330 304.
508 4291 542 4301 -
552 4261 687 4330 Querltur
699 4259 802 4331 quoda
814 4257 937 4314 decuriis
947 4258 1064 4329 parochi
1087 4273 1202 4312 arcean-

230 4357 276 4401 tur
289 4357 349 4415 305.
367 4375 403 4385 -
415 4345 495 4399 Nihil
508 4344 652 4400 efficacius
664 4344 702 4398 ad
715 4342 864 4398 solandam
878 4341 1022 4396 miseriam
1046 4359 1132 4412 quarn
1145 4341 1201 4395 sin·

232 4446 297 4486 cera
308 4430 433 4485 fraterna
445 4428 549 4484 caritas
562 4441 622 4498 305.
635 4457 670 4467 -
683 4428 755 4482 Haec
768 4437 864 4482 autem
876 4437 955 4482 extra
963 4427 1124 4482 Ecclesiam
1145 4423 1201 4479 Dei

220 4551 296 4598 Aera
314 4549 416 4598 Luouts
432 4549 502 4595 11111.
1047 4547 1092 4594 111,
1106 4571 1134 4579 -
1144 4559 1181 4591 22.
