3230 4874
280 365 331 416 DE
350 362 634 416 UNIVERSITATE
652 361 908 414 FRIBURGENSI
926 363 1117 417 FOVENDA.
1201 370 1248 439 93

140 540 363 628 patrocinium
388 538 595 622 suscepimus
622 538 735 602 studio
760 557 798 602 ac
825 538 1059 606 benevolentia
1081 540 1250 627 singulari.
1285 559 1406 650 ocggffl

140 647 233 714 Sane
246 645 281 710 in
298 665 338 709 ea
354 644 517 709 mentium
533 641 747 720 obscuritate,
770 661 857 726 quae
882 641 982 708 latius
998 644 1032 710 in
1048 646 1120 712 dics
1143 645 1251 713 offun·
1316 657 1382 717 18⁹0·
1409 636 1416 650 ’

139 750 239 828 ditur,
254 749 335 814 dum
352 748 385 813 in
413 748 454 812 iis
480 745 682 831 regionibus,
698 765 785 830 quae
799 746 1020 813 humanitatis
1037 760 1071 816 et
1092 751 1251 828 scientiae

138 853 275 920 laudem
306 851 476 928 affectant,
508 870 527 915 a
565 849 709 914 docendi
748 870 886 915 munere
923 861 1053 918 arcetur
1090 855 1251 930 Ecclesia,

139 957 279 1040 eiusque
310 957 428 1021 merita
458 956 492 1020 in
524 953 721 1019 excolendis
751 953 944 1020 hominibus
978 956 1089 1024 obruit
1120 960 1252 1044 ingrata

139 1059 275 1138 oblivio,
290 1060 371 1125 dum
387 1057 488 1124 foeda
511 1067 545 1122 et
570 1057 676 1122 noxia
701 1057 893 1122 civitatibus
919 1079 1067 1125 errorum
1093 1061 1252 1127 colluvies

139 1163 256 1228 omnia
269 1182 377 1247 paene
401 1160 564 1246 pervadit,
588 1160 661 1226 luce
686 1160 836 1226 veritatis
861 1173 997 1246 erepta;
1013 1163 1157 1230 iucunde
1173 1186 1251 1230 con-

139 1268 282 1352 quiescit
298 1267 430 1332 animus
444 1285 548 1348 quum
575 1265 732 1343 intuetur,
758 1264 896 1330 deiectis
919 1267 1044 1333 sensim
1059 1268 1250 1350 obstaculis,

138 1357 541 1454 christianae'sapientiae
556 1368 670 1433 denuo
685 1377 781 1432 vetus
797 1367 987 1436 aedificium
1004 1391 1191 1456 assurgens.
1206 1413 1249 1426 -

141 1477 182 1542 Id
198 1475 354 1559 equidem
371 1474 493 1557 insigni
520 1472 654 1538 divinae
681 1472 912 1556 providentiae
928 1474 1056 1540 muneri
1072 1488 1248 1561 acceptum
1281 1482 1426 1556 Christiana

138 1580 328 1659 referimus,
339 1587 467 1643 certum
480 1579 569 1642 enim
584 1576 691 1642 Nobis
707 1584 767 1654 est,
779 1597 844 1660 ope
855 1577 1037 1644 dumtaxat
1049 1580 1249 1648 christianae
1272 1548 1403 1650 3¹thssss

137 1683 334 1766 sapientiae,
360 1701 447 1765 qnae
474 1661 575 1744 fidem
602 1689 636 1745 et
663 1680 827 1745 rationem
855 1681 961 1746 amice
985 1683 1181 1750 consocians
1205 1687 1247 1752 ad
1274 1661 1349 1710 ⁵⁶¹⁸*

137 1806 244 1852 unum
260 1785 431 1868 consurgit
446 1783 646 1868 principium
668 1783 848 1868 utriusque,
865 1785 988 1864 Deum,
1003 1784 1072 1853 fieri
1096 1809 1196 1872 posse
1212 1799 1249 1856 ut

138 1901 269 1958 mentes
285 1890 470 1967 hominum,
490 1887 704 1973 praelucente
725 1886 815 1952 claro
831 1889 980 1954 veritatis
995 1889 1131 1971 lumine,
1146 1892 1248 1958 collu-

137 2003 295 2072 strentur,
311 1993 399 2058 viam
416 2012 502 2077 quae
517 1992 610 2057 ducit
626 1992 668 2056 ad
681 1993 785 2057 vitam
803 2003 988 2076 agnoscant
1004 2005 1038 2060 et
1053 1997 1176 2076 ineant,
1191 1999 1249 2063 de·

137 2102 262 2185 spectis
278 2100 490 2165 tenebrarum
515 2095 599 2175 filiis,
623 2097 680 2182 qui
696 2097 773 2163 ideo
797 2098 874 2163 huic
889 2100 1109 2166 adversantur
1131 2102 1248 2170 lumini

137 2206 219 2291 quia
234 2205 410 2270 veritatem
426 2203 578 2268 oderunt.

184 2308 257 2373 Nos
281 2308 395 2391 itaque
422 2305 545 2371 conscii
561 2305 759 2389 amplissimi
788 2305 934 2368 muneris
959 2305 1103 2371 docendi
1130 2327 1247 2375 omnes
1282 2327 1426 2398 angerent

136 2423 256 2497 gentes
280 2411 440 2478 divinitus
467 2409 539 2474 dati
567 2408 738 2474 Ecclesiae
759 2408 991 2492 imprimisque
1005 2409 1083 2474 huic
1098 2410 1246 2495 Aposto-
1271 2387 1427 2492 {pmii-

134 2517 220 2582 licae
238 2515 328 2591 Sedi,
342 2533 382 2578 ac
397 2512 496 2578 simul
514 2531 688 2589 memores,
699 2510 839 2577 historia
853 2513 949 2589 duce,
958 2513 1118 2597 antiquae
1129 2514 1248 2594 laudis,
1271 2503 1424 2610 33⁵2&ssss

135 2640 204 2703 qua
231 2617 383 2683 Ecclesia
410 2626 444 2682 et
474 2615 604 2681 romani
636 2613 815 2680 Pontifices
845 2615 1013 2681 detersam
1044 2636 1064 2681 a
1094 2617 1247 2685 barbarie
1272 2623 1381 2683 implens,

134 2725 309 2808 Europam
337 2721 430 2786 omni
457 2719 671 2785 scientiarum
698 2726 733 2782 et
757 2719 879 2784 artium
906 2720 997 2784 cultu
1024 2721 1247 2805 expolierunt,

133 2827 216 2894 nihil
244 2827 458 2910 inexpertum
487 2823 713 2907 relinquemus
740 2833 778 2888 ut
806 2824 999 2890 missionem
1017 2828 1246 2908 praenobilem

133 2950 315 3016 pergamus
331 2928 424 2994 obire
438 2927 749 2993 coniunctissimam
775 2927 961 2992 ministerio
987 2927 1122 2996 Nostro.
1138 2931 1171 2996 N
1174 2932 1247 2998 imi·

133 3054 207 3099 rum
234 3054 309 3099 eam
340 3033 494 3110 dicimus,
523 3051 591 3116 qua
621 3031 730 3096 Nobis
760 3051 841 3095 cura
871 3033 1105 3114 demandatur,
1135 3036 1247 3102 alendi

135 3137 347 3220 lovendique,
362 3135 559 3202 dilectarum
576 3137 682 3200 instar
697 3136 919 3214 alumnarum,
934 3137 1090 3204 scientias
1111 3149 1145 3205 et
1159 3142 1246 3225 opti·

135 3261 208 3306 mas
224 3239 428 3323 disciplinas,
442 3238 668 3322 amplectendi
687 3259 800 3304 earum
825 3241 978 3319 cultores,
994 3250 1095 3324 atque
1110 3262 1246 3308 omnem

135 3342 406 3408 benevolentiam
433 3342 626 3425 praestandi
654 3342 796 3426 egregiis
826 3343 914 3420 viris,
941 3343 998 3426 qui
1021 3344 1095 3407 illas
1121 3365 1187 3428 ope
1213 3356 1247 3411 et

136 3444 337 3510 liberalitate
368 3465 428 3508 sua
459 3454 729 3509 sustentant-
759 3443 975 3529 Quapropter
1005 3446 1246 3529 ambigendum
1308 3452 1424 3547 pff,

136 3547 232 3612 vobis
248 3567 315 3612 non
332 3558 393 3624 est,
408 3548 530 3612 dilecte
554 3547 600 3614 fili
617 3547 751 3626 Noster,
766 3548 984 3613 Venerabiles
1010 3549 1150 3627 Fratres,
1165 3551 1246 3633 quin
1271 3549 1382 3653 “³53ss

136 3671 348 3715 succrescens
365 3651 519 3734 Friburgi
536 3652 753 3716 Athenaeum
770 3671 1012 3736 prosequamur
1031 3653 1118 3719 ultro
1134 3655 1247 3720 favore
1268 3618 1325 3710 {¹31
1376 3663 1423 3711 sibi

136 3753 290 3838 votisque
315 3753 458 3834 Nostris,
485 3763 642 3839 optantes
670 3765 707 3820 ut
730 3755 851 3820 stabile
881 3757 925 3821 sit
950 3765 984 3820 et
1011 3756 1108 3820 rebus
1136 3767 1248 3824 utatur
1265 3724 1421 3842 {muas-

136 3859 300 3924 secundis.
319 3859 394 3924 imo
411 3861 457 3924 sic
472 3859 642 3939 habetote,
654 3859 789 3944 plurimi
801 3880 821 3924 a
834 3859 943 3924 Nobis
959 3859 1084 3926 iactum
1101 3861 1139 3925 iri
1152 3882 1248 3927 curas
1272 3855 1345 3889 curas
1395 3842 1423 3887 ²¹¹⁸

1263 3899 1400 3962 fruendum

138 3971 265 4026 vestras
277 3963 311 4028 in
324 3963 406 4028 illud
420 3963 569 4042 collatas,
580 3973 615 4029 et
626 3963 899 4047 probatissimum
918 3963 1025 4028 Nobis
1042 3962 1121 4044 iore,
1131 3974 1248 4050 utpote
1273 3960 1425 4066 §²2ssss

138 4066 259 4131 studiis
287 4067 421 4132 Nostris
445 4068 598 4152 apprime
620 4075 893 4142 consentaneum,
916 4067 1080 4150 quidquid
1107 4090 1128 4135 a
1153 4069 1249 4136 vobis
1275 4079 1425 4149 umqbsspi·

140 4179 273 4254 gestum
290 4170 398 4250 suerit,
413 4181 451 4236 ut
467 4172 548 4238 illud
566 4169 763 4236 firmissimis
785 4180 915 4235 constet
938 4171 1059 4236 iultum
1074 4174 1249 4256 praesidiis
1269 4146 1364 4260 ffb.
1380 4153 1425 4185 m-

142 4285 176 4340 et
206 4277 299 4340 omni
315 4275 433 4342 floreat
457 4277 656 4342 instructum
685 4285 813 4341 ornatu.
837 4275 981 4340 DivInae
1008 4278 1134 4343 interea
1157 4280 1251 4346 beni·

142 4379 281 4463 gnitatis
319 4383 488 4463 auspicem
526 4390 560 4446 et
591 4391 750 4464 paternae
782 4379 926 4445 Nostrae
941 4382 1106 4448 'caritatis
1129 4392 1249 4449 testem
