3336 4870
550 567 918 652 accurro

488 764 545 822 Ad
567 765 601 824 S.
626 763 667 822 R.
693 765 731 822 E.
755 763 981 824 cardinales

308 930 373 990 ns
403 930 613 990 nuusns
643 928 870 990 morinco
900 929 1164 990 accessura
1274 978 1281 989 .

600 1093 868 1156 COMMISSO.

371 1350 509 1418 OSTIS
534 1369 677 1414 errorem
694 1370 775 1414 sane
791 1351 990 1428 maximum,
1005 1371 1064 1433 per
1079 1371 1181 1434 quem
1207 1355 1291 1419 mul·
1382 1401 1406 1430 „

230 1461 318 1610 N
388 1465 499 1520 torum
538 1455 678 1529 animos,
715 1453 879 1518 libertatis
909 1455 1146 1538 adipiscendae
1181 1461 1292 1542 specie
1318 1437 1466 1540 reqqqffn

225 1593 228 1600 ¹
388 1560 555 1642 deceptos,
582 1560 743 1622 sensima
765 1558 853 1624 IESU
876 1557 1045 1624 CHRISTO
1074 1561 1291 1646 Ecclesiaque
1426 1639 1431 1650 .

218 1653 368 1724 mla
389 1667 543 1729 secedere
568 1675 683 1729 nostra
708 1665 800 1729 videt
827 1677 930 1731 aetas.
955 1665 1091 1732 Scilicet
1113 1689 1290 1752 pravarum
1317 1639 1472 1760 9ηέῗέἵῖ

177 1775 406 1842 doctrinarum
435 1770 560 1834 fructus
583 1768 791 1853 temporibus
807 1771 1022 1853 moribusque
1038 1775 1195 1838 maturati
1212 1776 1291 1841 ado·
1314 1761 1473 1866 {3222}ss

179 1879 324 1942 lescunt:
334 1876 469 1957 iamque
478 1871 595 1935 vitium
609 1881 659 1935 est
675 1872 785 1954 paruis
802 1873 1000 1956 magnisque
1016 1875 1208 1941 civitatibus
1224 1877 1293 1943 fere
1314 1880 1394 1939 grone.

178 1998 370 2054 commune,
387 1995 511 2040 exuere
526 1973 669 2038 sormam
686 1973 911 2053 christianam,
927 1979 1129 2043 constituere
1145 1980 1290 2064 discipli-

181 2083 414 2157 namcivilem,
424 2090 598 2162 totamque
614 2079 847 2143 administrare
859 2101 928 2144 rem
942 2081 1121 2163 publicam,
1132 2083 1292 2167 religione

178 2187 383 2272 posthabita.
398 2221 442 2234 -
458 2182 533 2248 Tali
560 2183 749 2247 animorum
774 2182 890 2247 habitu
918 2183 989 2248 Nos
1015 2187 1153 2268 quidem
1180 2187 1291 2252 affecti
1344 2221 1471 2269 S„„·„·„„

178 2311 258 2356 cura
274 2311 313 2354 ac
329 2288 554 2354 sollicitudine
571 2307 712 2363 summa,
727 2289 876 2370 cogitare
890 2287 934 2351 de
946 2290 1094 2354 remedio
1107 2311 1290 2374 numquam
1316 2281 1472 2402 wem

179 2395 439 2460 intermisimus:
452 2411 579 2474 uosque
595 2391 668 2475 ipsi,
682 2390 901 2455 Venerabiles
918 2392 1060 2470 Fratres,
1075 2403 1179 2458 testes
1202 2398 1292 2474 estis,
1317 2405 1419 2446 restatur
1440 2405 1471 2446 ¹¹²

177 2517 302 2583 operae
318 2498 391 2562 Nos
405 2496 667 2579 diligentiaeque
682 2495 716 2558 in
732 2515 773 2557 eo
789 2495 968 2578 plurimum
985 2517 1118 2578 ponere,
1134 2509 1171 2562 ut
1188 2521 1290 2582 appa·
1316 2459 1470 2574 miii

179 2614 261 2682 reat,
277 2621 345 2688 quo
370 2602 414 2665 sit
429 2601 567 2665 tandem
596 2599 799 2663 miserrimus
826 2600 890 2664 iste
905 2621 925 2663 a
942 2601 1016 2665 Deo
1031 2602 1198 2667 discessus
1214 2623 1289 2669 eva-

178 2728 286 2786 surus,
301 2717 334 2770 et
359 2715 394 2770 ut
410 2712 578 2788 quotquot
594 2702 637 2766 ad
654 2703 720 2766 alia
735 2703 969 2781 aberraverint,
986 2704 1131 2770 reserant
1158 2727 1231 2770 sese
1247 2708 1289 2771 ad

176 2813 391 2876 liberatorem
422 2828 529 2883 suum,
557 2807 780 2889 Unigenitum
809 2808 884 2884 Dei,
910 2809 943 2872 in
970 2811 1063 2873 cuius
1086 2810 1151 2874 fide
1178 2821 1290 2894 patro-

177 2914 335 2996 cinioque
350 2912 586 2994 conquiescere
613 2921 775 2994 perpetuo
790 2931 828 2974 ac
846 2909 987 2976 fidenter
1002 2912 1206 2977 debuissent.
1224 2913 1290 2976 His

175 3019 221 3082 de
245 3017 373 3082 caussis
408 3035 540 3099 semper
570 3013 759 3078 studuimus
795 3034 871 3077 cum
908 3023 1100 3078 exterarum
1137 3017 1288 3097 gentium

175 3123 327 3206 imperiis
342 3141 408 3196 eas,
423 3139 505 3203 quas
532 3119 633 3183 moris
649 3127 709 3196 est,
723 3117 775 3182 vel
792 3117 989 3183 confirmare
1020 3121 1290 3198 necessitudines,

173 3227 229 3290 vel
242 3227 453 3307 coniungere.
461 3224 650 3288 Restituere
663 3223 695 3286 in
707 3223 896 3305 praesentia
908 3243 1068 3287 conamur
1080 3245 1156 3289 cum
1170 3235 1287 3308 poten-

175 3330 309 3395 tissimo
326 3329 468 3392 Russiae
496 3328 656 3408 imperio:
687 3346 796 3408 neque
819 3325 1001 3390 diffidimus
1019 3328 1063 3405 id,
1078 3327 1168 3412 quod
1185 3338 1237 3392 est
1253 3329 1285 3390 in
1333 3341 1465 3410 ranariu-

173 3433 312 3518 optatis,
333 3453 378 3496 ex
395 3431 562 3496 sententia
587 3449 825 3494 successurum.
852 3429 929 3514 Qua
945 3431 977 3494 in
1004 3451 1038 3494 re
1064 3432 1287 3515 cogitationes
1311 3399 1468 3518 illics'y‘iuln‘l

171 3559 338 3622 curasque
355 3537 498 3602 Nostras
513 3535 672 3618 singulari
689 3535 802 3599 studio
817 3554 857 3599 ac
872 3537 943 3618 pari
959 3536 1193 3600 benevolentia
1207 3557 1285 3600 con·
1310 3519 1414 3576 “mi“

173 3640 314 3705 tulimus
329 3640 363 3703 in
381 3641 427 3704 rei
443 3638 628 3702 catholicae
644 3638 732 3720 apud
752 3637 896 3702 Polonos
908 3648 1033 3702 statum
1050 3663 1057 3702 :
1073 3641 1230 3722 quodque
1242 3640 1284 3704 ad

171 3741 397 3806 ordinandam
425 3762 539 3808 earum
566 3741 768 3806 dioecesium
796 3741 1121 3805 administrationem
1147 3761 1285 3826 magno-

169 3866 254 3932 pere
269 3847 468 3930 pertinebat,
494 3845 624 3930 aliquot
650 3847 716 3910 iam
747 3845 905 3929 Episcopi
922 3847 1089 3927 designati
1112 3855 1199 3910 sunt.
1216 3846 1286 3910 Eos

170 3953 266 4035 ipsos
291 3952 482 4014 renuntiare
502 3951 664 4015 hodierna
688 3950 743 4014 die
759 3951 791 4013 in
809 3950 873 4013 hoc
894 3949 1102 4031 amplissimo
1125 3969 1284 4015 concessu

170 4063 288 4120 vestro
313 4073 516 4136 magnopere
544 4055 704 4132 libuisset,
729 4054 791 4116 nisi
817 4054 893 4136 plus
919 4053 1093 4136 aliquanto
1123 4055 1285 4138 temporis

170 4167 248 4224 tota
265 4158 392 4240 negotii
408 4156 568 4240 perfectio
583 4157 798 4222 desideraret.

219 4261 372 4326 Omnino
384 4263 472 4324 idem
490 4263 560 4336 iter,
577 4281 782 4344 quamquam
799 4262 1008 4324 inimicorum
1019 4265 1122 4344 opera
1132 4280 1198 4324 non
1212 4281 1286 4325 raro
1339 4229 1461 4336 32¹ng

173 4367 387 4448 impeditum,
403 4366 463 4429 sed
490 4375 604 4430 tamen
633 4365 722 4430 idem
750 4366 821 4442 iter,
845 4374 1007 4447 quantum
1036 4365 1145 4428 estin
1170 4365 1286 4442 Nobis,
1310 4349 1464 4454 ζζῖωξξῇξ

180 4469 407 4554 perseveranti
434 4469 609 4533 voluntate
639 4470 836 4534 tenebimus.
853 4469 968 4551 Atque
984 4470 1017 4531 in
1033 4469 1098 4533 hoc
1114 4470 1286 4552 proposito
1312 4481 1358 4520 ⁶⁰1·
