3310 4868
423 387 470 454 94
643 383 859 436 annocurro
889 373 909 402 ⁴⁴
929 385 1141 438 armannum
1170 385 1268 437 sana
1287 423 1307 448 „

270 599 363 692 wrm!
419 595 495 639 curn
511 577 623 639 studia
640 575 784 657 partium
808 584 925 639 contra
939 573 1142 639 catholicum
1160 593 1282 638 nomen
1298 573 1514 640 vehementius

283 673 347 740 ruis.
419 681 634 758 exarsissent,
657 688 691 743 et
715 681 783 742 una
808 678 907 743 simul
932 678 1085 762 aequitas
1112 679 1290 758 mentibus,
1305 679 1514 764 tranquillitas

418 784 515 847 rebus
532 782 672 850 abesset.
689 782 821 847 Pacatis
836 783 967 862 animis,
984 784 1122 848 meliora
1137 783 1276 848 consilia
1289 803 1355 848 non
1372 784 1514 848 unoloco

418 887 583 961 ineuntur,
598 884 779 967 legumque
795 883 925 950 illarum
949 885 1102 950 odiosam
1118 887 1186 950 vim
1211 885 1377 950 cernimus
1403 887 1514 969 partim

415 989 636 1053 desuetudine
651 987 838 1066 hebescere,
849 989 975 1074 partim
992 989 1167 1054 contrariis
1183 989 1312 1072 legibus
1334 991 1445 1056 deleri.

267 1107 391 1176 saraim
462 1091 527 1154 His
542 1093 584 1154 de
599 1091 725 1155 caussis
742 1091 904 1156 Nostrum
929 1103 981 1157 est
997 1093 1230 1176 Apostolicam
1257 1113 1374 1158 vocem
1399 1093 1515 1167 tollere,

256 1172 375 1286 Ξῖᾝζ.
414 1206 603 1278 aperteque,
619 1195 667 1260 uti
684 1194 833 1269 iacimus.
848 1198 973 1275 testari,
996 1195 1097 1279 leges,
1120 1197 1164 1262 de
1182 1199 1303 1282 quibus
1327 1199 1448 1281 agitur,
1461 1198 1514 1262 iuri

415 1301 641 1383 potestatique
668 1299 840 1364 Ecclesiae
865 1319 938 1364 esse
962 1301 1156 1378 contrarias,
1181 1301 1327 1368 libertati
1352 1321 1512 1366 sacrorum

414 1423 587 1467 munerum
617 1403 743 1481 obesse,
766 1404 810 1468 de
842 1403 1098 1487 Episcopotum,
1127 1405 1171 1470 de
1199 1405 1279 1470 cleri
1310 1406 1465 1483 universi,
1486 1405 1514 1468 in

413 1506 596 1589 primisque
610 1508 653 1570 de
667 1505 764 1572 Sedis
781 1506 1000 1592 Apostolicae
1022 1509 1190 1592 dignitate
1203 1509 1385 1593 plurimum
1416 1510 1515 1576 detra·

413 1612 500 1686 here,
516 1613 563 1675 ita
578 1612 715 1694 quidem
732 1620 769 1676 ut
785 1633 842 1678 eas
853 1614 1067 1692 constituere,
1082 1615 1234 1700 probare,
1245 1616 1373 1680 sancire
1384 1615 1515 1680 minime

413 1715 518 1779 liceat.

456 1823 572 1904 Atque
601 1821 684 1886 haec
710 1843 778 1886 non
808 1822 948 1888 obeam
980 1843 1134 1890 caussam
1159 1825 1405 1909 conquerimur,
1431 1825 1515 1907 quod

235 1925 385 2042 ’Jssaejgasi
411 1926 547 1989 acrioris
574 1923 655 1988 belli
680 1925 898 1990 advenientes
925 1927 1071 2010 impetus
1098 1939 1295 1994 metuamus.
1323 1929 1422 1993 Alias
1440 1929 1516 1993 vidit

303 1999 369 2096 uen's'f
412 2029 562 2094 Ecclesia
589 2029 761 2112 procellas,
783 2031 827 2094 de
851 2029 972 2114 quibus
997 2041 1110 2096 tamen
1135 2033 1293 2097 omnibus
1323 2053 1391 2097 non
1421 2033 1518 2098 modo

284 1997 297 2027 c

256 2047 303 2086 met

409 2133 541 2230 victrix,
556 2135 614 2198 sed
632 2133 802 2218 pulchrior
824 2142 857 2198 et
873 2133 991 2199 sortior
1010 2135 1126 2202 evasit.
1143 2136 1267 2201 Divina
1281 2137 1385 2202 virtus
1412 2147 1512 2202 tutam

409 2238 452 2303 ab
467 2238 660 2303 hominibus
675 2238 764 2302 iacit.
780 2273 824 2288 -
841 2237 1007 2303 Novimus
1023 2239 1211 2324 Episcopos
1225 2261 1233 2318 ;
1248 2260 1315 2306 non
1326 2242 1517 2324 ignoramus

409 2353 555 2408 ceterum
573 2342 692 2407 Italiae
709 2343 832 2406 clerum
849 2366 856 2407 :
871 2343 899 2406 si
916 2343 1018 2408 ineos
1034 2363 1130 2408 casus
1146 2344 1379 2422 inciderint,ut
1397 2347 1514 2410 alteru·

408 2458 496 2512 trum
514 2467 650 2511 necesse
665 2448 718 2524 sit,
741 2446 917 2529 displicere
940 2448 1142 2526 hominibus,
1167 2457 1226 2514 aut
1250 2449 1284 2512 in
1300 2447 1422 2514 officiis
1448 2467 1518 2512 san·

255 2607 273 2650 d
347 2612 357 2650 t
408 2553 565 2616 ctissimis
590 2551 792 2634 delinquere,
818 2571 887 2615 non
910 2552 1105 2617 dubitamus
1129 2553 1209 2636 quid
1237 2554 1343 2620 acturi
1359 2555 1439 2619 sint.
1455 2552 1516 2619 Sed

232 2613 383 2734 'inm'
409 2656 490 2720 illud
515 2656 588 2719 Nos
604 2655 817 2734 vehementer
833 2655 1015 2732 excruciat,
1027 2653 1214 2719 Ecclesiam
1231 2664 1266 2720 et
1282 2653 1516 2720 Pontificatum

232 2725 382 2835 istim*
409 2759 612 2844 pervicacius
629 2758 661 2821 in
688 2755 788 2822 Italia
810 2758 1009 2842 oppugnari,
1023 2778 1100 2823 cum
1130 2769 1244 2823 tamen
1267 2757 1338 2822 itali
1365 2759 1519 2822 homines

410 2883 548 2929 numero
560 2863 661 2945 longe
676 2863 828 2927 maximo
855 2861 1091 2927 Pontificatum
1115 2872 1150 2927 et
1175 2861 1361 2926 Ecclesiam
1387 2862 1515 2945 religio·

408 2971 538 3034 sissime
553 2968 731 3032 observent
746 2975 780 3031 et
795 2967 908 3031 colant
923 2967 1115 3032 constantia
1126 2965 1279 3044 mirabili,
1295 2977 1330 3030 et
1345 2966 1389 3029 ab
1404 2966 1519 3030 Eccle-

229 3099 325 3154 propur
346 3109 382 3140 se.
408 3075 456 3139 sia
478 3083 547 3138 eta
576 3069 776 3137 Pontificatu
803 3069 935 3135 infinita
962 3071 1011 3134 vis
1041 3069 1280 3136 beneficiorum
1307 3071 1340 3133 in
1368 3069 1514 3134 italicum

232 3155 382 3265 ⁰,¹,{¹,·‘,¹,¹,{‘,¹„ff,‘f'
408 3197 529 3241 nomen
546 3195 678 3258 semper
704 3173 884 3240 influxerit.
913 3172 1001 3239 lllud
1027 3193 1089 3239 nos
1116 3175 1239 3257 pariter
1265 3173 1370 3257 angit,
1389 3174 1516 3238 cunctis

407 3282 527 3364 opibus
542 3279 733 3361 viribusque
756 3279 940 3344 secundum
966 3288 1045 3343 vota
1059 3288 1222 3342 sectarum
1237 3277 1403 3342 elaborari
1422 3287 1459 3342 ut
1475 3276 1519 3340 ab
1619 3335 1620 3365 ,

228 3429 326 3483 mm,
344 3425 381 3471 d„
408 3385 578 3450 Ecclesiae
607 3383 788 3466 complexu
811 3383 865 3446 hic
890 3381 1104 3446 abstrahatur
1126 3382 1281 3465 populus,
1302 3383 1335 3445 in
1362 3391 1514 3446 materno

230 3483 381 3603 {3324ng
407 3489 510 3572 ipsius
526 3488 600 3550 sinu
623 3486 711 3550 altus
727 3496 828 3569 atque
843 3486 1028 3550 educatus:
1044 3506 1106 3551 nec
1123 3487 1231 3549 minus
1247 3485 1412 3563 dolemus,
1424 3483 1516 3568 quod

229 3601 299 3647 litem
336 3611 380 3663 ra·
405 3592 545 3658 consilio
561 3590 619 3655 fiat
634 3590 792 3673 asperius,
805 3589 1004 3673 longiusque
1018 3589 1258 3655 ducaturistud
1276 3608 1352 3653 curn
1366 3588 1520 3652 Ecclesia

230 3674 286 3706 Μ’
405 3697 590 3773 dissidium,
605 3696 695 3778 quod
714 3691 795 3767 Nos,
811 3703 845 3758 et
864 3693 1034 3758 Ecclesiae
1053 3695 1157 3777 ipsius
1184 3695 1303 3757 caussa
1319 3702 1353 3756 et
1377 3693 1521 3756 caritate

404 3801 540 3885 patriae.
555 3797 704 3863 maxime
720 3797 871 3876 velimus,
886 3808 924 3863 ut
939 3817 1040 3882 saepe
1051 3799 1211 3875 diximus,
1222 3817 1292 3880 quo
1304 3797 1407 3860 modo
1424 3795 1516 3860 iusti·

404 3909 458 3982 tia,
476 3904 640 3986 Sedisque
655 3900 876 3983 Apostolicae
892 3902 963 3965 iura
979 3901 1161 3984 postulant,
1176 3901 1317 3965 omnino
1336 3897 1517 3964 sublatum.

404 4007 509 4087 Velle,
533 4007 673 4090 imperia
693 4015 856 4092 perpetuo
886 4025 963 4070 curn
991 4003 1143 4069 Ecclesia
1170 4003 1359 4088 confligere,
1375 4003 1518 4067 stultum

403 4114 577 4178 consilium
594 4120 655 4189 est,
671 4109 987 4193 perniciosissimum
1006 4109 1105 4173 rebus
1121 4109 1284 4191 publicis:
1301 4107 1383 4172 nulli
1398 4115 1515 4170 tamen

403 4238 504 4301 quam
519 4217 682 4281 Italorum
694 4214 806 4296 generi
819 4214 1093 4297 perniciosius.—
1102 4211 1343 4296 Quamobrem,
1355 4211 1515 4294 quoniam

405 4323 500 4402 plura
516 4342 582 4385 non
600 4339 789 4402 possumus,
804 4319 906 4383 etiarn
923 4329 1026 4402 atque
1041 4319 1144 4383 etiam
1162 4319 1272 4384 Deum
1291 4318 1520 4388 obsecramus,

405 4422 469 4486 huc
487 4423 649 4505 propitius
666 4421 830 4503 respiciat,
848 4421 1021 4485 meliorum
1048 4433 1238 4504 temporum
1255 4431 1371 4486 auctor
1387 4417 1517 4484 :nomi-
