<?xml version="1.0" encoding="UTF-8"?>
<!DOCTYPE html PUBLIC "-//W3C//DTD XHTML 1.0 Transitional//EN"
    "http://www.w3.org/TR/xhtml1/DTD/xhtml1-transitional.dtd">
<html xmlns="http://www.w3.org/1999/xhtml" xml:lang="en" lang="en">
 <head>
  <title>
</title>
<meta http-equiv="Content-Type" content="text/html;charset=utf-8" />
  <meta name='ocr-system' content='tesseract 3.04.00' />
  <meta name='ocr-capabilities' content='ocr_page ocr_carea ocr_par ocr_line ocrx_word'/>
</head>
<body>
  <div class='ocr_page' id='page_1' title='image "./sanctissimidomi03xiiigoog_0560.png"; bbox 0 0 3172 4874; ppageno 0'>
   <div class='ocr_carea' id='block_1_1' title="bbox 293 359 1204 432">
    <p class='ocr_par' dir='ltr' id='par_1_1' title="bbox 293 359 1204 432">
     <span class='ocr_line' id='line_1_1' title="bbox 293 359 1204 432; baseline -0.013 -10"><span class='ocrx_word' id='word_1_1' title='bbox 293 413 299 422; x_wconf 83' lang='lat'><em>‚</em></span> <span class='ocrx_word' id='word_1_2' title='bbox 395 365 446 414; x_wconf 76' lang='lat' dir='ltr'>DE</span> <span class='ocrx_word' id='word_1_3' title='bbox 463 363 704 415; x_wconf 87' lang='lat' dir='ltr'><strong>CONDITIONE</strong></span> <span class='ocrx_word' id='word_1_4' title='bbox 723 363 931 414; x_wconf 85' lang='lat' dir='ltr'>OPIFICUM.&#39;</span> <span class='ocrx_word' id='word_1_5' title='bbox 1138 359 1204 432; x_wconf 83' lang='grc'>195</span> 
     </span>
    </p>
   </div>
   <div class='ocr_carea' id='block_1_2' title="bbox 95 542 1348 636">
    <p class='ocr_par' dir='ltr' id='par_1_2' title="bbox 95 542 1348 636">
     <span class='ocr_line' id='line_1_2' title="bbox 95 542 1348 636; baseline 0 -27"><span class='ocrx_word' id='word_1_6' title='bbox 95 567 173 610; x_wconf 84' lang='lat' dir='ltr'>rum</span> <span class='ocrx_word' id='word_1_7' title='bbox 189 555 331 609; x_wconf 79' lang='lat' dir='ltr'>usrtsest</span> <span class='ocrx_word' id='word_1_8' title='bbox 347 545 544 610; x_wconf 81' lang='lat' dir='ltr'>necessarius</span> <span class='ocrx_word' id='word_1_9' title='bbox 558 545 606 608; x_wconf 85' lang='lat' dir='ltr'>ad</span> <span class='ocrx_word' id='word_1_10' title='bbox 626 555 734 608; x_wconf 88' lang='lat' dir='ltr'>actum</span> <span class='ocrx_word' id='word_1_11' title='bbox 759 543 1135 624; x_wconf 75' lang='lat' dir='ltr'>virtutis(1).1arnver0</span> <span class='ocrx_word' id='word_1_12' title='bbox 1157 542 1209 608; x_wconf 89' lang='lat' dir='ltr'>his</span> <span class='ocrx_word' id='word_1_13' title='bbox 1268 549 1348 636; x_wconf 62' lang='lat' dir='ltr'>M&#39;j„</span> 
     </span>
    </p>
   </div>
   <div class='ocr_carea' id='block_1_3' title="bbox 96 645 1345 730">
    <p class='ocr_par' dir='ltr' id='par_1_3' title="bbox 96 645 1345 730">
     <span class='ocr_line' id='line_1_3' title="bbox 96 645 1345 730; baseline -0.006 -19"><span class='ocrx_word' id='word_1_14' title='bbox 96 648 269 730; x_wconf 88' lang='lat' dir='ltr'>pariendis</span> <span class='ocrx_word' id='word_1_15' title='bbox 284 648 382 710; x_wconf 89' lang='lat' dir='ltr'>bouis</span> <span class='ocrx_word' id='word_1_16' title='bbox 397 657 448 710; x_wconf 92' lang='lat' dir='ltr'>est</span> <span class='ocrx_word' id='word_1_17' title='bbox 464 647 718 728; x_wconf 89' lang='lat' dir='ltr'>proletariorum</span> <span class='ocrx_word' id='word_1_18' title='bbox 736 648 886 710; x_wconf 86' lang='lat' dir='ltr'>maxime</span> <span class='ocrx_word' id='word_1_19' title='bbox 901 645 1021 709; x_wconf 88' lang='lat' dir='ltr'>efficax</span> <span class='ocrx_word' id='word_1_20' title='bbox 1041 665 1079 708; x_wconf 90' lang='lat' dir='ltr'>ac</span> <span class='ocrx_word' id='word_1_21' title='bbox 1096 665 1208 708; x_wconf 89' lang='lat' dir='ltr'>neces·</span> <span class='ocrx_word' id='word_1_22' title='bbox 1278 646 1345 704; x_wconf 78' lang='lat'><em>1891·</em></span> 
     </span>
    </p>
   </div>
   <div class='ocr_carea' id='block_1_4' title="bbox 96 747 1386 860">
    <p class='ocr_par' dir='ltr' id='par_1_4' title="bbox 96 747 1386 860">
     <span class='ocr_line' id='line_1_4' title="bbox 96 747 1386 860; baseline -0.004 -46"><span class='ocrx_word' id='word_1_23' title='bbox 96 752 203 814; x_wconf 88' lang='lat' dir='ltr'>sarius</span> <span class='ocrx_word' id='word_1_24' title='bbox 220 750 325 828; x_wconf 90' lang='lat' dir='ltr'>labor,</span> <span class='ocrx_word' id='word_1_25' title='bbox 347 749 466 814; x_wconf 90' lang='lat' dir='ltr'>sivein</span> <span class='ocrx_word' id='word_1_26' title='bbox 482 751 570 832; x_wconf 85' lang='lat' dir='ltr'>agris</span> <span class='ocrx_word' id='word_1_27' title='bbox 588 760 694 814; x_wconf 92' lang='lat' dir='ltr'>artem</span> <span class='ocrx_word' id='word_1_28' title='bbox 711 761 812 832; x_wconf 89' lang='lat' dir='ltr'>atque</span> <span class='ocrx_word' id='word_1_29' title='bbox 836 770 983 826; x_wconf 92' lang='lat' dir='ltr'>manum,</span> <span class='ocrx_word' id='word_1_30' title='bbox 1003 749 1122 814; x_wconf 88' lang='lat' dir='ltr'>sivein</span> <span class='ocrx_word' id='word_1_31' title='bbox 1138 747 1210 812; x_wconf 86' lang='lat' dir='ltr'>offi·</span> <span class='ocrx_word' id='word_1_32' title='bbox 1235 753 1386 860; x_wconf 47' lang='lat' dir='ltr'>“imm</span> 
     </span>
    </p>
   </div>
   <div class='ocr_carea' id='block_1_5' title="bbox 95 853 1349 934">
    <p class='ocr_par' dir='ltr' id='par_1_5' title="bbox 95 853 1349 934">
     <span class='ocr_line' id='line_1_5' title="bbox 95 853 1349 934; baseline 0.001 -18"><span class='ocrx_word' id='word_1_33' title='bbox 95 855 180 917; x_wconf 91' lang='lat' dir='ltr'>cinis</span> <span class='ocrx_word' id='word_1_34' title='bbox 204 863 395 918; x_wconf 83' lang='lat' dir='ltr'><strong>exerceant.</strong></span> <span class='ocrx_word' id='word_1_35' title='bbox 415 853 527 917; x_wconf 91' lang='lat' dir='ltr'>Immo</span> <span class='ocrx_word' id='word_1_36' title='bbox 552 873 668 917; x_wconf 89' lang='lat' dir='ltr'>eorum</span> <span class='ocrx_word' id='word_1_37' title='bbox 685 854 718 916; x_wconf 93' lang='lat' dir='ltr'>in</span> <span class='ocrx_word' id='word_1_38' title='bbox 746 853 810 915; x_wconf 92' lang='lat' dir='ltr'>hoc</span> <span class='ocrx_word' id='word_1_39' title='bbox 831 871 952 934; x_wconf 82' lang='lat' dir='ltr'>genere</span> <span class='ocrx_word' id='word_1_40' title='bbox 975 854 1026 916; x_wconf 93' lang='lat' dir='ltr'>vis</span> <span class='ocrx_word' id='word_1_41' title='bbox 1042 860 1092 914; x_wconf 88' lang='lat' dir='ltr'>est</span> <span class='ocrx_word' id='word_1_42' title='bbox 1108 860 1209 934; x_wconf 89' lang='lat' dir='ltr'>atque</span> <span class='ocrx_word' id='word_1_43' title='bbox 1248 887 1349 919; x_wconf 72' lang='lat' dir='ltr'>anorum</span> 
     </span>
    </p>
   </div>
   <div class='ocr_carea' id='block_1_6' title="bbox 98 939 1387 1052">
    <p class='ocr_par' dir='ltr' id='par_1_6' title="bbox 98 939 1387 1052">
     <span class='ocr_line' id='line_1_6' title="bbox 98 939 1387 1052; baseline 0.001 -30"><span class='ocrx_word' id='word_1_44' title='bbox 98 957 280 1022; x_wconf 83' lang='lat' dir='ltr'>efficientia</span> <span class='ocrx_word' id='word_1_45' title='bbox 297 967 401 1034; x_wconf 87' lang='lat' dir='ltr'>tanta,</span> <span class='ocrx_word' id='word_1_46' title='bbox 417 957 552 1022; x_wconf 92' lang='lat' dir='ltr'>utillud</span> <span class='ocrx_word' id='word_1_47' title='bbox 571 958 780 1020; x_wconf 89' lang='lat' dir='ltr'>verissimum</span> <span class='ocrx_word' id='word_1_48' title='bbox 797 957 848 1032; x_wconf 88' lang='lat' dir='ltr'>sit,</span> <span class='ocrx_word' id='word_1_49' title='bbox 864 976 931 1020; x_wconf 90' lang='lat' dir='ltr'>uon</span> <span class='ocrx_word' id='word_1_50' title='bbox 949 954 1084 1020; x_wconf 85' lang='lat' dir='ltr'>aliunde</span> <span class='ocrx_word' id='word_1_51' title='bbox 1106 975 1208 1037; x_wconf 90' lang='lat' dir='ltr'>quam</span> <span class='ocrx_word' id='word_1_52' title='bbox 1231 939 1387 1052; x_wconf 52' lang='lat' dir='ltr'>{mm</span> 
     </span>
    </p>
   </div>
   <div class='ocr_carea' id='block_1_7' title="bbox 95 1051 1377 1248">
    <p class='ocr_par' dir='ltr' id='par_1_7' title="bbox 95 1051 1377 1248">
     <span class='ocr_line' id='line_1_7' title="bbox 95 1051 1377 1145; baseline -0.014 -21"><span class='ocrx_word' id='word_1_53' title='bbox 95 1081 141 1124; x_wconf 89' lang='lat' dir='ltr'>ex</span> <span class='ocrx_word' id='word_1_54' title='bbox 157 1060 319 1145; x_wconf 89' lang='lat' dir='ltr'>opificum</span> <span class='ocrx_word' id='word_1_55' title='bbox 335 1061 449 1126; x_wconf 90' lang='lat' dir='ltr'>labore</span> <span class='ocrx_word' id='word_1_56' title='bbox 464 1061 557 1144; x_wconf 84' lang='lat' dir='ltr'>gigni</span> <span class='ocrx_word' id='word_1_57' title='bbox 574 1061 709 1124; x_wconf 92' lang='lat' dir='ltr'>divitias</span> <span class='ocrx_word' id='word_1_58' title='bbox 725 1061 908 1124; x_wconf 88' lang='lat' dir='ltr'>civitatum.</span> <span class='ocrx_word' id='word_1_59' title='bbox 926 1059 1025 1123; x_wconf 91' lang='lat' dir='ltr'>lubet</span> <span class='ocrx_word' id='word_1_60' title='bbox 1039 1060 1141 1142; x_wconf 80' lang='lat' dir='ltr'>igitur</span> <span class='ocrx_word' id='word_1_61' title='bbox 1157 1079 1210 1122; x_wconf 75' lang='lat' dir='ltr'>ae.</span> <span class='ocrx_word' id='word_1_62' title='bbox 1233 1051 1377 1112; x_wconf 65' lang='lat' dir='ltr'>prestando,</span> 
     </span>
     <span class='ocr_line' id='line_1_8' title="bbox 95 1163 1210 1248; baseline -0.004 -18"><span class='ocrx_word' id='word_1_63' title='bbox 95 1166 217 1247; x_wconf 78' lang='lat' dir='ltr'>quites,</span> <span class='ocrx_word' id='word_1_64' title='bbox 232 1185 347 1229; x_wconf 88' lang='lat' dir='ltr'>curam</span> <span class='ocrx_word' id='word_1_65' title='bbox 372 1165 414 1228; x_wconf 89' lang='lat' dir='ltr'>de</span> <span class='ocrx_word' id='word_1_66' title='bbox 439 1163 621 1247; x_wconf 88' lang='lat' dir='ltr'>proletario</span> <span class='ocrx_word' id='word_1_67' title='bbox 638 1164 771 1246; x_wconf 92' lang='lat' dir='ltr'>publice</span> <span class='ocrx_word' id='word_1_68' title='bbox 786 1165 866 1246; x_wconf 87' lang='lat' dir='ltr'>geri,</span> <span class='ocrx_word' id='word_1_69' title='bbox 881 1175 918 1228; x_wconf 92' lang='lat' dir='ltr'>ut</span> <span class='ocrx_word' id='word_1_70' title='bbox 933 1185 979 1227; x_wconf 88' lang='lat' dir='ltr'>ex</span> <span class='ocrx_word' id='word_1_71' title='bbox 995 1183 1046 1242; x_wconf 88' lang='lat' dir='ltr'>eo,</span> <span class='ocrx_word' id='word_1_72' title='bbox 1060 1166 1153 1246; x_wconf 92' lang='lat' dir='ltr'>quod</span> <span class='ocrx_word' id='word_1_73' title='bbox 1176 1167 1210 1248; x_wconf 90' lang='lat' dir='ltr'>in</span> 
     </span>
    </p>
   </div>
   <div class='ocr_carea' id='block_1_8' title="bbox 94 1260 1390 1454">
    <p class='ocr_par' dir='ltr' id='par_1_8' title="bbox 94 1260 1390 1454">
     <span class='ocr_line' id='line_1_9' title="bbox 94 1260 1390 1351; baseline 0 -19"><span class='ocrx_word' id='word_1_74' title='bbox 94 1288 313 1332; x_wconf 91' lang='lat' dir='ltr'>communem</span> <span class='ocrx_word' id='word_1_75' title='bbox 325 1265 422 1332; x_wconf 83' lang='lat' dir='ltr'>affert</span> <span class='ocrx_word' id='word_1_76' title='bbox 432 1269 623 1346; x_wconf 89' lang='lat' dir='ltr'>utilitatem,</span> <span class='ocrx_word' id='word_1_77' title='bbox 634 1267 797 1350; x_wconf 90' lang='lat' dir='ltr'>percipiat</span> <span class='ocrx_word' id='word_1_78' title='bbox 813 1269 885 1350; x_wconf 91' lang='lat' dir='ltr'>ipse</span> <span class='ocrx_word' id='word_1_79' title='bbox 896 1267 1033 1351; x_wconf 88' lang='lat' dir='ltr'>aliquid,</span> <span class='ocrx_word' id='word_1_80' title='bbox 1045 1279 1082 1332; x_wconf 90' lang='lat' dir='ltr'>ut</span> <span class='ocrx_word' id='word_1_81' title='bbox 1094 1279 1211 1346; x_wconf 88' lang='lat' dir='ltr'>tectus,</span> <span class='ocrx_word' id='word_1_82' title='bbox 1271 1260 1390 1320; x_wconf 53' lang='lat' dir='ltr'>‘&#39;vigil‘&#39;</span> 
     </span>
     <span class='ocr_line' id='line_1_10' title="bbox 95 1327 1389 1454; baseline -0.002 -18"><span class='ocrx_word' id='word_1_83' title='bbox 95 1382 133 1436; x_wconf 93' lang='lat' dir='ltr'>ut</span> <span class='ocrx_word' id='word_1_84' title='bbox 142 1372 295 1448; x_wconf 89' lang='lat' dir='ltr'>vestitus,</span> <span class='ocrx_word' id='word_1_85' title='bbox 305 1382 341 1434; x_wconf 91' lang='lat' dir='ltr'>ut</span> <span class='ocrx_word' id='word_1_86' title='bbox 352 1371 464 1435; x_wconf 89' lang='lat' dir='ltr'>salvus</span> <span class='ocrx_word' id='word_1_87' title='bbox 474 1371 578 1435; x_wconf 89' lang='lat' dir='ltr'>vitam</span> <span class='ocrx_word' id='word_1_88' title='bbox 591 1371 733 1435; x_wconf 89' lang='lat' dir='ltr'>tolerare</span> <span class='ocrx_word' id='word_1_89' title='bbox 749 1373 859 1435; x_wconf 87' lang='lat' dir='ltr'>minus</span> <span class='ocrx_word' id='word_1_90' title='bbox 871 1391 970 1454; x_wconf 84' lang='lat' dir='ltr'>aegre</span> <span class='ocrx_word' id='word_1_91' title='bbox 982 1374 1098 1454; x_wconf 85' lang='lat' dir='ltr'>possit.</span> <span class='ocrx_word' id='word_1_92' title='bbox 1110 1371 1211 1436; x_wconf 90' lang='lat' dir='ltr'>Unde</span> <span class='ocrx_word' id='word_1_93' title='bbox 1236 1327 1389 1432; x_wconf 38' lang='lat' dir='ltr'>maferez:</span> 
     </span>
    </p>
   </div>
   <div class='ocr_carea' id='block_1_9' title="bbox 95 1445 1389 1558">
    <p class='ocr_par' dir='ltr' id='par_1_9' title="bbox 95 1445 1389 1558">
     <span class='ocr_line' id='line_1_11' title="bbox 95 1445 1389 1558; baseline 0.007 -20"><span class='ocrx_word' id='word_1_94' title='bbox 95 1474 322 1557; x_wconf 83' lang='lat' dir='ltr'>consequitur,</span> <span class='ocrx_word' id='word_1_95' title='bbox 344 1473 524 1538; x_wconf 82' lang='lat' dir='ltr'>favendum</span> <span class='ocrx_word' id='word_1_96' title='bbox 543 1475 642 1538; x_wconf 90' lang='lat' dir='ltr'>rebus</span> <span class='ocrx_word' id='word_1_97' title='bbox 659 1475 818 1538; x_wconf 91' lang='lat' dir='ltr'>omnibus</span> <span class='ocrx_word' id='word_1_98' title='bbox 834 1495 906 1538; x_wconf 88' lang='lat' dir='ltr'>esse</span> <span class='ocrx_word' id='word_1_99' title='bbox 922 1496 1009 1558; x_wconf 90' lang='lat' dir='ltr'>quae</span> <span class='ocrx_word' id='word_1_100' title='bbox 1028 1476 1213 1540; x_wconf 88' lang='lat' dir='ltr'>conditioni</span> <span class='ocrx_word' id='word_1_101' title='bbox 1239 1445 1389 1547; x_wconf 44' lang='lat' dir='ltr'>msam</span> 
     </span>
    </p>
   </div>
   <div class='ocr_carea' id='block_1_10' title="bbox 95 1556 1389 1663">
    <p class='ocr_par' dir='ltr' id='par_1_10' title="bbox 95 1556 1389 1663">
     <span class='ocr_line' id='line_1_12' title="bbox 95 1556 1389 1663; baseline -0.002 -19"><span class='ocrx_word' id='word_1_102' title='bbox 95 1579 258 1663; x_wconf 90' lang='lat' dir='ltr'>opificum</span> <span class='ocrx_word' id='word_1_103' title='bbox 281 1597 417 1661; x_wconf 89' lang='lat' dir='ltr'>quoquo</span> <span class='ocrx_word' id='word_1_104' title='bbox 441 1579 544 1642; x_wconf 92' lang='lat' dir='ltr'>modo</span> <span class='ocrx_word' id='word_1_105' title='bbox 574 1577 753 1642; x_wconf 89' lang='lat' dir='ltr'>videantur</span> <span class='ocrx_word' id='word_1_106' title='bbox 785 1579 986 1659; x_wconf 81' lang='lat' dir='ltr'>profuturae.</span> <span class='ocrx_word' id='word_1_107' title='bbox 1016 1579 1112 1662; x_wconf 83' lang='lat' dir='ltr'>Quae</span> <span class='ocrx_word' id='word_1_108' title='bbox 1135 1601 1214 1645; x_wconf 89' lang='lat' dir='ltr'>cura</span> <span class='ocrx_word' id='word_1_109' title='bbox 1239 1556 1389 1662; x_wconf 54' lang='lat' dir='ltr'>Jussff</span> 
     </span>
    </p>
   </div>
   <div class='ocr_carea' id='block_1_11' title="bbox 91 1677 1393 2065">
    <p class='ocr_par' dir='ltr' id='par_1_11' title="bbox 91 1677 1393 2065">
     <span class='ocr_line' id='line_1_13' title="bbox 91 1677 1393 1781; baseline -0.005 -32"><span class='ocrx_word' id='word_1_110' title='bbox 91 1695 232 1749; x_wconf 88' lang='lat' dir='ltr'>tantum</span> <span class='ocrx_word' id='word_1_111' title='bbox 248 1685 342 1748; x_wconf 89' lang='lat' dir='ltr'>abest</span> <span class='ocrx_word' id='word_1_112' title='bbox 356 1691 393 1746; x_wconf 89' lang='lat' dir='ltr'>ut</span> <span class='ocrx_word' id='word_1_113' title='bbox 405 1693 524 1747; x_wconf 88' lang='lat' dir='ltr'>noceat</span> <span class='ocrx_word' id='word_1_114' title='bbox 539 1683 708 1765; x_wconf 88' lang='lat' dir='ltr'>cuiquam,</span> <span class='ocrx_word' id='word_1_115' title='bbox 722 1693 759 1746; x_wconf 92' lang='lat' dir='ltr'>ut</span> <span class='ocrx_word' id='word_1_116' title='bbox 776 1683 889 1765; x_wconf 90' lang='lat' dir='ltr'>potius</span> <span class='ocrx_word' id='word_1_117' title='bbox 900 1683 1074 1765; x_wconf 78' lang='lat' dir='ltr'>profutura</span> <span class='ocrx_word' id='word_1_118' title='bbox 1087 1687 1129 1748; x_wconf 87' lang='lat' dir='ltr'>sit</span> <span class='ocrx_word' id='word_1_119' title='bbox 1142 1687 1215 1748; x_wconf 91' lang='lat' dir='ltr'>uni·</span> <span class='ocrx_word' id='word_1_120' title='bbox 1255 1677 1343 1781; x_wconf 51' lang='lat' dir='ltr'>‘w</span> <span class='ocrx_word' id='word_1_121' title='bbox 1368 1739 1393 1778; x_wconf 52' lang='lat' dir='ltr'><em>n</em></span> 
     </span>
     <span class='ocr_line' id='line_1_14' title="bbox 91 1744 1390 1872; baseline -0.012 -19"><span class='ocrx_word' id='word_1_122' title='bbox 91 1791 205 1868; x_wconf 90' lang='lat' dir='ltr'>versis,</span> <span class='ocrx_word' id='word_1_123' title='bbox 227 1789 306 1872; x_wconf 90' lang='lat' dir='ltr'>quia</span> <span class='ocrx_word' id='word_1_124' title='bbox 321 1807 389 1851; x_wconf 91' lang='lat' dir='ltr'>uon</span> <span class='ocrx_word' id='word_1_125' title='bbox 405 1807 478 1850; x_wconf 90' lang='lat' dir='ltr'>esse</span> <span class='ocrx_word' id='word_1_126' title='bbox 500 1788 658 1851; x_wconf 89' lang='lat' dir='ltr'>omnibus</span> <span class='ocrx_word' id='word_1_127' title='bbox 681 1788 791 1852; x_wconf 88' lang='lat' dir='ltr'>modis</span> <span class='ocrx_word' id='word_1_128' title='bbox 811 1807 869 1850; x_wconf 89' lang='lat' dir='ltr'>eos</span> <span class='ocrx_word' id='word_1_129' title='bbox 894 1791 1042 1867; x_wconf 88' lang='lat' dir='ltr'>miseros,</span> <span class='ocrx_word' id='word_1_130' title='bbox 1057 1811 1077 1851; x_wconf 92' lang='lat' dir='ltr'>a</span> <span class='ocrx_word' id='word_1_131' title='bbox 1093 1791 1214 1872; x_wconf 86' lang='lat' dir='ltr'>quibus</span> <span class='ocrx_word' id='word_1_132' title='bbox 1234 1744 1390 1866; x_wconf 47' lang='lat' dir='ltr'>ddsi‘percr-</span> 
     </span>
     <span class='ocr_line' id='line_1_15' title="bbox 93 1862 1317 1977; baseline -0.002 -20"><span class='ocrx_word' id='word_1_133' title='bbox 93 1905 164 1958; x_wconf 90' lang='lat' dir='ltr'>tam</span> <span class='ocrx_word' id='word_1_134' title='bbox 185 1890 378 1957; x_wconf 85' lang='lat' dir='ltr'>necessaria</span> <span class='ocrx_word' id='word_1_135' title='bbox 400 1890 490 1954; x_wconf 92' lang='lat' dir='ltr'>bona</span> <span class='ocrx_word' id='word_1_136' title='bbox 506 1889 776 1974; x_wconf 90' lang='lat' dir='ltr'>proficiscuntur,</span> <span class='ocrx_word' id='word_1_137' title='bbox 792 1911 927 1972; x_wconf 90' lang='lat' dir='ltr'>prorsus</span> <span class='ocrx_word' id='word_1_138' title='bbox 948 1894 1086 1957; x_wconf 91' lang='lat' dir='ltr'>interest</span> <span class='ocrx_word' id='word_1_139' title='bbox 1107 1895 1215 1977; x_wconf 90' lang='lat' dir='ltr'>reipu·</span> <span class='ocrx_word' id='word_1_140' title='bbox 1236 1862 1317 1914; x_wconf 60' lang='lat' dir='ltr'>pam,</span> 
     </span>
     <span class='ocr_line' id='line_1_16' title="bbox 99 2001 220 2065; baseline -0.008 0"><span class='ocrx_word' id='word_1_141' title='bbox 99 2001 220 2065; x_wconf 87' lang='lat' dir='ltr'>blicae.</span> 
     </span>
    </p>
   </div>
   <div class='ocr_carea' id='block_1_12' title="bbox 143 2099 1390 2187">
    <p class='ocr_par' dir='ltr' id='par_1_12' title="bbox 143 2099 1390 2187">
     <span class='ocr_line' id='line_1_17' title="bbox 143 2099 1390 2187; baseline -0.003 -18"><span class='ocrx_word' id='word_1_142' title='bbox 143 2105 225 2168; x_wconf 89' lang='lat' dir='ltr'>Non</span> <span class='ocrx_word' id='word_1_143' title='bbox 242 2103 360 2178; x_wconf 91' lang='lat' dir='ltr'>civem,</span> <span class='ocrx_word' id='word_1_144' title='bbox 375 2111 412 2166; x_wconf 92' lang='lat' dir='ltr'>ut</span> <span class='ocrx_word' id='word_1_145' title='bbox 426 2101 588 2177; x_wconf 84' lang='lat' dir='ltr'>diximus,</span> <span class='ocrx_word' id='word_1_146' title='bbox 612 2121 680 2163; x_wconf 89' lang='lat' dir='ltr'>non</span> <span class='ocrx_word' id='word_1_147' title='bbox 705 2099 866 2164; x_wconf 82' lang='lat' dir='ltr'>familiam</span> <span class='ocrx_word' id='word_1_148' title='bbox 884 2101 1053 2165; x_wconf 84' lang='lat' dir='ltr'>absorberi</span> <span class='ocrx_word' id='word_1_149' title='bbox 1075 2124 1095 2166; x_wconf 90' lang='lat' dir='ltr'>a</span> <span class='ocrx_word' id='word_1_150' title='bbox 1119 2125 1214 2187; x_wconf 89' lang='lat' dir='ltr'>repu-</span> <span class='ocrx_word' id='word_1_151' title='bbox 1251 2113 1390 2171; x_wconf 61' lang='lat' dir='ltr'>ellurum.</span> 
     </span>
    </p>
   </div>
   <div class='ocr_carea' id='block_1_13' title="bbox 1241 2175 1489 2232">
    <p class='ocr_par' dir='ltr' id='par_1_13' title="bbox 1241 2175 1489 2232">
     <span class='ocr_line' id='line_1_18' title="bbox 1241 2175 1489 2232; baseline -0.012 -14"><span class='ocrx_word' id='word_1_152' title='bbox 1241 2175 1284 2232; x_wconf 76' lang='lat' dir='ltr'>qui</span> <span class='ocrx_word' id='word_1_153' title='bbox 1330 2180 1392 2230; x_wconf 76' lang='lat' dir='ltr'>proe-</span> <span class='ocrx_word' id='word_1_154' title='bbox 1486 2185 1489 2193; x_wconf 65' lang='lat'>*</span> 
     </span>
    </p>
   </div>
   <div class='ocr_carea' id='block_1_14' title="bbox 100 2201 1391 2288">
    <p class='ocr_par' dir='ltr' id='par_1_14' title="bbox 100 2201 1391 2288">
     <span class='ocr_line' id='line_1_19' title="bbox 100 2201 1391 2288; baseline -0.005 -16"><span class='ocrx_word' id='word_1_155' title='bbox 100 2207 190 2272; x_wconf 90' lang='lat' dir='ltr'>blica</span> <span class='ocrx_word' id='word_1_156' title='bbox 220 2216 347 2270; x_wconf 88' lang='lat' dir='ltr'>rectum</span> <span class='ocrx_word' id='word_1_157' title='bbox 371 2213 447 2268; x_wconf 87' lang='lat' dir='ltr'>est:</span> <span class='ocrx_word' id='word_1_158' title='bbox 476 2224 573 2268; x_wconf 88' lang='lat' dir='ltr'>suam</span> <span class='ocrx_word' id='word_1_159' title='bbox 605 2203 738 2285; x_wconf 90' lang='lat' dir='ltr'>utrique</span> <span class='ocrx_word' id='word_1_160' title='bbox 771 2201 966 2266; x_wconf 82' lang='lat' dir='ltr'>facultatem</span> <span class='ocrx_word' id='word_1_161' title='bbox 991 2209 1113 2288; x_wconf 85' lang='lat' dir='ltr'>agendi</span> <span class='ocrx_word' id='word_1_162' title='bbox 1136 2229 1213 2272; x_wconf 90' lang='lat' dir='ltr'>cum</span> <span class='ocrx_word' id='word_1_163' title='bbox 1240 2238 1298 2278; x_wconf 69' lang='lat' dir='ltr'>sune</span> <span class='ocrx_word' id='word_1_164' title='bbox 1313 2231 1391 2288; x_wconf 56' lang='lat' dir='ltr'>respa.</span> 
     </span>
    </p>
   </div>
   <div class='ocr_carea' id='block_1_15' title="bbox 98 2292 1394 2396">
    <p class='ocr_par' dir='ltr' id='par_1_15' title="bbox 98 2292 1394 2396">
     <span class='ocr_line' id='line_1_20' title="bbox 98 2292 1394 2396; baseline -0.004 -16"><span class='ocrx_word' id='word_1_165' title='bbox 98 2318 255 2382; x_wconf 88' lang='lat' dir='ltr'>libertate</span> <span class='ocrx_word' id='word_1_166' title='bbox 279 2313 473 2396; x_wconf 88' lang='lat' dir='ltr'>permittere</span> <span class='ocrx_word' id='word_1_167' title='bbox 501 2333 646 2396; x_wconf 89' lang='lat' dir='ltr'>aequum</span> <span class='ocrx_word' id='word_1_168' title='bbox 672 2322 731 2388; x_wconf 89' lang='lat' dir='ltr'>est,</span> <span class='ocrx_word' id='word_1_169' title='bbox 755 2322 918 2395; x_wconf 90' lang='lat' dir='ltr'>quantum</span> <span class='ocrx_word' id='word_1_170' title='bbox 933 2300 1100 2380; x_wconf 90' lang='lat' dir='ltr'>incolumi</span> <span class='ocrx_word' id='word_1_171' title='bbox 1125 2319 1215 2383; x_wconf 93' lang='lat' dir='ltr'>bono</span> <span class='ocrx_word' id='word_1_172' title='bbox 1241 2292 1394 2396; x_wconf 47' lang='lat' dir='ltr'>mersum</span> 
     </span>
    </p>
   </div>
   <div class='ocr_carea' id='block_1_16' title="bbox 98 2410 1395 3024">
    <p class='ocr_par' dir='ltr' id='par_1_16' title="bbox 98 2410 1393 2821">
     <span class='ocr_line' id='line_1_21' title="bbox 98 2410 1393 2514; baseline 0.002 -29"><span class='ocrx_word' id='word_1_173' title='bbox 98 2421 270 2486; x_wconf 86' lang='lat' dir='ltr'>communi</span> <span class='ocrx_word' id='word_1_174' title='bbox 286 2429 320 2482; x_wconf 86' lang='lat' dir='ltr'>et</span> <span class='ocrx_word' id='word_1_175' title='bbox 335 2419 407 2481; x_wconf 88' lang='lat' dir='ltr'>sine</span> <span class='ocrx_word' id='word_1_176' title='bbox 422 2419 620 2501; x_wconf 90' lang='lat' dir='ltr'>cuiusquam</span> <span class='ocrx_word' id='word_1_177' title='bbox 638 2419 764 2481; x_wconf 89' lang='lat' dir='ltr'>iniuria</span> <span class='ocrx_word' id='word_1_178' title='bbox 780 2427 900 2500; x_wconf 91' lang='lat' dir='ltr'>potest.</span> <span class='ocrx_word' id='word_1_179' title='bbox 913 2419 1143 2487; x_wconf 88' lang='lat' dir='ltr'>Nihilominus</span> <span class='ocrx_word' id='word_1_180' title='bbox 1159 2424 1216 2502; x_wconf 92' lang='lat' dir='ltr'>eis,</span> <span class='ocrx_word' id='word_1_181' title='bbox 1241 2410 1336 2514; x_wconf 56' lang='lat' dir='ltr'>Pfflffi</span> <span class='ocrx_word' id='word_1_182' title='bbox 1369 2416 1393 2454; x_wconf 75' lang='lat'>‘²¹</span> 
     </span>
     <span class='ocr_line' id='line_1_22' title="bbox 99 2483 1248 2609; baseline 0.004 -19"><span class='ocrx_word' id='word_1_183' title='bbox 99 2525 158 2609; x_wconf 92' lang='lat' dir='ltr'>qui</span> <span class='ocrx_word' id='word_1_184' title='bbox 175 2526 350 2606; x_wconf 88' lang='lat' dir='ltr'>imperant,</span> <span class='ocrx_word' id='word_1_185' title='bbox 365 2523 547 2586; x_wconf 92' lang='lat' dir='ltr'>videndum</span> <span class='ocrx_word' id='word_1_186' title='bbox 577 2532 614 2587; x_wconf 92' lang='lat' dir='ltr'>ut</span> <span class='ocrx_word' id='word_1_187' title='bbox 637 2523 916 2588; x_wconf 88' lang='lat' dir='ltr'>communitatem</span> <span class='ocrx_word' id='word_1_188' title='bbox 941 2525 1078 2609; x_wconf 89' lang='lat' dir='ltr'>eiusque</span> <span class='ocrx_word' id='word_1_189' title='bbox 1101 2540 1213 2609; x_wconf 88' lang='lat' dir='ltr'>partes</span> <span class='ocrx_word' id='word_1_190' title='bbox 1238 2483 1248 2527; x_wconf 53' lang='lat' dir='ltr'>J</span> 
     </span>
     <span class='ocr_line' id='line_1_23' title="bbox 100 2625 1213 2710; baseline 0.002 -12"><span class='ocrx_word' id='word_1_191' title='bbox 100 2637 267 2698; x_wconf 86' lang='lat' dir='ltr'>tueantur.</span> <span class='ocrx_word' id='word_1_192' title='bbox 297 2625 585 2692; x_wconf 86' lang='lat' dir='ltr'>Communitatem</span> <span class='ocrx_word' id='word_1_193' title='bbox 619 2625 764 2708; x_wconf 89' lang='lat' dir='ltr'>quidem,</span> <span class='ocrx_word' id='word_1_194' title='bbox 788 2629 913 2710; x_wconf 92' lang='lat' dir='ltr'>quippe</span> <span class='ocrx_word' id='word_1_195' title='bbox 936 2648 1036 2710; x_wconf 91' lang='lat' dir='ltr'>quam</span> <span class='ocrx_word' id='word_1_196' title='bbox 1061 2651 1213 2701; x_wconf 88' lang='lat' dir='ltr'>summae</span> 
     </span>
     <span class='ocr_line' id='line_1_24' title="bbox 98 2730 1214 2821; baseline 0.008 -24"><span class='ocrx_word' id='word_1_197' title='bbox 98 2733 261 2820; x_wconf 88' lang='lat' dir='ltr'>potestati</span> <span class='ocrx_word' id='word_1_198' title='bbox 275 2730 538 2796; x_wconf 85' lang='lat' dir='ltr'>conservandam</span> <span class='ocrx_word' id='word_1_199' title='bbox 557 2739 677 2793; x_wconf 89' lang='lat' dir='ltr'>natura</span> <span class='ocrx_word' id='word_1_200' title='bbox 698 2732 867 2795; x_wconf 90' lang='lat' dir='ltr'>commisit</span> <span class='ocrx_word' id='word_1_201' title='bbox 880 2752 985 2816; x_wconf 87' lang='lat' dir='ltr'>usque</span> <span class='ocrx_word' id='word_1_202' title='bbox 997 2755 1047 2812; x_wconf 92' lang='lat' dir='ltr'>eo,</span> <span class='ocrx_word' id='word_1_203' title='bbox 1057 2746 1095 2802; x_wconf 94' lang='lat' dir='ltr'>ut</span> <span class='ocrx_word' id='word_1_204' title='bbox 1107 2742 1214 2821; x_wconf 91' lang='lat' dir='ltr'>publi-</span> 
     </span>
    </p>

    <p class='ocr_par' dir='ltr' id='par_1_17' title="bbox 99 2834 1215 2918">
     <span class='ocr_line' id='line_1_25' title="bbox 99 2834 1215 2918; baseline 0.007 -14"><span class='ocrx_word' id='word_1_205' title='bbox 99 2861 158 2904; x_wconf 89' lang='lat' dir='ltr'>cae</span> <span class='ocrx_word' id='word_1_206' title='bbox 174 2836 328 2902; x_wconf 90' lang='lat' dir='ltr'>custodia</span> <span class='ocrx_word' id='word_1_207' title='bbox 343 2834 460 2898; x_wconf 89' lang='lat' dir='ltr'>salutis</span> <span class='ocrx_word' id='word_1_208' title='bbox 477 2855 544 2898; x_wconf 90' lang='lat' dir='ltr'>non</span> <span class='ocrx_word' id='word_1_209' title='bbox 563 2836 666 2899; x_wconf 90' lang='lat' dir='ltr'>modo</span> <span class='ocrx_word' id='word_1_210' title='bbox 687 2856 843 2918; x_wconf 88' lang='lat' dir='ltr'>suprema</span> <span class='ocrx_word' id='word_1_211' title='bbox 859 2838 925 2914; x_wconf 91' lang='lat' dir='ltr'>lex,</span> <span class='ocrx_word' id='word_1_212' title='bbox 937 2839 995 2902; x_wconf 89' lang='lat' dir='ltr'>sed</span> <span class='ocrx_word' id='word_1_213' title='bbox 1008 2850 1081 2905; x_wconf 87' lang='lat' dir='ltr'>tota</span> <span class='ocrx_word' id='word_1_214' title='bbox 1097 2866 1215 2911; x_wconf 90' lang='lat' dir='ltr'>caussa</span> 
     </span>
    </p>

    <p class='ocr_par' dir='ltr' id='par_1_18' title="bbox 100 2929 1395 3024">
     <span class='ocr_line' id='line_1_26' title="bbox 100 2929 1395 3024; baseline 0.005 -17"><span class='ocrx_word' id='word_1_215' title='bbox 100 2945 143 3007; x_wconf 92' lang='lat' dir='ltr'>sit</span> <span class='ocrx_word' id='word_1_216' title='bbox 166 2941 320 3024; x_wconf 90' lang='lat' dir='ltr'>ratioque</span> <span class='ocrx_word' id='word_1_217' title='bbox 341 2939 571 3021; x_wconf 88' lang='lat' dir='ltr'>principatus:</span> <span class='ocrx_word' id='word_1_218' title='bbox 596 2947 710 3021; x_wconf 87' lang='lat' dir='ltr'>partes</span> <span class='ocrx_word' id='word_1_219' title='bbox 732 2959 820 3018; x_wconf 89' lang='lat' dir='ltr'>vero,</span> <span class='ocrx_word' id='word_1_220' title='bbox 843 2942 922 3022; x_wconf 88' lang='lat' dir='ltr'>quia</span> <span class='ocrx_word' id='word_1_221' title='bbox 944 2949 1213 3024; x_wconf 87' lang='lat' dir='ltr'>procurationem</span> <span class='ocrx_word' id='word_1_222' title='bbox 1292 2929 1395 2998; x_wconf 58' lang='lat'>‘&#39;⁷⁰73‘&#39;</span> 
     </span>
    </p>
   </div>
   <div class='ocr_carea' id='block_1_17' title="bbox 101 3001 1392 3130">
    <p class='ocr_par' dir='ltr' id='par_1_19' title="bbox 101 3001 1392 3130">
     <span class='ocr_line' id='line_1_27' title="bbox 101 3001 1392 3130; baseline 0.003 -18"><span class='ocrx_word' id='word_1_223' title='bbox 101 3045 304 3130; x_wconf 89' lang='lat' dir='ltr'>reipublicae</span> <span class='ocrx_word' id='word_1_224' title='bbox 320 3062 387 3106; x_wconf 92' lang='lat' dir='ltr'>non</span> <span class='ocrx_word' id='word_1_225' title='bbox 403 3044 447 3106; x_wconf 87' lang='lat' dir='ltr'>ad</span> <span class='ocrx_word' id='word_1_226' title='bbox 465 3042 647 3108; x_wconf 85' lang='lat' dir='ltr'>utilitatem</span> <span class='ocrx_word' id='word_1_227' title='bbox 677 3063 802 3122; x_wconf 89' lang='lat' dir='ltr'>eorum,</span> <span class='ocrx_word' id='word_1_228' title='bbox 817 3045 939 3126; x_wconf 83' lang='lat' dir='ltr'>quibus</span> <span class='ocrx_word' id='word_1_229' title='bbox 954 3051 1133 3116; x_wconf 87' lang='lat' dir='ltr'>commissa</span> <span class='ocrx_word' id='word_1_230' title='bbox 1156 3064 1207 3118; x_wconf 90' lang='lat' dir='ltr'>est</span> <span class='ocrx_word' id='word_1_231' title='bbox 1241 3001 1392 3099; x_wconf 35' lang='lat' dir='ltr'>{munau</span> 
     </span>
    </p>
   </div>
   <div class='ocr_carea' id='block_1_18' title="bbox 102 3103 1397 4161">
    <p class='ocr_par' dir='ltr' id='par_1_20' title="bbox 102 3103 1397 4161">
     <span class='ocr_line' id='line_1_28' title="bbox 102 3103 1393 3236; baseline 0.007 -19"><span class='ocrx_word' id='word_1_232' title='bbox 102 3141 168 3216; x_wconf 32' lang='lat' dir='ltr'>sed*</span> <span class='ocrx_word' id='word_1_233' title='bbox 178 3151 222 3216; x_wconf 90' lang='lat' dir='ltr'>ad</span> <span class='ocrx_word' id='word_1_234' title='bbox 239 3167 364 3224; x_wconf 87' lang='lat' dir='ltr'>eorum,</span> <span class='ocrx_word' id='word_1_235' title='bbox 378 3149 435 3229; x_wconf 92' lang='lat' dir='ltr'>qui</span> <span class='ocrx_word' id='word_1_236' title='bbox 451 3147 622 3210; x_wconf 90' lang='lat' dir='ltr'>commissi</span> <span class='ocrx_word' id='word_1_237' title='bbox 638 3156 729 3224; x_wconf 91' lang='lat' dir='ltr'>sunt,</span> <span class='ocrx_word' id='word_1_238' title='bbox 745 3159 863 3212; x_wconf 88' lang='lat' dir='ltr'>natura</span> <span class='ocrx_word' id='word_1_239' title='bbox 879 3151 1053 3232; x_wconf 91' lang='lat' dir='ltr'>pertinere,</span> <span class='ocrx_word' id='word_1_240' title='bbox 1069 3103 1216 3236; x_wconf 45' lang='lat' dir='ltr'>philoso:</span> <span class='ocrx_word' id='word_1_241' title='bbox 1238 3113 1393 3225; x_wconf 56' lang='lat' dir='ltr'>fflffla&#39;-</span> 
     </span>
     <span class='ocr_line' id='line_1_29' title="bbox 102 3229 1390 3340; baseline 0.002 -21"><span class='ocrx_word' id='word_1_242' title='bbox 102 3257 183 3340; x_wconf 88' lang='lat' dir='ltr'>pbia</span> <span class='ocrx_word' id='word_1_243' title='bbox 198 3253 322 3336; x_wconf 89' lang='lat' dir='ltr'>pariter</span> <span class='ocrx_word' id='word_1_244' title='bbox 337 3260 371 3314; x_wconf 93' lang='lat' dir='ltr'>et</span> <span class='ocrx_word' id='word_1_245' title='bbox 387 3249 469 3314; x_wconf 86' lang='lat' dir='ltr'>fides</span> <span class='ocrx_word' id='word_1_246' title='bbox 484 3250 669 3314; x_wconf 89' lang='lat' dir='ltr'>christiana</span> <span class='ocrx_word' id='word_1_247' title='bbox 694 3254 916 3316; x_wconf 89' lang='lat' dir='ltr'>consentiunt.</span> <span class='ocrx_word' id='word_1_248' title='bbox 934 3253 1087 3340; x_wconf 89' lang='lat' dir='ltr'>Cumque</span> <span class='ocrx_word' id='word_1_249' title='bbox 1111 3259 1215 3340; x_wconf 93' lang='lat' dir='ltr'>impe·</span> <span class='ocrx_word' id='word_1_250' title='bbox 1242 3229 1390 3286; x_wconf 76' lang='lat' dir='ltr'>remgerunr.</span> 
     </span>
     <span class='ocr_line' id='line_1_30' title="bbox 106 3353 1218 3437; baseline 0.003 -16"><span class='ocrx_word' id='word_1_251' title='bbox 106 3359 202 3423; x_wconf 89' lang='lat' dir='ltr'>randi</span> <span class='ocrx_word' id='word_1_252' title='bbox 218 3355 359 3420; x_wconf 80' lang='lat' dir='ltr'>facultas</span> <span class='ocrx_word' id='word_1_253' title='bbox 375 3353 605 3436; x_wconf 86' lang='lat' dir='ltr'>proficiscatur</span> <span class='ocrx_word' id='word_1_254' title='bbox 617 3375 637 3416; x_wconf 90' lang='lat' dir='ltr'>a</span> <span class='ocrx_word' id='word_1_255' title='bbox 649 3353 739 3432; x_wconf 89' lang='lat' dir='ltr'>Deo,</span> <span class='ocrx_word' id='word_1_256' title='bbox 751 3356 887 3437; x_wconf 89' lang='lat' dir='ltr'>eiusque</span> <span class='ocrx_word' id='word_1_257' title='bbox 900 3360 943 3420; x_wconf 92' lang='lat' dir='ltr'>sit</span> <span class='ocrx_word' id='word_1_258' title='bbox 955 3361 1218 3426; x_wconf 85' lang='lat' dir='ltr'>communicatio</span> 
     </span>
     <span class='ocr_line' id='line_1_31' title="bbox 107 3457 1219 3544; baseline 0.004 -20"><span class='ocrx_word' id='word_1_259' title='bbox 107 3459 274 3543; x_wconf 88' lang='lat' dir='ltr'>quaedam</span> <span class='ocrx_word' id='word_1_260' title='bbox 305 3457 427 3520; x_wconf 88' lang='lat' dir='ltr'>summi</span> <span class='ocrx_word' id='word_1_261' title='bbox 461 3457 680 3539; x_wconf 90' lang='lat' dir='ltr'>principatus,</span> <span class='ocrx_word' id='word_1_262' title='bbox 713 3458 860 3538; x_wconf 84' lang='lat' dir='ltr'>gerenda</span> <span class='ocrx_word' id='word_1_263' title='bbox 891 3460 934 3523; x_wconf 88' lang='lat' dir='ltr'>ad</span> <span class='ocrx_word' id='word_1_264' title='bbox 963 3462 1138 3544; x_wconf 88' lang='lat' dir='ltr'>exemplar</span> <span class='ocrx_word' id='word_1_265' title='bbox 1168 3473 1219 3528; x_wconf 89' lang='lat' dir='ltr'>est</span> 
     </span>
     <span class='ocr_line' id='line_1_32' title="bbox 108 3561 1220 3646; baseline 0.004 -21"><span class='ocrx_word' id='word_1_266' title='bbox 108 3561 285 3646; x_wconf 85' lang='lat' dir='ltr'>potestatis</span> <span class='ocrx_word' id='word_1_267' title='bbox 300 3561 444 3638; x_wconf 90' lang='lat' dir='ltr'>divinae,</span> <span class='ocrx_word' id='word_1_268' title='bbox 454 3580 521 3624; x_wconf 94' lang='lat' dir='ltr'>non</span> <span class='ocrx_word' id='word_1_269' title='bbox 540 3561 651 3624; x_wconf 89' lang='lat' dir='ltr'>minus</span> <span class='ocrx_word' id='word_1_270' title='bbox 668 3562 767 3624; x_wconf 90' lang='lat' dir='ltr'>rebus</span> <span class='ocrx_word' id='word_1_271' title='bbox 782 3561 923 3644; x_wconf 86' lang='lat' dir='ltr'>singulis</span> <span class='ocrx_word' id='word_1_272' title='bbox 938 3584 1039 3646; x_wconf 91' lang='lat' dir='ltr'>quam</span> <span class='ocrx_word' id='word_1_273' title='bbox 1058 3567 1220 3630; x_wconf 89' lang='lat' dir='ltr'>universis</span> 
     </span>
     <span class='ocr_line' id='line_1_33' title="bbox 108 3663 1219 3746; baseline 0.005 -19"><span class='ocrx_word' id='word_1_274' title='bbox 108 3684 188 3727; x_wconf 91' lang='lat' dir='ltr'>cura</span> <span class='ocrx_word' id='word_1_275' title='bbox 204 3674 342 3746; x_wconf 89' lang='lat' dir='ltr'>paterna</span> <span class='ocrx_word' id='word_1_276' title='bbox 368 3663 582 3727; x_wconf 88' lang='lat' dir='ltr'>consulentis.</span> <span class='ocrx_word' id='word_1_277' title='bbox 599 3663 636 3728; x_wconf 88' lang='lat' dir='ltr'>Si</span> <span class='ocrx_word' id='word_1_278' title='bbox 653 3665 734 3745; x_wconf 91' lang='lat' dir='ltr'>quid</span> <span class='ocrx_word' id='word_1_279' title='bbox 754 3664 855 3745; x_wconf 84' lang='lat' dir='ltr'>igitur</span> <span class='ocrx_word' id='word_1_280' title='bbox 870 3665 1064 3731; x_wconf 89' lang='lat' dir='ltr'>detrimenti</span> <span class='ocrx_word' id='word_1_281' title='bbox 1079 3669 1219 3734; x_wconf 78' lang='lat' dir='ltr'>allatum</span> 
     </span>
     <span class='ocr_line' id='line_1_34' title="bbox 110 3759 1219 3852; baseline 0.005 -20"><span class='ocrx_word' id='word_1_282' title='bbox 110 3771 154 3833; x_wconf 88' lang='lat' dir='ltr'>sit</span> <span class='ocrx_word' id='word_1_283' title='bbox 169 3778 228 3833; x_wconf 87' lang='lat' dir='ltr'>aut</span> <span class='ocrx_word' id='word_1_284' title='bbox 243 3768 437 3850; x_wconf 89' lang='lat' dir='ltr'>impendeat</span> <span class='ocrx_word' id='word_1_285' title='bbox 459 3768 557 3830; x_wconf 91' lang='lat' dir='ltr'>rebus</span> <span class='ocrx_word' id='word_1_286' title='bbox 574 3759 819 3844; x_wconf 81' lang='lat' dir='ltr'>communibus,</span> <span class='ocrx_word' id='word_1_287' title='bbox 834 3777 891 3832; x_wconf 91' lang='lat' dir='ltr'>aut</span> <span class='ocrx_word' id='word_1_288' title='bbox 907 3770 1114 3852; x_wconf 86' lang='lat' dir='ltr'>singulorum</span> <span class='ocrx_word' id='word_1_289' title='bbox 1132 3774 1219 3837; x_wconf 93' lang='lat' dir='ltr'>ordi·</span> 
     </span>
     <span class='ocr_line' id='line_1_35' title="bbox 113 3871 1219 3952; baseline 0.004 -16"><span class='ocrx_word' id='word_1_290' title='bbox 113 3893 194 3938; x_wconf 90' lang='lat' dir='ltr'>num</span> <span class='ocrx_word' id='word_1_291' title='bbox 211 3871 405 3948; x_wconf 88' lang='lat' dir='ltr'>rationibus,</span> <span class='ocrx_word' id='word_1_292' title='bbox 421 3872 511 3952; x_wconf 90' lang='lat' dir='ltr'>quod</span> <span class='ocrx_word' id='word_1_293' title='bbox 536 3871 645 3934; x_wconf 88' lang='lat' dir='ltr'>sanari</span> <span class='ocrx_word' id='word_1_294' title='bbox 662 3881 720 3934; x_wconf 91' lang='lat' dir='ltr'>aut</span> <span class='ocrx_word' id='word_1_295' title='bbox 735 3872 903 3950; x_wconf 90' lang='lat' dir='ltr'>prohiberi</span> <span class='ocrx_word' id='word_1_296' title='bbox 919 3872 985 3937; x_wconf 88' lang='lat' dir='ltr'>alia</span> <span class='ocrx_word' id='word_1_297' title='bbox 999 3876 1129 3938; x_wconf 89' lang='lat' dir='ltr'>ratione</span> <span class='ocrx_word' id='word_1_298' title='bbox 1151 3897 1219 3940; x_wconf 90' lang='lat' dir='ltr'>non</span> 
     </span>
     <span class='ocr_line' id='line_1_36' title="bbox 113 3973 1397 4063; baseline 0.002 -24"><span class='ocrx_word' id='word_1_299' title='bbox 113 3978 229 4057; x_wconf 87' lang='lat' dir='ltr'>possit,</span> <span class='ocrx_word' id='word_1_300' title='bbox 246 3977 380 4040; x_wconf 89' lang='lat' dir='ltr'>obviam</span> <span class='ocrx_word' id='word_1_301' title='bbox 396 3974 436 4037; x_wconf 94' lang='lat' dir='ltr'>iri</span> <span class='ocrx_word' id='word_1_302' title='bbox 452 3975 653 4037; x_wconf 87' lang='lat' dir='ltr'>auctoritate</span> <span class='ocrx_word' id='word_1_303' title='bbox 669 3973 803 4055; x_wconf 89' lang='lat' dir='ltr'>publica</span> <span class='ocrx_word' id='word_1_304' title='bbox 819 3995 954 4039; x_wconf 89' lang='lat' dir='ltr'>necesse</span> <span class='ocrx_word' id='word_1_305' title='bbox 977 3987 1036 4042; x_wconf 90' lang='lat' dir='ltr'>est.</span> <span class='ocrx_word' id='word_1_306' title='bbox 1052 4015 1096 4028; x_wconf 87' lang='lat'><em>-</em></span> <span class='ocrx_word' id='word_1_307' title='bbox 1111 3981 1220 4063; x_wconf 91' lang='lat' dir='ltr'>Atqui</span> <span class='ocrx_word' id='word_1_308' title='bbox 1274 3993 1301 4050; x_wconf 85' lang='grc' dir='ltr'>α)</span> <span class='ocrx_word' id='word_1_309' title='bbox 1317 3997 1397 4056; x_wconf 77' lang='lat' dir='ltr'>Atqui</span> 
     </span>
     <span class='ocr_line' id='line_1_37' title="bbox 116 4055 1397 4161; baseline 0.008 -21"><span class='ocrx_word' id='word_1_310' title='bbox 116 4079 254 4144; x_wconf 87' lang='lat' dir='ltr'>interest</span> <span class='ocrx_word' id='word_1_311' title='bbox 269 4078 385 4142; x_wconf 91' lang='lat' dir='ltr'>salutis</span> <span class='ocrx_word' id='word_1_312' title='bbox 401 4096 476 4140; x_wconf 91' lang='lat' dir='ltr'>cum</span> <span class='ocrx_word' id='word_1_313' title='bbox 495 4077 658 4158; x_wconf 88' lang='lat' dir='ltr'>publicae,</span> <span class='ocrx_word' id='word_1_314' title='bbox 675 4086 746 4140; x_wconf 92' lang='lat' dir='ltr'>tum</span> <span class='ocrx_word' id='word_1_315' title='bbox 763 4077 912 4158; x_wconf 90' lang='lat' dir='ltr'>privatae</span> <span class='ocrx_word' id='word_1_316' title='bbox 927 4090 1065 4161; x_wconf 88' lang='lat' dir='ltr'>pacatas</span> <span class='ocrx_word' id='word_1_317' title='bbox 1081 4102 1153 4145; x_wconf 90' lang='lat' dir='ltr'>esse</span> <span class='ocrx_word' id='word_1_318' title='bbox 1169 4103 1220 4146; x_wconf 90' lang='lat' dir='ltr'>res</span> <span class='ocrx_word' id='word_1_319' title='bbox 1246 4055 1351 4160; x_wconf 48' lang='lat' dir='ltr'>ml„</span> <span class='ocrx_word' id='word_1_320' title='bbox 1360 4116 1397 4160; x_wconf 48' lang='grc' dir='ltr'>ἐκ.</span> 
     </span>
    </p>
   </div>
   <div class='ocr_carea' id='block_1_19' title="bbox 117 4176 1400 4295">
    <p class='ocr_par' dir='ltr' id='par_1_21' title="bbox 117 4176 1400 4295">
     <span class='ocr_line' id='line_1_38' title="bbox 117 4176 1400 4295; baseline -0.001 -48"><span class='ocrx_word' id='word_1_321' title='bbox 117 4193 151 4250; x_wconf 88' lang='lat' dir='ltr'>et</span> <span class='ocrx_word' id='word_1_322' title='bbox 160 4185 378 4267; x_wconf 87' lang='lat' dir='ltr'>compositas:</span> <span class='ocrx_word' id='word_1_323' title='bbox 390 4185 470 4246; x_wconf 90' lang='lat' dir='ltr'>item</span> <span class='ocrx_word' id='word_1_324' title='bbox 483 4182 581 4265; x_wconf 81' lang='lat' dir='ltr'>dirigi</span> <span class='ocrx_word' id='word_1_325' title='bbox 594 4183 636 4246; x_wconf 90' lang='lat' dir='ltr'>ad</span> <span class='ocrx_word' id='word_1_326' title='bbox 656 4181 721 4245; x_wconf 88' lang='lat' dir='ltr'>Dei</span> <span class='ocrx_word' id='word_1_327' title='bbox 737 4183 826 4245; x_wconf 89' lang='lat' dir='ltr'>iussa</span> <span class='ocrx_word' id='word_1_328' title='bbox 842 4197 1047 4268; x_wconf 86' lang='lat' dir='ltr'>naturaeque</span> <span class='ocrx_word' id='word_1_329' title='bbox 1060 4189 1222 4269; x_wconf 90' lang='lat' dir='ltr'>principia</span> <span class='ocrx_word' id='word_1_330' title='bbox 1247 4176 1400 4295; x_wconf 49' lang='lat' dir='ltr'>ssssjgoib&#39;g‘jj}</span> 
     </span>
    </p>
   </div>
   <div class='ocr_carea' id='block_1_20' title="bbox 150 4383 676 4445">
    <p class='ocr_par' dir='ltr' id='par_1_22' title="bbox 150 4383 676 4445">
     <span class='ocr_line' id='line_1_39' title="bbox 150 4383 676 4445; baseline -0.006 -14"><span class='ocrx_word' id='word_1_331' title='bbox 150 4399 170 4432; x_wconf 85' lang='lat'>1.</span> <span class='ocrx_word' id='word_1_332' title='bbox 188 4387 212 4435; x_wconf 94' lang='lat' dir='ltr'>S.</span> <span class='ocrx_word' id='word_1_333' title='bbox 225 4387 324 4439; x_wconf 70' lang='lat' dir='ltr'>Tbom„</span> <span class='ocrx_word' id='word_1_334' title='bbox 336 4386 374 4431; x_wconf 87' lang='lat' dir='ltr'>De</span> <span class='ocrx_word' id='word_1_335' title='bbox 385 4397 431 4445; x_wconf 78' lang='lat' dir='ltr'>reg.</span> <span class='ocrx_word' id='word_1_336' title='bbox 445 4385 541 4438; x_wconf 73' lang='lat' dir='ltr'>Princ„</span> <span class='ocrx_word' id='word_1_337' title='bbox 556 4385 575 4436; x_wconf 93' lang='lat'>1,</span> <span class='ocrx_word' id='word_1_338' title='bbox 587 4397 607 4430; x_wconf 90' lang='lat' dir='ltr'>c.</span> <span class='ocrx_word' id='word_1_339' title='bbox 622 4383 676 4430; x_wconf 86' lang='lat' dir='ltr'>XV.</span> 
     </span>
    </p>
   </div>
   <div class='ocr_carea' id='block_1_21' title="bbox 0 0 1602 4874">
    <p class='ocr_par' dir='ltr' id='par_1_23' title="bbox 0 0 1602 4874">
     <span class='ocr_line' id='line_1_40' title="bbox 0 0 1602 4874; baseline 0 0"><span class='ocrx_word' id='word_1_340' title='bbox 0 0 1602 4874; x_wconf 95' lang='lat' dir='ltr'> </span> 
     </span>
    </p>
   </div>
  </div>
 </body>
</html>
