3310 4868
432 406 485 460 ns
512 408 725 460 cruentum
753 393 933 462 nunnus.
1169 410 1233 461 101

148 591 263 658 ciendi:
277 613 363 678 quae
377 593 513 676 quidem
529 592 645 657 omnia
660 593 840 657 inhomine
854 593 958 676 liquet
970 613 1121 658 essenon
1133 611 1242 675 posse,
1296 601 1390 696 75}ng

149 699 171 761 si
186 717 327 762 normam
344 695 533 762 actionibus
549 697 621 780 ipse
634 697 703 761 suis
714 716 866 762 summus
876 698 939 762 sibi
955 697 1127 782 legislator
1138 697 1242 760 daret.
1312 697 1380 745 18⁸8·

149 801 229 885 Ergo
237 803 457 885 consequitur,
471 813 509 867 ut
532 813 672 868 naturae
688 801 746 867 lex
762 803 806 868 sit
821 804 895 885 ipsa
921 801 973 867 lex
985 811 1127 880 aeterna,
1143 802 1244 866 insita
1270 873 1323 918 m
1340 864 1374 904 m
1385 858 1421 918 ip

148 908 177 970 in
191 906 226 970 iis
237 907 289 990 qui
305 907 436 970 ratione
463 915 611 985 utuntur,
626 926 751 990 eosque
777 907 942 971 inclinans
957 907 1006 971 ad
1027 905 1171 971 debitum
1194 926 1244 968 ac·
1268 919 1421 992 sazex'aerqr-

150 1021 213 1075 tum
225 1022 253 1076 et
258 1011 372 1096 finem,
387 1031 494 1095 eaque
518 1020 571 1075 est
586 1012 659 1094 ipsa
676 1021 811 1077 aeterna
828 1013 913 1076 ratio
936 1012 1095 1076 creatoris
1115 1011 1245 1076 univer·
1272 994 1305 1084 ξ’,ῗ
1324 984 1423 1098 κζ”ῗίῗ

151 1137 275 1198 sumque
299 1116 464 1182 mundum
488 1117 708 1199 gubernantis
733 1117 807 1184 Dei,
834 1155 878 1166 -
902 1115 960 1181 Ad
996 1116 1084 1180 hanc
1124 1117 1246 1199 agendi
1295 1099 1403 1203 {mr

152 1222 283 1303 reguiam
306 1221 537 1306 peccandique
555 1222 665 1286 frenos
681 1222 864 1305 singularia
887 1223 1055 1304 quaedam
1072 1221 1248 1320 praesidia,
1273 1231 1353 1287 ‘⁰⁵92‘
1385 1217 1422 1261 ‘³¹'

150 1323 207 1386 Dei
240 1323 411 1401 beneficio,
434 1325 594 1389 adiuncta
617 1334 704 1402 sunt,
729 1326 772 1389 ad
803 1323 1070 1389 confirmandam
1101 1323 1248 1388 bominis
1273 1276 1425 1381 “ww

149 1427 384 1512 regendamque
421 1427 631 1492 voluntatem
655 1427 837 1511 aptissima.
864 1428 904 1491 In
940 1417 1063 1510 quibus
1093 1429 1249 1510 princeps
1265 1401 1363 1514 sm
1402 1399 1426 1438 ‘¹

149 1539 192 1592 est
204 1541 300 1613 atque
316 1529 455 1594 excellit
471 1531 605 1594 divinae
619 1531 724 1595 virtus
734 1531 893 1613 grutiae,·
905 1550 992 1613 quae
1007 1550 1083 1594 cum
1101 1540 1247 1595 mentem

148 1632 284 1712 illustret,
313 1635 595 1717 voluntatemque
617 1633 753 1702 salutari
778 1636 970 1698 constantia
987 1634 1177 1698 roboratam
1205 1636 1248 1699 ad

148 1737 397 1802 moralebonum
419 1757 551 1820 semper
567 1738 728 1820 impellat,
743 1739 991 1821 expeditiorem
1010 1737 1110 1802 efficit
1135 1736 1249 1802 simul·

148 1859 204 1921 que
217 1843 374 1907 tutiorem
388 1843 523 1907 nativae
533 1842 699 1907 libertatis
712 1863 818 1907 usum.
834 1843 889 1907 Ac
905 1843 1067 1925 longeest
1080 1845 1250 1907 averitate

147 1945 287 2026 alienum,
315 1948 556 2010 interveniente
580 1947 666 2025 Deo,
689 1947 799 2011 minus
820 1967 893 2010 esse
920 1944 1041 2010 liberos
1058 1957 1170 2010 motus
1193 1966 1250 2009 vo·
1276 1951 1309 1996 ad
1326 1952 1426 2023 qusu-

147 2049 294 2116 luntarios
309 2075 317 2116 ε
332 2072 413 2115 nam
430 2052 550 2116 intima
574 2052 606 2115 in
628 2053 766 2117 homine
781 2063 815 2117 et
831 2072 908 2116 curn
936 2052 1079 2117 naturali
1107 2071 1249 2135 propen·
1277 2017 1428 2143 affixas

147 2154 230 2218 sione
254 2175 444 2239 congruens
475 2165 525 2220 est
556 2157 691 2220 divinae
713 2157 763 2221 vis
788 2157 927 2239 gratiae,
951 2157 1030 2239 quia
1053 2157 1096 2221 ab
1113 2158 1186 2239 ipso
1217 2165 1251 2220 et
1276 2137 1427 2246 offlam.

148 2259 239 2322 animi
254 2270 287 2325 et
300 2260 486 2325 voluntatis
503 2269 636 2324 nostrae
651 2270 788 2324 auctore
804 2269 960 2337 manat,a
974 2279 1044 2344 quo
1060 2279 1110 2322 res
1133 2277 1251 2323 omnes
1276 2248 1428 2354 {122foss

147 2363 374 2428 convenienter
396 2373 536 2427 naturae
548 2383 629 2428 suae
655 2374 839 2428 moventur.
858 2364 973 2426 Immo
997 2363 1106 2444 gratia
1127 2361 1251 2438 divina,
1278 2367 1351 2415 ladit·

147 2474 177 2528 ut
193 2477 304 2534 monet
320 2467 492 2550 angelicus
509 2468 647 2545 Doctor‚
666 2468 712 2532 ob
726 2468 813 2532 hanc
831 2487 984 2531 caussam
1001 2468 1093 2549 quod
1110 2487 1131 2530 a
1156 2475 1252 2529 natu-

146 2589 194 2633 rae
206 2571 325 2655 opifice
341 2571 572 2655 proficiscitur,
587 2574 670 2636 mire
681 2583 761 2637 nata
777 2581 880 2655 atque
892 2580 974 2655 apta
985 2580 1035 2635 est
1048 2573 1090 2634 ad
1109 2571 1252 2634 tuendas

146 2693 284 2760 quasque
301 2685 449 2754 naturas,
467 2678 783 2760 conservandosque
811 2697 930 2754 moreS,
945 2675 1023 2754 vim,
1039 2673 1251 2739 efficientiam

149 2777 359 2861 singularum.

183 2879 275 2966 Quae
291 2904 375 2949 vero
391 2886 434 2949 de
452 2884 607 2949 libertate
623 2885 831 2967 singulorum
849 2885 940 2946 dicta
964 2891 1052 2961 sunt,
1067 2903 1108 2946 ea
1122 2883 1165 2946 ad
1194 2883 1253 2946 ho·

148 2985 243 3052 mines
256 2990 347 3054 civili
364 2991 451 3054 inter
461 3009 497 3054 sc
507 2990 670 3054 societate
682 2990 879 3053 coniunctos
891 2987 1254 3052 iaciletransieruntur.

147 3087 225 3155 Nam
249 3093 340 3175 quod
364 3094 451 3156 ratio
486 3093 610 3175 lexque
635 3091 796 3157 naturalis
821 3094 854 3156 in
879 3091 1072 3156 hominibus
1103 3088 1253 3172 singulis,

146 3191 225 3258 idem
235 3195 338 3260 efficit
355 3198 389 3260 in
406 3197 608 3260 consociatis
623 3195 676 3259 lex
688 3195 835 3260 humana
851 3197 893 3260 ad
918 3195 1043 3259 bonum
1072 3213 1251 3258 commune

146 3297 255 3364 civium
283 3300 508 3384 promulgata.
536 3301 653 3364 -Ex
684 3299 1017 3394 hominum'iegibus
1042 3299 1127 3363 aliae
1152 3300 1184 3362 in
1210 3320 1251 3364 eo
1292 3333 1428 3392 Legem,

145 3415 307 3469 versantur
320 3406 409 3488 quod
427 3415 478 3468 est
502 3406 629 3468 bonurn
647 3404 816 3468 malumve
841 3413 969 3480 natura,
982 3413 1084 3485 atque
1107 3403 1249 3468 alterum
1276 3393 1428 3498 ‘fimf

146 3509 228 3587 sequi
244 3510 464 3591 praecipiunt,
480 3509 621 3572 alterum
635 3509 759 3590 sugere,
772 3509 931 3572 adiuncta
943 3508 1251 3572 sanctionedebita.
1310 3511 1395 3561 samu.

149 3603 206 3672 Sed
222 3611 410 3676 istiusmodi
427 3614 561 3677 decreta
577 3631 790 3694 nequaquam
806 3613 934 3674 ducunt
950 3611 994 3675 ab
1010 3610 1184 3676 hominurn
1198 3631 1250 3674 so·

147 3711 257 3780 cietate
282 3717 496 3798 principium,
517 3717 597 3800 quia
618 3717 762 3780 societas
784 3717 869 3779 sicut
889 3715 1071 3780 humanam
1096 3725 1249 3779 naturam

148 3833 206 3880 non
221 3819 293 3902 ipsa
304 3821 431 3903 genuit,
443 3821 491 3885 ita
502 3821 626 3903 pariter
643 3839 704 3884 nec
716 3820 842 3883 bonurn
857 3828 1010 3902 procreat
1022 3828 1162 3882 naturae
1173 3837 1251 3881 con-

147 3922 282 4002 veniens,
297 3945 359 3989 nec
376 3925 502 3988 malum
520 3934 660 3989 naturae
686 3923 960 3987 dissentaneum:
976 3924 1035 3987 sed
1056 3923 1169 4005 potius
1188 3921 1252 4004 ipsi

148 4019 310 4092 hominum
328 4028 481 4093 societati
493 4028 706 4112 antecedunt,
718 4028 924 4110 omninoque
934 4036 1013 4090 sunt
1028 4046 1049 4089 a
1065 4024 1139 4106 lege
1155 4035 1252 4090 natu·

150 4128 202 4192 rali
230 4149 269 4194 ac
305 4143 484 4216 propterea
512 4153 532 4196 a
558 4131 633 4212 lege
657 4141 793 4196 aeterna
822 4130 1015 4212 repetenda.
1043 4129 1127 4192 Iuris
1152 4129 1253 4210 igitur

151 4233 301 4298 naturalis
326 4246 515 4318 praecepta,
545 4235 720 4299 hominum
748 4233 990 4316 comprehensa
1021 4231 1160 4315 legibus,
1185 4253 1252 4296 non

153 4333 214 4397 vim
229 4337 334 4402 solum
353 4338 480 4403 habent
495 4338 766 4420 legishumanae,
782 4339 840 4402 sed
855 4337 1034 4421 praecipue
1049 4337 1130 4401 illud
1146 4337 1253 4401 multo

157 4436 249 4502 altius
264 4441 434 4526 multoque
449 4443 624 4524 augustius
634 4442 904 4525 complectuntur
913 4442 1195 4525 imperium,quod
1209 4441 1253 4505 ab
