3172 4874
398 389 417 438 2
422 387 471 460 34
596 389 743 442 niman.
763 389 892 443 asosr.
914 378 936 408 ‘⁸
955 389 1072 444 rusun
1092 391 1133 442 ru
1153 392 1281 444 enims
1301 427 1321 456 „

395 585 480 630 cana
516 567 643 633 ditione
672 565 931 632 ecclesiasticam
965 565 1197 633 Hierarclsiam
1233 587 1308 646 sex,
1337 579 1373 632 ut
1402 565 1475 642 inin,

396 667 734 755 archiepiscopalibus
764 691 823 737 seu
853 670 1132 755 metropolitanis,
1157 691 1197 738 sc
1221 671 1344 756 viginti
1375 681 1407 738 et
1427 689 1476 734 una

221 803 237 834 a
284 803 308 858 ης
345 787 372 824 ‘·
397 773 641 856 episcopalibus
660 775 805 854 sedibus,
825 793 887 841 nec
910 794 979 840 non
999 775 1159 841 vicariatu
1183 775 1348 841 inferioris
1365 773 1477 842 Califor·

221 863 277 894 'm
295 861 353 893 ’Μ’
397 877 473 941 niae
509 879 727 944 constitutam
766 877 837 944 fore
874 879 1095 946 decernimus.
1126 879 1347 964 Episcopales
1382 877 1479 942 idcirco

396 979 493 1046 sedes
517 982 561 1048 de
575 982 774 1068 Antequera
789 983 865 1066 (sen
880 981 1048 1062 Oaxaca),
1068 1003 1155 1068 quae
1176 983 1389 1060 Mesricanse,
1403 1001 1436 1044 ac
1449 979 1479 1044 de

397 1085 537 1152 Linares
559 1097 593 1154 et
613 1089 657 1154 de
676 1087 850 1174 Durango,
873 1109 961 1174 quae
987 1091 1032 1155 de
1057 1087 1301 1156 Guadalaxara
1325 1086 1480 1173 respective

398 1191 729 1276 metropolitanarum
760 1192 976 1260 ecclesiarum
1008 1191 1240 1278 suffraganeae
1275 1193 1321 1260 ad
1353 1209 1479 1278 praesms

397 1293 557 1373 existunt,
581 1297 780 1381 illarumque
807 1296 992 1380 respective
1006 1297 1193 1374 cathedras,
1219 1295 1420 1380 episcopalia
1439 1313 1480 1356 no

397 1397 497 1477 mina,
513 1401 704 1478 essentiam,
719 1411 872 1466 naturam
888 1410 924 1466 et
939 1410 1066 1466 statum
1082 1399 1353 1466 cathedralitatis
1370 1401 1409 1466 ad
1422 1396 1481 1462 elic·

396 1511 489 1568 ctum
505 1503 735 1588 infrascriptae
761 1525 869 1572 novae
891 1505 1070 1571 erectionis
1085 1504 1287 1589 Apostolica
1310 1502 1480 1570 auctoritate

397 1615 560 1690 perpetuo
582 1609 823 1692 supprimimus
848 1619 883 1676 et
907 1609 1150 1692 extinguimus,
1177 1629 1305 1694 easque
1319 1630 1342 1674 a
1360 1605 1480 1693 qualibet

397 1705 530 1774 illorum
561 1710 901 1798 Archiepiscoporum
933 1712 1180 1798 metropolitica
1210 1713 1479 1778 iurisdictioneet

398 1812 516 1896 quavis
542 1813 609 1879 alia
634 1816 868 1899 superioritate
891 1817 1074 1883 eximimus
1098 1827 1132 1882 et
1159 1817 1354 1896 liberamus,
1378 1815 1480 1896 illisque

267 1911 375 1958 ΜΝ
399 1917 446 1980 sic
472 1919 667 2004 suppressis,
693 1921 862 1998 extinctis,
885 1921 1054 2004 exemptis
1076 1929 1110 1986 et
1133 1919 1283 1987 liberatis
1307 1920 1434 1986 easdem
1450 1915 1480 1980 de

223 1971 371 2030 Antequam,

221 2031 374 2135 551}ssssss
399 2019 605 2106 Antequera,
620 2023 663 2090 de
680 2024 821 2090 Linares
835 2035 870 2090 et
884 2025 929 2090 de
945 2025 1109 2110 Durango
1124 2025 1283 2092 ecclesias
1300 2027 1346 2091 ad
1362 2024 1479 2092 eninm

217 2149 373 2218 gondonii·
399 2123 517 2190 tiorem
533 2126 866 2212 archiepiscopalium
884 2137 918 2193 et
934 2127 1269 2213 metropolitanarum
1294 2128 1479 2196 ecclesiarum

423 2229 540 2296 tadum
564 2241 597 2297 et
622 2233 791 2316 fastigium
817 2232 888 2316 pari
905 2233 1105 2299 auctoritate
1120 2243 1285 2316 perpetuo
1301 2233 1382 2300 item
1397 2227 1480 2296 erebi·

265 2540 269 2550 '
398 2542 481 2608 tales
503 2563 621 2628 reapse
646 2543 833 2610 habeantur
855 2555 890 2610 et
913 2545 991 2624 sint,
1005 2564 1045 2610 ac
1061 2543 1203 2629 proinde
1217 2546 1376 2610 omnibus
1390 2540 1480 2606 etsiu·

396 2646 485 2730 gulis
510 2647 645 2727 iuribus,
670 2648 963 2727 iurisdictionibus,
977 2648 1170 2726 honoribus,
1185 2649 1315 2732 gratiis,
1329 2641 1479 2715 favonius

397 2750 545 2828 indultis,
570 2753 821 2838 praerogativis,
849 2753 1122 2836 praeeminentiis
1151 2773 1191 2818 ac
1213 2752 1395 2837 privilegiis
1413 2757 1480 2812 cete

396 2853 516 2936 risque,
531 2857 652 2938 quibus
667 2859 753 2922 aliae
768 2868 835 2923 tres
851 2858 884 2922 in
901 2857 1020 2922 eadem
1038 2855 1220 2922 Mexicana
1238 2857 1369 2922 ditione
1384 2861 1479 2920 metm

397 2957 568 3042 politanae
583 2960 742 3026 ecclesiae
757 2962 800 3026 de
823 2961 893 3025 iure
907 2961 1079 3025 communi
1095 2959 1258 3039 fruuntur,
1274 2960 1439 3044 potiuntur
1455 2959 1478 3014 et

188 3149 192 3156 ,
397 3062 555 3142 gaudent,
575 3064 692 3129 itidem
708 3075 742 3130 et
764 3064 892 3148 absque
907 3062 976 3128 ulla
992 3082 1127 3147 prorsus
1153 3059 1345 3128 differentia
1361 3065 1478 3126 uanus.

252 3201 282 3245 Ι,
293 3200 371 3246 Μαί,
398 3163 558 3244 fruantur,
574 3168 746 3250 potiantur
762 3179 794 3233 et
810 3167 989 3250 gaudeant
1006 3166 1058 3234 Ut
1072 3188 1152 3233 vero
1180 3165 1382 3232 Mexicanus
1396 3158 1479 3227 Nobis

221 3273 283 3306 “n“
300 3260 372 3306 dim·
396 3269 587 3336 carissimus
624 3271 768 3356 populus
806 3270 988 3336 faciliorem
1019 3291 1096 3336 cum
1135 3270 1278 3354 propriis
1316 3263 1476 3354 potoribus

223 3333 252 3363 ue
264 3321 373 3378 quinque

221 3379 371 3496 ww&
397 3373 520 3440 habeat
549 3375 889 3441 communicationem
920 3385 954 3440 et
991 3375 1037 3439 ab
1066 3374 1196 3452 iisdem,
1229 3376 1321 3458 quod
1356 3367 1475 3437 maxine

221 3452 358 3566 augurare?
399 3477 506 3543 Nobis
521 3480 613 3544 cordi
634 3489 695 3556 est,
719 3499 777 3562 per
798 3479 936 3544 semitas
961 3478 1109 3544 iustitiae
1134 3479 1178 3544 ad
1203 3477 1361 3542 caelestia
1380 3483 1477 3558 pascui

221 3555 372 3668 223:sssz
397 3579 569 3665 dirigatur,
584 3583 732 3666 quinque
747 3581 840 3662 alias,
854 3591 987 3665 praeter
1002 3582 1069 3646 iarn
1084 3581 1281 3659 existentes,
1296 3570 1475 3664 episcopales

220 3675 373 3792 22⁰3}ss
398 3687 503 3762 sedes,
533 3684 672 3750 alteram
705 3703 826 3768 nempe
855 3705 876 3749 a
907 3682 1117 3762 Chihuahua,
1143 3682 1284 3748 alteram
1311 3702 1331 3746 a
1363 3670 1478 3746 Sallfllb

222 3806 325 3844 navata·
357 3807 372 3838 α
397 3791 538 3856 alteram
569 3811 589 3854 a
615 3789 730 3872 Tepic,
758 3789 898 3854 alteram
931 3807 951 3852 a
978 3786 1196 3854 Cuernavaca
1226 3805 1265 3850 ac
1297 3784 1476 3867 reliquam

217 3851 373 3971 'retinam
398 3895 638 3976 Tehuantepec
659 3891 842 3976 respective
869 3891 1122 3973 nuncupandas,
1137 3888 1337 3972 Apostolica
1361 3873 1476 3949 auctori·

221 3971 374 4075 Zs'ss‘rrssss'f'
397 4007 468 4062 tate
494 3998 664 4080 praedicta
691 4005 854 4080 perpetuo
876 3995 1033 4060 similiter
1055 3995 1219 4077 erigimus
1244 4013 1284 4058 ac
1300 3983 1474 4056 instituimus

222 4093 374 4194 {fflcjssj
399 4101 456 4166 Ab
473 4102 681 4185 Episcopatu
697 4109 874 4184 propterea
889 4102 932 4166 de
949 4101 1115 4183 Durango
1138 4119 1220 4164 mox
1236 4099 1271 4163 in
1286 4091 1473 4195 archiepisco

223 4207 325 4252 dumo
399 4215 526 4287 patum,
541 4215 578 4270 ut
593 4203 787 4287 praefertur,
799 4214 921 4283 erecto,
932 4213 1043 4270 totum
1060 4203 1265 4269 territorium
1281 4210 1382 4266 status
1391 4185 1471 4258 civilis

399 4309 442 4372 de
458 4307 659 4374 Chihuahua
674 4307 857 4390 nuncupati
874 4317 1037 4392 perpetuo
1053 4306 1341 4380 dismembramus,
1354 4294 1471 4373 illudque

401 4409 530 4471 noviter
545 4417 674 4471 erectae
690 4409 871 4493 episcopali
887 4410 958 4474 sedi
974 4410 1017 4474 de
1034 4407 1233 4475 Chihuahua
1250 4427 1310 4490 pro
1328 4405 1391 4469 eius
1403 4393 1471 4458 dit*
