3310 4868
260 348 443 400 anrsroaa
469 347 681 398 nncvctrca
708 333 727 362 ‘¹
755 345 931 398 suranus
957 345 1116 399 cnnrms
1143 381 1163 410 „
1237 349 1300 419 131

194 534 365 610 r'm'tatrrr,
381 533 574 616 noncogr'tat
584 532 711 596 malum
727 532 778 615 (¹).
797 533 899 598 Porro
913 533 1039 598 eximia
1050 532 1132 597 haec
1149 544 1181 597 et
1198 532 1303 616 perse·
1328 558 1483 606 „aarum

191 651 248 703 cta
257 638 447 704 animorum
458 638 635 702 consensio
647 637 737 701 alind
748 636 843 702 vobis
854 636 1039 720 praestabit
1048 638 1232 714 bonum,ut
1244 657 1303 720 per
1329 620 1417 666 m·

190 763 268 806 earn
288 762 419 825 augere,
437 740 726 825 quemadmodum
749 742 910 820 diximus,
930 741 1098 825 latiusque
1121 743 1302 826 provehere

190 849 328 931 possitis
340 847 514 911 restitutae
526 845 726 910 concordiae
741 846 902 930 pacisque
917 844 1043 910 fructus
1052 867 1060 924 ;
1079 845 1195 911 oculos
1211 847 1300 911 enim

189 953 233 1016 ad
250 973 310 1016 vos
326 951 524 1034 animosque
539 959 713 1015 convertet
739 961 928 1015 ceterorum
943 950 1011 1033 qui,
1027 950 1104 1014 licet
1120 971 1301 1014 commune

187 1057 363 1122 vobiscum
378 1074 485 1138 genus
501 1073 693 1136 nomenque
711 1055 822 1137 gentis
838 1054 998 1133 habeant,
1013 1054 1123 1118 adhuc
1141 1065 1254 1120 tamen
1278 1076 1298 1119 a
1353 1080 1480 1140 nausop.

186 1161 284 1224 vobis
299 1160 476 1242 Nobisque
490 1157 664 1235 dissident,
681 1177 790 1242 neque
805 1159 908 1223 sacris
924 1158 1004 1234 eius,
1025 1160 1077 1222 cui
1094 1179 1301 1241 praesumus,
1327 1145 1481 1245 ’κζ’

186 1264 286 1328 ovilis
309 1263 413 1346 septis
436 1260 662 1327 includuntur.
680 1261 708 1324 li
724 1262 851 1326 scilicet
867 1262 1067 1326 concordiae
1087 1271 1121 1326 et
1148 1262 1299 1325 caritatis
1318 1259 1482 1377 ffimrfft

186 1367 496 1431 vestraeintuentes
506 1364 675 1448 exempla,
687 1363 784 1429 facile
797 1365 995 1450 intelligent,
1005 1365 1130 1432 Christi
1141 1367 1297 1451 spiritum
1336 1376 1465 1424 Ameria

184 1471 299 1553 vigere
314 1469 401 1534 inter
416 1489 485 1547 vos,
507 1468 634 1552 quippe
657 1488 744 1532 unus
765 1469 827 1532 Ille
845 1491 924 1534 suos
939 1470 987 1533 ita
1008 1468 1071 1534 sibi
1084 1470 1221 1553 iungere
1236 1467 1297 1553 po·
1326 1437 1482 1556 ''2223“

184 1587 262 1654 test,
277 1584 314 1640 ut
340 1591 444 1638 unum
460 1593 582 1656 corpus
597 1571 752 1638 efficiant.
771 1573 912 1639 Utinam
936 1573 983 1637 illi
1000 1574 1033 1638 id
1051 1585 1247 1664 agnoscant,
1263 1587 1296 1640 et
1326 1555 1480 1662 ἷῖᾞῇῗζ,

184 1683 325 1744 adeam
342 1679 506 1743 unitatem
522 1678 630 1742 redire
657 1679 874 1756 constituant,
899 1679 989 1743 unde
1011 1681 1153 1744 maiores
1181 1700 1296 1745 eorum
1326 1674 1427 1728 reterns.

183 1785 386 1849 discessere!
400 1781 479 1866 Quo
495 1781 586 1846 sacto
609 1801 745 1846 necesse
761 1783 822 1846 erit
838 1802 896 1847 eos
917 1783 1104 1848 incredibili
1120 1785 1298 1868 voluptate

128 1912 136 1923 ·
185 1887 351 1971 perfundi,
387 1906 490 1971 quum
520 1886 686 1952 senserint
723 1905 797 1950 sese
827 1887 936 1950 Nobis
967 1887 1128 1970 vobisque
1165 1888 1297 1953 iunctos
1326 1927 1416 1960 mm
1444 1914 1479 2018 ,t

186 1997 292 2058 etiarn
307 2013 383 2058 cum
401 1990 520 2056 ceteris
535 1991 695 2073 coniungi
717 1988 881 2069 fidelibus,
896 1991 953 2074 qui
982 2000 1092 2058 toturn
1109 1991 1221 2057 diffusi
1238 2005 1300 2077 per
1327 1987 1366 2080 ἕξ
1390 1977 1444 2033 ‘'¹⁹“
1459 1987 1478 2017 ⁸'

186 2098 305 2160 orbem
331 2103 510 2160 censentur
525 2093 692 2158 catholico
708 2095 844 2158 nomine
860 2115 868 2175 ;
895 2096 1048 2178 adeoque
1063 2098 1239 2172 senserint,
1264 2118 1300 2161 se

188 2205 224 2265 in
251 2197 476 2264 tabernaculis
491 2215 627 2261 manere
651 2197 813 2280 mysticae
837 2198 931 2276 Sion,
957 2201 1009 2263 cui
1026 2200 1143 2263 datum
1160 2208 1211 2262 est
1240 2200 1298 2262 uni

192 2326 237 2368 ex
254 2302 377 2368 divinis
401 2301 552 2377 oraculis,
568 2311 604 2365 ut
620 2301 745 2384 ubique
771 2311 934 2367 terrarum
950 2303 1069 2368 dilatet
1100 2303 1211 2366 locum
1228 2312 1301 2366 ten·

192 2409 270 2474 torii
286 2409 336 2473 sui
353 2417 386 2472 et
402 2405 506 2490 pelles
521 2404 811 2470 tabernaculorum
829 2427 965 2471 suorum
982 2407 1156 2472 extendat.

238 2512 396 2577 Ceterum
415 2521 451 2574 ut
466 2510 687 2594 optatahaec
713 2510 859 2574 reversio
885 2510 1061 2592 contingat
1086 2519 1234 2575 vestrum
1251 2521 1303 2574 est
1339 2542 1480 2589 Hm„

194 2617 408 2700 potissimum
421 2633 558 2698 operam
575 2615 665 2691 dare,
679 2613 899 2678 Venerabiles
910 2615 1052 2692 Fratres,
1062 2616 1121 2698 qui
1132 2616 1302 2680 Armeniis
1319 2603 1483 2721 ffrw,

187 2722 399 2786 dioecesibus
415 2719 586 2804 praeestis,
600 2717 722 2802 quibus
740 2739 848 2801 neque
864 2719 972 2784 zelum
989 2721 1031 2784 ad
1045 2720 1301 2799 cohortandum,
1328 2721 1355 2767 ³⁸
1367 2723 1416 2792 uro
1429 2723 1480 2767 Ar·

189 2845 300 2908 neque
315 2825 504 2888 doctrinam
521 2823 563 2886 ad
580 2823 851 2905 persuadendum
876 2821 992 2887 delore
1020 2823 1183 2888 novimus.
1209 2823 1300 2908 Quin
1337 2795 1472 2887 Am?

186 2932 290 2994 etiam
309 2929 436 2993 Nostro
452 2928 588 2991 nomine
603 2936 637 2989 et
652 2925 761 2990 verbis
777 2945 844 3003 eos,
857 2925 912 3009 qui
929 2925 1142 3004 dissentiunt,
1157 2947 1216 3010 per
1229 2927 1300 2992 Vos
1318 2915 1415 3020 sssssg,
1439 2905 1484 3005 ’ξι

189 3032 338 3097 revocari
363 3031 539 3096 volumus:
565 3049 631 3092 non
657 3029 748 3092 enim
764 3030 874 3110 pudor
889 3040 949 3106 est,
971 3028 1041 3093 imo
1056 3051 1136 3095 vero
1152 3032 1301 3095 maxime
1326 3025 1473 3124 mirmur

189 3141 300 3212 decet,
315 3145 489 3218 parentem
505 3133 549 3198 ab
565 3151 600 3195 se
616 3130 785 3214 digressos
808 3133 933 3216 diuque
958 3141 1156 3216 expectatos
1179 3132 1301 3196 liberos
1329 3139 1452 3184 reducant.

192 3260 350 3306 revocare
365 3241 516 3316 domum,
531 3237 600 3302 imo
616 3256 788 3300 occurrere
803 3246 837 3300 et
852 3237 988 3300 brachia
1003 3238 1150 3319 pandere
1162 3239 1302 3302 reduces

193 3345 403 3429 amplexura.
431 3343 551 3426 Neque
576 3340 647 3404 fore
673 3350 842 3424 putamus,
868 3350 906 3405 ut
935 3361 1033 3404 voces
1060 3341 1302 3425 suasionesque

192 3450 372 3515 vestraein
388 3448 518 3513 irritum
542 3446 676 3511 cadant
703 3445 808 3528 Spem
833 3446 923 3509 enim
950 3445 1058 3510 Nobis
1083 3444 1162 3510 facit
1192 3448 1301 3530 optati

191 3555 306 3620 exitus
319 3553 464 3636 primum
474 3549 682 3634 amplissima
692 3548 920 3612 misericordia
933 3549 997 3612 Dei
1008 3549 1041 3612 in
1052 3568 1171 3613 omnes
1183 3561 1302 3633 gentes

191 3657 309 3735 effusa,
329 3667 401 3723 tum
428 3655 532 3739 ipsius
559 3651 713 3717 Armenii
740 3651 857 3737 populi
884 3651 1038 3717 docilitas
1063 3663 1097 3718 et
1120 3653 1301 3738 ingenium.

192 3761 307 3846 Quam
324 3779 449 3844 pronus
464 3758 508 3824 ad
524 3755 793 3840 amplectendam
819 3757 993 3821 veritatem
1019 3756 1122 3821 semel
1151 3757 1301 3840 agnitam
1382 3812 1481 3860 madar

191 3871 247 3944 sit,
272 3885 374 3950 quam
391 3872 527 3946 paratus
542 3861 586 3926 ad
602 3880 800 3944 regressum,
824 3861 851 3924 si
875 3861 908 3925 in
925 3862 1022 3926 devia
1037 3862 1178 3926 senserit
1194 3883 1229 3925 se
1244 3863 1302 3925 de·
1324 3875 1405 3946 genre
1430 3875 1481 3918 Ar·

192 3970 339 4046 flexisse,
355 3967 468 4032 multis
483 3973 644 4031 testatum
657 3975 708 4028 est
726 3965 951 4028 monumentis
968 3963 1135 4029 historiae.
1149 3962 1302 4028 Glorian-
1326 3933 1483 4039 mm

193 4087 249 4140 tur
261 4075 284 4138 ii
299 4073 350 4138 vel
367 4072 440 4156 ipsi,
451 4070 508 4155 qui
519 4091 614 4134 sacra
626 4091 645 4132 a
656 4069 750 4136 vobis
759 4069 940 4153 separatim
950 4067 1086 4143 obeunt,
1102 4068 1301 4132 Armeniam
1328 4051 1460 4114 ingenium.

192 4189 331 4261 gentem
348 4174 473 4242 Christi
491 4171 590 4238 fidem
607 4174 763 4238 edoctam
779 4171 880 4235 luisse
905 4190 926 4234 a
952 4168 1124 4251 Gregorio,
1140 4171 1211 4234 viro
1227 4190 1302 4234 san·
1331 4144 1483 4266 Gngffssfflss‘

227 4424 247 4456 1.
260 4409 496 4468 Corinth.,x1114-5.
