3310 4868
442 384 697 434 BIBLIOTHECA
722 383 923 435 VATICANA.
1164 367 1232 452 169

657 599 708 677 87.

74 823 76 832 ,
172 766 270 831 Nella
282 767 353 832 sala
368 767 403 831 di
413 767 527 832 studio
542 766 561 832 ὲ
576 769 727 833 stabilito
742 787 811 832 uno
826 789 847 833 o
862 767 919 851 pit
936 768 1066 832 armadi
1078 766 1235 850 guarniti,

134 871 221 935 ovei
246 871 384 936 Preietti
408 871 653 956 giornalmente
677 873 782 936 fanno
821 873 947 955 riporre
981 873 1036 936 dai
1062 870 1185 936 Bidelli
1216 891 1235 934 e

134 976 446 1060 provvisoriamente
472 978 641 1042 custodire
667 977 678 1040 i
702 978 820 1054 codici,
836 998 855 1042 e
873 985 964 1041 tutto
989 976 1042 1040 cio
1057 975 1120 1040 che
1142 995 1236 1038 serve

135 1079 195 1145 allo
208 1082 329 1147 studio.
345 1083 396 1147 Le
410 1081 519 1146 chiavi
535 1081 570 1145 di
585 1083 695 1166 questi
711 1082 870 1146 armadie
885 1082 917 1146 la
933 1081 1050 1145 chiave
1062 1080 1236 1163 duplicata

134 1185 216 1268 degli
240 1186 357 1250 scanni
380 1187 470 1270 degli
502 1185 655 1252 Scrittori
678 1185 811 1249 devono
842 1185 1020 1250 custodirsi
1044 1183 1101 1249 dal
1126 1187 1236 1268 primo

137 1289 285 1356 Preietto.

667 1377 717 1439 88.

174 1556 209 1621 L'
219 1566 385 1641 apparato
411 1555 591 1622 telefonico
606 1553 693 1622 teste
724 1577 834 1621 messo
856 1559 889 1622 in
916 1576 1019 1640 opera
1040 1556 1235 1640 nell'ampio

136 1661 311 1742 perimetro
337 1660 427 1725 della
443 1659 666 1738 bibliotecae
696 1659 866 1725 destinato
882 1660 1161 1725 esclusivarnente
1191 1660 1233 1724 ad

135 1765 305 1846 agevolare
317 1763 472 1830 l’interno
488 1764 630 1828 servizio
639 1764 728 1828 della
743 1765 936 1872 medesima.

662 1956 713 2033 89.

171 2118 375 2203 ISuperiori
399 2120 619 2185 stabilitanno
645 2122 680 2185 di
710 2131 869 2187 concerto
884 2143 944 2206 per
968 2123 978 2185 i
1005 2123 1170 2186 visitatori
1189 2144 1233 2188 un
1291 2173 1327 2220 ne
1351 2174 1412 2221 vrn-

134 2225 233 2290 orario
260 2237 491 2291 consentaneo
515 2227 581 2291 alla
612 2227 739 2311 qualite
766 2228 820 2292 del
838 2229 950 2310 luogo,
966 2228 1186 2292 subordinato
1202 2229 1234 2292 ai
1258 2234 1399 2281 onustas.

134 2327 256 2413 bisogni
273 2329 329 2396 del
347 2331 487 2395 servizio
502 2331 544 2396 ed
572 2331 638 2396 alla
653 2331 809 2414 generale
824 2331 1000 2416 disciplina
1022 2332 1077 2395 dei
1094 2330 1156 2397 SS.
1173 2332 1233 2396 Pa·

134 2431 215 2498 lazzi.
230 2435 312 2500 Non
329 2455 413 2500 sono
429 2455 595 2500 ammesse
603 2435 702 2500 visite
717 2436 771 2499 nei
792 2436 900 2519 giomi
917 2435 1058 2499 festivie
1075 2435 1162 2500 nelle
1177 2456 1234 2500 ore

134 2534 162 2598 in
176 2539 226 2602 cui
242 2538 276 2603 la
291 2538 473 2604 biblioteca
488 2538 507 2605 ἐ
522 2538 637 2604 chiusa
653 2559 712 2622 per
727 2539 831 2603 lavori
858 2539 1082 2603 straordinari.

659 2742 710 2804 90.

171 2896 267 2962 Nelle
283 2917 342 2961 ore
357 2897 524 2962 destinate
539 2897 606 2962 alla
618 2899 715 2963 visita
731 2918 816 2962 sono
837 2897 944 2961 chiusi
968 2896 1013 2980 gli
1030 2895 1173 2978 armadi,
1187 2894 1234 2978 gli

132 3001 246 3084 serigni
270 3022 290 3065 e
322 3001 353 3065 le
383 3001 514 3066 scancie
541 3011 680 3080 avetro,
704 3023 767 3066 ove
783 3003 810 3066 si
834 3003 1070 3066 custodiscono
1098 3001 1129 3064 le
1144 3001 1235 3063 varie

132 3103 309 3182 collezioni,
333 3103 374 3168 ne
390 3115 557 3188 potranno
572 3105 689 3189 aprirsi
704 3125 805 3170 senza
832 3105 843 3168 i
860 3105 997 3170 Preietti
1020 3105 1082 3168 che
1097 3123 1140 3166 ne
1155 3123 1233 3167 con·

132 3225 264 3274 servaoo
281 3207 312 3271 le
328 3209 445 3275 chiavi.

655 3313 707 3380 91.

170 3471 206 3536 L'
217 3494 354 3538 accesso
377 3475 433 3539 dei
450 3451 614 3540 visitatori
638 3477 723 3540 deve
738 3497 759 3539 a
781 3497 861 3539 cura
891 3477 945 3540 dei
972 3475 1110 3541 Preietti
1125 3497 1234 3540 essere

132 3577 279 3642 ordinato
308 3579 342 3642 in
374 3581 532 3656 maniera,
562 3580 624 3644 che
651 3601 718 3645 non
749 3600 901 3664 avvenga
930 3580 997 3644 mai
1024 3600 1124 3644 senza
1162 3580 1234 3644 loro

132 3680 269 3761 intesa,e
284 3684 346 3748 che
361 3683 384 3748 il
401 3685 551 3750 Portiere
567 3687 611 3750 od
632 3707 677 3750 un
691 3687 822 3750 Bidello
845 3689 997 3769 rimanga
1021 3704 1152 3767 sempre
1167 3684 1233 3748 alla

131 3797 221 3865 pona
235 3809 296 3871 per
311 3788 487 3854 introdurli
502 3810 522 3853 e
537 3811 597 3872 per
613 3792 757 3855 ricevere
787 3789 820 3854 la
835 3810 1006 3873 consegna
1021 3789 1072 3853 de'
1089 3788 1233 3865 bertoni,

131 3891 275 3956 ombrelli
291 3893 333 3958 ed
360 3894 491 3976 oggetti
520 3894 583 3958 che
607 3896 638 3958 ai
663 3895 828 3959 visitatori
857 3915 924 3958 non
952 3893 970 3959 'e
1000 3911 1173 3976 permesso
1197 3891 1232 3955 di

131 4005 257 4074 portare
268 4006 363 4061 entro
378 3998 410 4060 le
425 3997 500 4061 aule
519 4021 526 4062 :
552 4019 571 4061 e
594 3999 656 4062 che
679 3999 754 4063 altri
769 3999 836 4063 due
858 3997 987 4076 BideIli,
1003 4019 1021 4062 e
1038 4017 1103 4060 non
1122 4015 1232 4073 meno,

133 4096 218 4162 sieno
233 4101 392 4166 destinati
418 4103 461 4166 ad
488 4103 666 4181 associarli,
683 4123 749 4167 non
774 4103 931 4167 dovendo
955 4122 1014 4185 per
1029 4099 1144 4183 regola
1159 4119 1232 4182 per·

134 4204 274 4267 mettersi
303 4206 401 4270 visite
425 4227 526 4271 senza
554 4218 911 4296 accompagnamento,
937 4207 978 4271 ed
1005 4206 1038 4268 in
1060 4205 1233 4269 soverchia

135 4306 339 4374 multitudine
365 4311 410 4374 da
425 4312 621 4394 ingenerare
636 4312 842 4388 confusione,
857 4331 913 4376 rna
928 4331 948 4374 a
972 4311 1117 4393 separati
1133 4311 1232 4390 drap·

136 4409 216 4491 pelli,
231 4414 388 4480 evitando
399 4436 532 4498 sempre
547 4414 656 4481 inutili
668 4415 815 4499 colloqui
830 4436 849 4480 e
864 4413 1056 4499 prolongati
1079 4413 1232 4478 tratteni-
