3172 4874
412 349 485 418 240
605 345 753 398 arrasa.
773 343 902 396 asosn.
925 330 946 361 ‘⁸
966 345 1082 398 setun
1102 346 1142 398 m
1162 347 1292 401 aarum
1312 385 1337 414 „

408 523 546 605 eiusque
560 531 637 586 acta
649 519 942 604 vulgare,servatis
958 529 1072 586 tamen
1088 523 1201 606 quoad
1217 523 1332 590 omnia
1347 527 1509 590 munnicis

407 625 733 712 praescriptionibus
765 624 853 690 Item
880 623 1018 690 liberam
1045 645 1218 694 remanere
1241 628 1402 696 volumus
1426 632 1510 698 novis

407 731 534 796 eisdem
566 729 745 812 Episcopis
775 727 972 794 idoneomm
1004 731 1226 812 parochorum
1255 732 1458 800 electionem
1481 744 1510 798 et

406 835 602 898 canonicam
619 832 874 910 institutionem,
885 832 1026 898 servatis
1037 834 1081 898 de
1092 834 1162 900 iure
1177 845 1211 902 et
1227 855 1320 902 more
1336 840 1509 904 servandis

336 933 339 941 '
407 937 557 1005 Sollicite
572 947 685 1002 autem
702 945 819 1002 curent
834 936 911 1002 novi
922 935 1105 1004 Antistitee
1115 947 1153 1004 ut
1165 937 1353 1005 catholicae
1365 939 1507 1006 iuventu-

228 1025 380 1132 ussssssssm
405 1043 448 1108 tis
479 1041 645 1108 institutio
669 1039 702 1104 in
726 1039 849 1104 scholis
873 1040 944 1106 sive
973 1041 1114 1125 publicis
1137 1043 1209 1107 sive
1230 1043 1382 1127 privatis,
1405 1045 1506 1129 quoad

224 1145 345 1208 Μῦν
358 1207 369 1250 Ι
405 1145 475 1212 fieri
492 1145 623 1229 poterit,
638 1145 681 1208 ad
698 1142 882 1209 catholicae
902 1144 1076 1211 doctrinae
1102 1165 1254 1214 normam
1270 1159 1432 1214 accurate
1445 1149 1506 1213 exi·

227 1219 380 1310 mulia-⁰
405 1261 503 1336 gatus
516 1271 524 1330 ς
539 1249 697 1314 studeant
714 1247 777 1329 ipsi
794 1246 917 1312 idcirco
932 1249 983 1314 sui
1007 1249 1182 1332 pastoralis
1198 1248 1298 1314 officii
1313 1252 1506 1318 auctoritate

228 1327 277 1370 Μ’
405 1354 554 1420 eiusdem
581 1351 762 1418 iuventutis
786 1349 976 1434 religiosam
1002 1353 1244 1420 institutionem
1263 1355 1311 1420 ita
1339 1354 1505 1428 moderari.

405 1469 441 1524 ut
467 1475 650 1540 numquam
667 1455 701 1518 in
717 1453 894 1520 cuiuslibet
909 1456 1106 1540 disciplinae
1131 1456 1312 1524 traditione
1327 1459 1505 1543 quidquam

403 1561 561 1644 subrepat
574 1559 758 1624 catholicae
769 1557 920 1642 religioni
933 1579 1131 1645 morumque
1142 1561 1310 1628 honestati
1327 1563 1505 1628 adversum

405 1667 507 1732 Porro
524 1667 557 1729 in
574 1665 692 1729 eadem
719 1663 924 1730 instituenda
939 1665 1112 1732 iuventute
1138 1667 1199 1734 viri
1214 1667 1375 1732 catholici
1390 1668 1426 1732 in
1441 1687 1505 1751 pro

404 1771 543 1836 sessores
560 1789 617 1834 seu
634 1769 813 1852 magistros
835 1770 948 1855 quoad
973 1769 1058 1836 fierit
1080 1771 1204 1856 poterit
1220 1771 1460 1850 nominentnr;
1478 1783 1505 1836 et

402 1874 564 1959 quoniam
588 1873 622 1937 in
648 1871 882 1956 ludimagistro
912 1893 978 1939 non
1011 1873 1122 1940 minus
1149 1874 1226 1942 fidei
1252 1895 1357 1960 quam
1382 1896 1505 1942 morum

403 1978 561 2044 honestas
577 1985 628 2042 est
649 1977 844 2057 necessaria,
859 1977 886 2041 si
901 1978 976 2062 quis
992 1979 1025 2043 in
1043 1977 1202 2045 alterutro
1217 1978 1409 2046 claudicare
1423 2001 1506 2044 com-

402 2083 558 2166 periatur,
585 2083 674 2146 idem
702 2081 891 2165 Episcopus
922 2101 999 2148 eum
1029 2093 1122 2150 curet
1151 2103 1331 2150 removere.
1366 2084 1406 2150 ld
1436 2104 1506 2148 vero

403 2186 556 2251 volumus
583 2186 803 2250 constitutum
834 2187 877 2250 ad
908 2186 1038 2269 piarum
1063 2187 1312 2253 institutionum
1336 2207 1504 2254 consura-

234 2366 239 2376 .
271 2307 378 2355 foveant
403 2291 531 2355 tionem
547 2299 584 2354 ut
609 2289 742 2370 singula
772 2288 927 2371 religiosa
957 2289 1120 2370 instituta,
1149 2291 1411 2375 corporationes,
1437 2292 1504 2376 piae

224 2373 377 2473 222'2‘22’12.
404 2393 600 2460 sodalitates
616 2394 685 2457 sive
701 2392 767 2456 iam
784 2391 970 2457 existentes
985 2393 1055 2457 sive
1070 2393 1203 2460 futurae
1218 2403 1353 2460 servent
1363 2395 1501 2460 libereet

221 2486 304 2544 Μ’·
403 2498 514 2562 valide
529 2504 744 2580 propugnent
756 2505 827 2559 tum
841 2495 978 2562 liberam
990 2499 1235 2579 possessiouem
1251 2497 1421 2563 bonorum
1438 2517 1504 2562 suo-

403 2623 476 2667 rum
493 2621 790 2686 quorumcumque,
817 2610 888 2664 tum
913 2601 1016 2666 etiam
1047 2601 1182 2683 plenam
1213 2611 1419 2686 potestatem
1443 2601 1501 2685 ple

403 2725 551 2788 numque
567 2705 617 2769 ius
634 2704 735 2768 libere
751 2703 1078 2788 accipiendi,iruendi
1094 2714 1129 2769 et
1139 2705 1400 2770 administrandi
1412 2705 1502 2780 bona,

402 2808 537 2882 reditus,
549 2807 749 2870 donationes
765 2805 914 2887 legitime
929 2805 1061 2872 oblatas
1073 2816 1107 2872 et
1116 2806 1344 2884 obvenientes,
1368 2805 1503 2871 nullam

402 2931 466 2994 que
482 2931 597 2974 eorum
615 2911 894 2993 suppressionem,
916 2909 968 2974 vel
993 2911 1162 2990 unionem,
1188 2918 1247 2976 aut
1270 2910 1500 2978 alienationem

402 3013 471 3077 fieri
488 3033 586 3097 posse
602 3013 812 3078 decernimus
826 3011 954 3096 absque
969 3012 1188 3102 Apostolicae
1205 3013 1304 3079 Sedis
1329 3014 1502 3078 auctorita·

400 3119 442 3182 tis
460 3117 759 3194 interventu,salvis
775 3115 990 3181 facultatibus
1005 3136 1027 3181 a
1041 3135 1135 3181 sacro
1145 3116 1346 3182 Tridentino
1358 3116 1501 3183 Concilio

401 3221 579 3306 Episcopis
594 3220 735 3285 tributis.
752 3219 958 3285 Canonicam
970 3227 1089 3286 taxam
1100 3221 1133 3284 in
1143 3218 1284 3303 singulis
1294 3219 1499 3302 Apostolica·

255 3322 294 3353 '⁸²‘
337 3325 373 3354 οἵ·
398 3347 473 3392 rum
490 3326 673 3390 litterarum
700 3325 905 3389 solemnibus
935 3324 1209 3409 expeditionibus
1230 3325 1501 3408 quotiescumque

399 3451 505 3494 novus
521 3429 676 3495 Antiates
686 3429 822 3492 cuilibet
838 3448 882 3493 ex
898 3429 1056 3512 praelatis
1079 3429 1210 3494 noviter
1223 3429 1344 3494 erectis
1360 3427 1500 3494 ecclesiis

399 3536 462 3598 erit
489 3533 731 3617 praeficiendus
761 3533 795 3597 in
836 3533 945 3597 aureis
975 3533 1019 3596 de
1044 3531 1186 3598 Camers
1212 3531 1347 3598 florenis
1370 3541 1499 3598 centum

398 3641 576 3705 statuimus
591 3660 599 3718 ;
614 3639 728 3721 sicque
743 3637 776 3700 in
808 3637 901 3702 libris
924 3636 1205 3720 congregationis
1224 3633 1258 3702 S.
1275 3635 1318 3702 R.
1335 3637 1376 3703 E.
1390 3635 1500 3704 Cardi-

396 3743 523 3808 nalium
540 3741 682 3824 Collegii
696 3740 830 3805 inscribi
846 3748 879 3804 ct
892 3741 925 3804 in
937 3739 1026 3806 illius
1049 3740 1214 3806 tabulario
1238 3740 1363 3804 servari
1378 3737 1499 3824 praeci-

395 3849 515 3932 pimus.
543 3845 701 3912 Ceterum
729 3844 841 3927 quoad
858 3863 919 3921 res,
934 3843 1005 3908 iura
1021 3854 1056 3911 et
1076 3863 1237 3927 personas
1252 3841 1500 3916 ecclesiasticas,

395 3952 438 4016 de
465 3951 586 4035 quibus
613 3948 704 4013 nulla
731 3949 764 4011 in
796 3948 1028 4033 praesentibus
1043 3948 1161 4014 litteris
1188 3967 1350 4031 expressa
1376 3946 1498 4012 mentio

395 4055 484 4120 facta
506 4064 567 4131 est,
587 4074 628 4117 ea
650 4063 722 4118 rata
737 4053 876 4116 omnino
892 4061 926 4117 et
942 4051 1037 4116 firma
1052 4061 1152 4134 prout
1167 4061 1266 4116 antea
1282 4062 1497 4124 remaneant;

395 4158 488 4240 quod
514 4157 542 4220 si
572 4155 684 4238 aliqua
698 4155 924 4237 supervenerit
940 4155 1128 4234 difficultas,
1143 4173 1183 4220 ea
1199 4155 1384 4218 secundum
1399 4171 1495 4218 cano

394 4265 486 4326 uicas
502 4260 591 4341 leges
607 4262 650 4323 ad
666 4261 821 4323 eamdem
839 4258 1073 4342 Apostolicam
1093 4259 1216 4326 Sedem
1232 4258 1296 4322 erit
1310 4256 1493 4326 deserenda,

395 4366 531 4443 eiusque
543 4361 639 4426 Sedis
651 4362 713 4424 erit
725 4381 764 4424 ea
781 4372 900 4427 cuncta
912 4363 1090 4442 declarare,
1102 4364 1228 4429 diluere
1241 4369 1274 4426 et
1283 4377 1490 4445 compones&
