3310 4868
415 331 483 398 118
714 349 924 402 aucvcmcn
945 339 965 370 ‘⁸
985 353 1170 407 arsanias
1190 390 1211 418 „

412 466 1520 492 Ἣ

409 533 514 614 gradu
531 532 665 614 dispari,
680 541 835 613 oportere
852 543 965 596 tamen
981 552 1054 596 esse
1075 533 1162 597 inter
1188 553 1224 598 se
1250 536 1422 599 actionum
1438 555 1519 600 eon-

408 636 522 700 cordia
538 646 572 700 et
596 636 782 700 mutatione
797 633 981 700 officiorum
999 638 1258 702 consentientes.

235 758 385 816 rerrrusgra-
456 740 545 804 Huic
561 749 734 824 tamquam
751 740 864 824 generi
880 740 1031 805 subiecta
1046 749 1097 806 est
1113 741 1227 824 opinio
1238 741 1378 825 duplex.
1388 777 1432 790 -
1442 739 1519 805 Plu·

234 817 385 924 glaslror‘lssl
409 865 462 910 res
494 847 582 909 enim
610 846 852 930 rempublicam
877 845 996 910 volunt
1017 845 1061 909 ab
1088 845 1241 910 Ecclesia
1267 847 1453 912 seiunctam
1484 855 1520 910 et

243 936 380 1042 fflssss}
410 949 543 1031 penitus
559 958 592 1012 et
608 945 725 1024 totan'r,
742 949 789 1013 ita
806 960 851 1013 ut
879 951 912 1012 in
938 950 1030 1012 omni
1056 949 1124 1014 iure
1148 951 1319 1015 societatis
1342 949 1520 1026 humanae,

234 1055 443 1158 {zsvgfsgssj'in
461 1053 631 1130 institutis,
648 1054 805 1130 moribus,
821 1053 962 1137 legibus,
979 1053 1181 1135 reipublicae
1208 1055 1410 1133 muneribus,
1426 1054 1521 1119 insti-

234 1173 305 1218 cussa
324 1173 385 1242 qq
410 1159 539 1222 tutione
565 1159 755 1235 iuventutis,
772 1178 838 1221 non
867 1159 974 1238 magis
999 1159 1040 1221 ad
1065 1158 1250 1223 Ecclesiam
1274 1159 1519 1242 respiciendum

235 1232 286 1344 52'7‘,
306 1246 385 1290 '‘su'‘
410 1271 578 1340 censeant,
590 1283 691 1344 quam
703 1264 728 1326 si
742 1272 831 1328 esset
843 1264 982 1326 omnino
993 1262 1085 1326 nulla
1099 1264 1278 1347 :permissa
1291 1265 1332 1328 ad
1350 1283 1519 1326 summum

409 1366 550 1448 singulis
568 1366 696 1428 civibus
722 1365 891 1442 facultate,
906 1375 943 1430 ut
967 1367 1132 1448 privatim,
1155 1368 1182 1431 si
1206 1367 1318 1443 libeat,
1340 1369 1423 1432 dent
1447 1366 1521 1431 reli·

408 1471 500 1554 gioni
516 1491 663 1552 operam.
677 1470 803 1535 Contra
814 1491 898 1554 quos
908 1470 1067 1551 planevis
1077 1482 1352 1554 argumentorum
1369 1473 1520 1536 omnium

408 1573 506 1650 valet,
523 1574 644 1657 quibus
661 1575 769 1656 ipsam
785 1576 829 1639 de
856 1575 1082 1640 distrahendis
1100 1575 1271 1640 Ecclesiae
1287 1577 1401 1660 reique
1414 1574 1522 1640 civilis

409 1677 594 1741 rationibus
610 1679 811 1742 sententiam
825 1679 1057 1742 convincimus
1072 1703 1078 1744 :
1095 1681 1158 1744 hoc
1169 1691 1342 1762 praeterea
1352 1679 1523 1754 adiuncto,

409 1783 500 1864 quod
517 1791 567 1845 est
583 1782 837 1864 perabsurdum,
852 1793 890 1847 ut
906 1783 1092 1848 Ecclesiam
1119 1783 1201 1848 civis
1226 1793 1388 1862 vereatur,
1404 1783 1522 1848 civitas

410 1896 617 1953 contemnat.

453 1991 533 2068 Alii,
550 1990 729 2074 quominus
757 1991 908 2056 Ecclesia
931 1993 983 2070 sit,
999 2012 1066 2056 non
1084 2003 1282 2076 repugnant,
1297 2013 1407 2076 neque
1431 1993 1522 2057 enim

261 2105 300 2150 vel
313 2119 360 2175 nen
410 2108 548 2180 possent
565 2121 571 2161 :
586 2097 616 2160 ei
633 2107 747 2160 tamen
764 2106 919 2160 naturam
942 2095 1079 2179 iuraque
1096 2097 1229 2180 propria
1251 2099 1421 2162 societatis
1448 2117 1523 2180 per·

238 2169 386 2270 fflllllla's
410 2200 518 2266 sectae
544 2201 699 2284 eripiunt,
729 2220 790 2264 nec
821 2199 892 2264 eius
937 2219 1010 2263 esse
1040 2203 1259 2278 contendunt,
1282 2202 1391 2266 lacere
1422 2201 1524 2286 leges,

244 2284 369 2342 “W''
410 2304 566 2380 iudicare,
583 2303 706 2378 ulcisci,
729 2304 787 2366 sed
815 2301 984 2367 cohortari
1008 2303 1198 2380 dumtaxat,
1228 2306 1378 2381 suadere,
1409 2325 1525 2387 regere

410 2428 473 2472 sua
490 2417 611 2491 sponte
627 2419 661 2474 et
681 2407 858 2472 voluntate
883 2407 1060 2474 subiectos.
1085 2409 1205 2492 ltaque
1220 2410 1355 2474 divinae
1384 2409 1524 2472 huiusce

409 2513 579 2577 societatis
596 2524 750 2577 naturam
774 2513 934 2594 opinione
958 2513 1159 2590 adulterant,
1183 2515 1428 2590 auctoritatem,
1451 2531 1523 2576 ma-

409 2617 592 2698 gisterium,
607 2637 742 2680 omnem
760 2617 830 2680 eius
860 2615 1072 2681 efficientiam
1096 2627 1284 2683 extenuant
1311 2627 1345 2682 et
1376 2636 1526 2700 coangu-

409 2727 510 2796 stant,
525 2718 592 2782 vim
610 2718 707 2782 simul
726 2729 996 2803 potestatemque
1011 2720 1118 2783 civilis
1134 2721 1343 2803 principatus
1359 2741 1465 2803 usque
1481 2741 1524 2784 eo

409 2831 665 2902 exaggerantes,
688 2832 724 2886 ut
748 2823 834 2886 sicut
859 2842 960 2886 unam
984 2823 1139 2906 quamvis
1171 2844 1189 2887 e
1215 2824 1525 2888 consociationibus

408 2924 531 2990 civium
577 2925 782 3005 voluntariis,
814 2929 861 2991 ita
903 2927 1091 2991 Ecclesiam
1139 2929 1203 2992 Dei
1240 2929 1303 2993 sub
1345 2930 1523 3012 imperium

408 3030 639 3112 ditionemque
666 3031 869 3112 reipublicae
895 3031 1236 3114 subiungant-Ad
1253 3033 1315 3097 hos
1342 3027 1442 3115 plane
1472 3054 1524 3096 re-

409 3131 571 3198 fellendos
587 3145 787 3216 argumenta
802 3136 915 3200 valent
932 3135 1135 3218 Apologetis
1148 3137 1281 3211 usitata,
1296 3157 1357 3200 nec
1374 3146 1523 3216 praeter·
1561 3171 1579 3201 a

409 3236 511 3301 missa
539 3237 656 3315 Nobis,
670 3239 871 3304 nominatim
899 3239 931 3324 in
966 3237 1120 3321 Epistola
1135 3239 1316 3322 encyclica
1331 3238 1526 3302 Immortnle

408 3341 482 3418 Dei,
509 3361 553 3406 ex
580 3342 703 3426 quibus
733 3341 883 3420 efficitur,
915 3342 1076 3406 divinitus
1106 3363 1180 3406 esse
1220 3345 1453 3418 constitutum,
1484 3351 1523 3404 ut

406 3445 520 3510 omnia
536 3447 569 3510 in
599 3447 750 3511 Ecclesia
777 3448 890 3524 insint,
906 3467 992 3530 quae
1015 3449 1058 3512 ad
1087 3457 1242 3511 naturam
1268 3467 1306 3510 ac
1324 3447 1395 3510 iura
1420 3447 1521 3528 pcrti-
1650 3471 1651 3550 q

407 3558 509 3613 neant
540 3550 719 3632 legitimae,
743 3571 904 3628 summae,
927 3561 962 3615 et
992 3551 1148 3615 omnibus
1173 3551 1325 3633 partibus
1349 3548 1520 3633 perlectae

406 3647 587 3719 societatis.

254 3807 357 3859 ,umus
450 3757 549 3822 Multi
581 3759 727 3841 denique
750 3760 795 3824 rei
818 3779 932 3823 sacrae
955 3779 975 3822 a
998 3779 1032 3823 re
1056 3759 1145 3822 civili
1169 3759 1423 3824 distractionem
1450 3779 1517 3823 non

223 3861 318 3919 sradm
337 3867 376 3915 σέ.
406 3861 573 3940 probant;
597 3861 662 3924 sed
681 3871 794 3926 tamen
822 3861 1010 3924 faciendum
1032 3871 1178 3936 censent,
1192 3871 1228 3925 ut
1254 3861 1405 3925 Ecclesia
1420 3861 1518 3926 obse-

227 3921 378 4025 {iiiiii
403 3973 525 4046 quatur
540 3965 696 4045 tempori,
711 3975 745 4028 et
761 3965 874 4028 flectat
889 3984 924 4027 se
941 3974 1042 4046 atque
1058 3965 1293 4029 accommodet
1309 3965 1352 4029 ad
1372 3985 1422 4039 ea,
1431 3985 1520 4048 quae

226 4038 317 4144 w,
340 4053 377 4084 ω’
405 4067 437 4131 in
470 4067 745 4132 administrandis
775 4067 921 4149 imperiis
948 4067 1110 4131 hodierna
1138 4068 1316 4150 prudentia
1341 4067 1519 4132 desiderat.

405 4171 556 4254 Quorum
584 4181 634 4236 est
662 4172 806 4236 honesta
822 4171 997 4248 sententia,
1020 4173 1047 4234 si
1070 4175 1114 4236 de
1138 4173 1283 4254 quadam
1312 4171 1520 4253 intelligatur

402 4297 508 4359 aequa
525 4277 661 4354 ratione,
674 4296 760 4360 quae
772 4277 953 4341 consistere
963 4295 1039 4340 cum
1064 4275 1204 4340 veritate
1228 4275 1421 4358 iustitiaque
1436 4295 1516 4356 pos-

401 4379 632 4444 sit:nimirum
649 4390 696 4459 ut,
708 4379 884 4462 explorata
900 4399 961 4463 spe
987 4379 1100 4462 magni
1125 4377 1266 4444 alicuius
1291 4379 1382 4456 boni,
1404 4377 1515 4444 indul-
