3140 4866
151 863 229 925 quo
247 853 291 912 D.
309 849 446 912 ioann.
458 852 537 914 dos.
552 852 666 928 Faict,
684 853 891 927 Episcopus
904 856 1117 936 tirunensis,
1198 866 1204 886 ¹

169 1012 394 1068 recurrente
407 1021 508 1068 anno
523 1023 545 1068 a
558 1013 733 1082 suscepto
751 1011 970 1085 episcopatu
985 1013 1097 1094 XXV,

693 1352 885 1363 ,
962 1344 976 1345 a
1150 1302 1177 1365 ἔγ
1242 1311 1333 1360 Jurrr

867 1362 910 1372 ‘¹
1256 1361 1323 1421 188p

277 1470 440 1537 ΟΜΑΝῙ
464 1470 651 1550 Pontifices,
673 1473 804 1558 quibus,
830 1483 949 1559 utpote
975 1478 1071 1545 Beati
1097 1481 1185 1548 Petri
1210 1471 1364 1590 f‘wss‘mr

133 1573 205 1722 R
298 1575 543 1659 Apostolorum
556 1575 719 1659 Principis
730 1580 987 1660 successoribus
1002 1583 1185 1652 demanda·
1209 1603 1250 1635 Μ
1280 1547 1363 1638 aaut}

71 1535 230 1841 {Er—‘¹⁷¹
298 1689 371 1746 tum
384 1679 545 1746 divinitus
557 1690 608 1745 est
618 1681 791 1746 universae
805 1682 977 1749 Ecclesiae
988 1689 1137 1770 regimen
1151 1700 1186 1756 et
1209 1649 1335 1757 copll‘sllu

299 1784 497 1868 procuratio,
507 1793 541 1848 et
551 1784 672 1866 quibus
684 1793 861 1868 propterea
872 1787 923 1852 ius
935 1798 987 1855 est
1001 1790 1185 1859 Ecclesias-

72 1895 150 1960 ticis
175 1893 255 1956 viris
274 1890 410 1956 honoris
426 1889 571 1972 insignia
586 1889 809 1972 impertiendi,
825 1891 922 1957 Pallii
947 1908 1182 1964 ornamentum

74 2105 174 2170 iuxta
190 2100 361 2164 adhibitas
385 2099 429 2161 ab
452 2096 579 2160 eisdem
607 2096 650 2160 de
664 2097 857 2162 huiusmodi
883 2121 919 2165 re
940 2105 1184 2184 postulationes

73 2205 260 2272 concedere
290 2202 410 2279 solent,
433 2200 491 2263 sed
508 2219 584 2263 vere
599 2197 783 2282 aliquando
809 2203 911 2266 etiam
938 2204 1125 2293 Episcopls,
1155 2213 1183 2276 si

73 2311 183 2373 iustae
199 2322 387 2388 gravesque
415 2320 555 2367 caussae
576 2301 610 2365 id
643 2302 783 2366 suadere
812 2303 998 2372 videantur.
1031 2309 1077 2375 Et
1101 2333 1183 2378 sane

76 2411 111 2478 S.
130 2409 331 2491 Gregorium
343 2406 507 2487 Magnum
524 2404 695 2488 Episcopo
709 2404 1023 2488 Augustodunensi,
1040 2411 1074 2478 S.
1096 2413 1182 2480 Leo·

73 2533 152 2579 nem
172 2511 225 2576 IX
244 2509 414 2594 Episcopo
437 2508 687 2591 Bambergensi,
711 2509 887 2574 recentiori
902 2522 1015 2578 aetate
1039 2517 1182 2585 Benedi-

71 2626 171 2682 ctum
183 2615 272 2679 XIV
290 2611 526 2695 Herbipolensi
544 2610 723 2694 Episcopo,
739 2622 772 2675 et
785 2612 882 2679 Pium
896 2614 947 2679 lX
961 2617 1180 2689 Decessorem

72 2729 227 2785 nostrum
239 2715 1180 2803 EpiscopisTridentinoetWladislaviensiPalliihono·

72 2843 144 2888 rem
158 2842 361 2886 concessrsse
370 2829 510 2885 constat
525 2820 597 2884 lam
614 2840 692 2884 vero
702 2841 778 2886 curn
790 2823 893 2905 probe
909 2827 1110 2909 noverimus,
1121 2832 1181 2912 Te,
1206 2825 1358 2932 gwy

73 2927 286 2993 Venerabilis
316 2927 442 3004 Frater,
470 2927 514 2990 de
538 2925 708 2990 commissi
734 2927 813 2990 Tibi
837 2931 948 3012 gregis
980 2932 1088 2998 salute
1109 2937 1181 3002 dies
1207 2945 1339 3006 augensis

73 3041 256 3114 noctesque
279 3031 495 3114 cogitantem,
510 3029 592 3093 nulli
607 3029 724 3094 deesse
746 3031 826 3095 boni
843 3033 989 3099 Pastoris
1012 3036 1155 3118 officio,
1146 3061 1180 3105 ιη
1206 3003 1359 3110 maluae

72 3155 231 3220 quovera
243 3133 402 3217 Episcopi
418 3133 490 3197 laus
505 3133 703 3211 continetur,
719 3143 752 3198 et
767 3134 911 3200 insideat
927 3138 1041 3203 animo
1054 3141 1182 3208 Nostro
1206 3129 1289 3177 ’Μ’

72 3249 208 3305 tuorum
239 3239 282 3303 de
307 3247 366 3302 tua
392 3237 548 3302 Dioecesi
565 3236 758 3302 meritorum
787 3242 983 3322 recordatio,
1012 3246 1182 3330 singulare

72 3343 152 3408 Tibi
169 3360 356 3425 propensae
366 3340 399 3405 in
416 3341 466 3405 Te
482 3339 664 3406 voluntatis
677 3342 824 3407 Nostrae
838 3345 1069 3412 testimonium
1085 3348 1181 3414 exhi-

71 3447 222 3512 bendum
238 3446 438 3510 censuimus.
453 3443 550 3527 Quae
565 3465 642 3510 cum
657 3445 705 3508 ita
720 3446 797 3525 sint,
812 3466 832 3511 a
856 3447 1028 3530 quibusvis
1043 3471 1181 3534 excom7

73 3549 310 3616 municationis
334 3559 368 3613 et
394 3548 571 3626 interdicti,
586 3549 727 3632 aliisque
751 3549 983 3615 ecclesiasticis
997 3557 1182 3634 sententiis,

72 3654 221 3719 censuris
237 3662 272 3717 et
287 3651 413 3736 poenis,
429 3653 547 3735 quovis
563 3652 675 3730 modo,
686 3651 739 3716 vel
751 3653 870 3736 quavis
880 3654 923 3718 de
934 3676 1053 3722 caussa
1062 3658 1181 3737 latis,si

72 3778 157 3843 quas
169 3757 255 3822 forte
265 3757 449 3832 incurreris,
460 3755 559 3820 huius
575 3765 709 3821 tantum
726 3756 772 3820 rei
792 3757 903 3839 gratia
918 3758 1131 3828 absolventes
1148 3777 1182 3831 et

73 3861 265 3926 absolutum
288 3859 358 3925 lore
381 3869 565 3938 censentes
579 3859 667 3938 Tibi,
683 3859 896 3925 Venerabilis
924 3861 1053 3943 Frater,
1069 3885 1181 3948 perso·

73 3965 184 4030 nalem
208 3965 305 4030 Pallii
330 3984 427 4029 usum
444 3964 478 4029 in
494 3963 677 4029 sollemniis
693 3983 752 4048 per
776 3964 898 4029 Sacros
915 3965 1072 4033 Canones
1087 3992 1182 4055 prae·

73 4069 214 4151 scriptis,
252 4077 285 4132 et
317 4069 351 4133 in
380 4067 537 4132 Dioecesi
566 4075 700 4132 tantum
732 4066 907 4148 Brugensi,
936 4079 970 4134 et
993 4090 1060 4135 non
1093 4073 1182 4155 alibi,

72 4171 288 4236 Auctoritate
305 4171 431 4236 Nostra
454 4170 653 4252 Apostolica
677 4171 893 4235 concedimus
909 4181 943 4236 et
958 4173 1180 4259 indulgemus.

75 4275 289 4360 Quapropter
319 4276 408 4340 idem
440 4274 593 4352 Pallium,
619 4271 824 4339 Pontificalis
854 4276 954 4341 officii
984 4278 1124 4362 insigne,
1138 4283 1181 4349 de

74 4399 213 4463 corpore
230 4379 326 4444 Beati
343 4378 433 4444 Petri
448 4387 631 4461 sumptum,
646 4397 667 4441 a
682 4397 895 4463 quocumque
911 4400 1011 4464 quem
1025 4384 1181 4451 malueris
