3310 4868
489 518 862 602 ALLOCUTIO

148 814 1202 986 1³{—÷

138 1162 1201 1255 aaa·

137 1371 166 1405 '*
309 1371 546 1439 lRANDUM
557 1390 639 1435 sane
651 1368 728 1434 fidei
739 1369 941 1452 pietatisque
954 1368 1108 1452 publicae
1118 1385 1232 1430 exem·
1284 1327 1379 1426 'iii'

176 1453 305 1632 ΜΕ
328 1477 423 1560 plum
439 1486 514 1539 toto
529 1474 593 1538 hoc
609 1493 709 1550 anno,
735 1473 912 1537 sacerdotii
937 1471 1052 1536 Nostri
1069 1472 1232 1555 quinqua·
1260 1541 1274 1584 I
1343 1539 1348 1548 ,
1402 1557 1410 1567 -

136 1525 158 1665 ἓ
326 1575 636 1661 gesimo,singulari
647 1594 784 1640 munere
795 1575 1158 1658 providentissimoque
1170 1573 1233 1636 Dei
1261 1544 1411 1666 ”mm
1422 1597 1424 1601 ·

134 1599 306 1746 limosi
327 1682 479 1760 consilio,
506 1680 631 1764 ubique
655 1681 807 1763 gentium
833 1680 955 1744 intueri
979 1680 1082 1744 licuit.
1110 1678 1233 1762 Stipati
1256 1657 1411 1777 Jssssss'l'fflss}

134 1807 236 1852 sumus
251 1806 392 1870 peregre
412 1785 683 1849 convenientium
705 1785 903 1868 quotidiana
918 1784 1106 1869 frequentia
1118 1807 1125 1848 :
1137 1783 1231 1848 obse-

133 1893 201 1974 quia
210 1891 400 1974 accepimus
413 1890 457 1954 ab
466 1890 622 1954 omnibus
632 1889 808 1953 civitatum
820 1889 1116 1972 ordinibus,eaque
1126 1888 1234 1964 variis,

133 2015 186 2058 ncc
210 1995 357 2078 opinatis
384 2003 508 2058 testata
533 1993 651 2058 modis.
667 1992 725 2056 Ad
742 1992 837 2075 plura
867 1992 1042 2058 hominurn
1060 1992 1163 2056 millia
1189 2013 1233 2055 ex

132 2099 213 2162 omni
229 2099 380 2182 Europa,
396 2117 463 2161 non
479 2116 605 2180 paucos
621 2117 665 2160 ex
683 2097 916 2161 remotioribus
937 2097 1117 2164 Americae
1133 2098 1232 2180 parti·

132 2202 194 2280 bus,
220 2203 470 2286 novissimeque
496 2221 541 2266 ex
567 2199 685 2265 Africa
712 2200 763 2265 his
794 2202 828 2264 in
854 2202 951 2267 tectis
977 2202 1233 2266 venerabundos

131 2306 292 2388 complexi
308 2325 436 2374 sumus.

168 2409 280 2473 lnhoc
296 2409 436 2492 pietatis
459 2405 683 2491 pulcherrimo
710 2407 1014 2492 honestissimoque
1042 2407 1233 2486 certamine,
1266 2433 1395 2501 'errarent'

128 2514 304 2596 perspicere
323 2512 492 2596 potuistis
508 2511 727 2578 venerabiles
745 2511 887 2590 Fratres,
904 2513 1037 2595 qualem
1048 2513 1111 2578 sibi
1122 2513 1232 2576 locum
1254 2492 1410 2596 {ijpsssssfm

130 2617 256 2682 Italicae
273 2627 398 2701 gentes
413 2616 617 2680 vindicarint
630 2635 737 2698 :quae
752 2618 878 2682 scilicet
902 2637 1000 2682 suum
1026 2618 1120 2682 illum
1144 2629 1234 2682 vete·

128 2740 241 2785 remae
258 2740 444 2805 perennem
464 2721 497 2782 in
510 2719 745 2803 Apostolicam
763 2720 886 2786 Sedem
903 2722 1052 2786 animum
1066 2721 1234 2788 luculenta

129 2825 346 2908 etmultipiici
368 2822 614 2908 significatione
641 2823 889 2890 confirmarunt.
902 2863 946 2876 -
961 2825 1234 2892 Consentaneum

128 2926 305 3007 videbatur,
322 2929 426 3010 idque
452 2928 631 3009 prudentia
651 2937 754 3010 atque
780 2929 972 2994 humanitas
990 2931 1063 3012 ipsa
1088 2930 1235 3013 postula-

129 3028 211 3109 bant,
225 3031 474 3114 gratulantium
491 3032 628 3095 vocibus
654 3032 736 3096 nihil
761 3033 938 3098 admisceri
955 3033 1139 3098 dissonum.
1156 3034 1234 3097 Non

128 3132 252 3199 deluere
269 3146 388 3200 tamen
405 3135 497 3199 domi
515 3135 571 3218 qui
596 3135 812 3202 dissentirent
827 3159 835 3216 ;
860 3137 940 3220 quin
967 3138 1073 3201 immo
1087 3137 1140 3200 his
1156 3138 1236 3220 ipsis

126 3233 301 3303 honoribus
332 3236 486 3303 Pontifici
516 3259 657 3304 romano
681 3239 949 3322 magnificentius
976 3240 1101 3306 habitis
1127 3261 1235 3304 recru-

125 3339 227 3406 duisse
242 3362 363 3406 eorum
380 3341 511 3406 videtur
526 3341 678 3420 offensio,
693 3345 750 3427 qui
776 3345 963 3408 Ecclesiam
990 3343 1235 3428 implacabilius

125 3443 282 3511 oderunt:
299 3465 443 3530 quorum
460 3444 610 3512 infensus
626 3457 728 3530 atque
743 3447 899 3514 inimicus
916 3449 1059 3525 animus,
1071 3457 1144 3512 toto
1171 3449 1235 3512 hoc
1320 3515 1325 3526 ,

125 3545 304 3628 intervallo,
320 3549 519 3613 insolentius
534 3571 637 3634 quam
665 3552 757 3628 alias,
774 3553 890 3618 mixtis
911 3554 954 3616 ad
980 3552 1103 3635 probra
1128 3553 1235 3628 minis,
1263 3517 1411 3620 rqgfszcqrv

122 3651 230 3732 erupit.
249 3651 362 3716 Iidem
379 3673 467 3730 vero,
482 3653 643 3735 quoniam
661 3655 842 3737 plurimum
869 3665 1022 3739 possunt,
1050 3675 1139 3720 nunc
1164 3656 1234 3738 qui·
1259 3633 1413 3737 mappam

124 3751 192 3816 dem
209 3775 290 3837 prae
308 3775 344 3819 se
360 3755 499 3820 consilia
515 3775 576 3820 sua
598 3757 822 3822 confidentius
839 3757 971 3823 serunt:
990 3757 1235 3840 multiplicatis·
1261 3753 1331 3804 lim·
1355 3765 1414 3796 ”⁰²²⁰

123 3874 181 3936 que
205 3860 337 3940 passim
364 3859 624 3942 impedimentis,
652 3861 832 3926 maioribus
859 3863 891 3926 in
923 3863 995 3926 dies
1026 3863 1235 3942 adstringere
1261 3810 1413 3916 maddi

124 3959 255 4025 vinculis
273 3961 464 4026 Ecclesiam
482 3963 673 4029 moliuntur.
690 3964 887 4030 Cuiusmodi
899 3966 1073 4049 propositi,
1083 3966 1110 4028 si
1125 3975 1236 4029 cetera
1260 3936 1396 4048 ffissliiiam

122 4062 281 4143 deessent,
300 4063 421 4130 Codex
437 4065 637 4133 delictorum
653 4081 687 4131 et
703 4088 898 4150 poenarum,
911 4071 954 4134 de
981 4089 1048 4151 quo
1075 4069 1108 4132 in
1136 4079 1234 4132 coetu

123 4161 378 4247 legumlatorum
403 4169 590 4233 sententiae
617 4171 782 4249 dicuntur,
807 4192 933 4236 novum
962 4172 1102 4255 praebet
1123 4192 1162 4234 ac
1189 4172 1232 4234 la-

124 4272 301 4336 mentabile
319 4273 549 4339 testimonium
565 4298 572 4338 :
589 4277 621 4338 in
639 4275 678 4338 iis
694 4276 916 4358 intelligimus
932 4275 1046 4358 legum
1061 4275 1237 4359 capitibus,

124 4387 203 4452 quae
218 4385 315 4439 recta
331 4374 464 4440 Clerum
478 4377 689 4456 catholicum,
705 4379 842 4462 oblique
868 4401 946 4444 vero
964 4379 1062 4445 Sedis
1087 4379 1235 4462 Aposto-
