3310 4868
373 373 378 385 .
407 333 477 386 roo
705 331 918 387 reuerentes
939 319 960 348 “
982 330 1166 385 muamus
1186 369 1207 399 „

224 509 374 604 'ssffi''
443 517 613 604 Quoniam
636 517 738 601 igitur
763 515 840 581 talis
856 525 908 581 est
934 517 967 579 in
995 516 1134 583 homine
1157 519 1312 584 conditio
1335 518 1500 592 libertatis,

397 623 485 706 aptis
500 632 572 686 erat
586 619 790 686 adiumentis
806 620 1047 703 praesidiisque
1064 620 1255 699 munienda,
1271 631 1496 705 quaecunctos

395 727 467 791 eius
483 734 595 790 motus
610 725 653 788 a'd
670 724 796 789 bonurn
813 725 1006 806 dirigerent,
1021 743 1041 788 a
1058 724 1148 790 malo
1164 725 1372 795 retraherent
1389 749 1397 790 :
1412 745 1498 791 secus

264 848 372 894 ruinas
397 829 540 894 multum
556 828 683 892 homini
697 827 832 892 libertas
846 828 1015 892 nocuisset
1030 827 1169 894 arbitrii.
1179 867 1223 880 -
1238 830 1293 894 Ac
1309 830 1420 912 primo
1434 829 1497 912 qui·

193 957 195 964 ’
221 909 370 1012 miii.
396 935 474 998 dem
489 935 548 1011 lex,
563 932 627 996 hoc
653 940 706 996 est
729 931 938 1014 agendorum
965 943 1068 1015 atque
1087 933 1356 998 omittendorum
1382 951 1497 1010 norma

220 1025 261 1130 ζῇ
288 1028 371 1154 ‘pm
396 1032 457 1096 iuit
473 1033 660 1096 necessaria
673 1053 681 1111 3
695 1051 783 1115 quae
795 1031 932 1114 quidem
949 1031 1082 1114 proprie
1098 1031 1191 1096 nulla
1206 1053 1280 1096 esse
1304 1035 1339 1098 in
1356 1033 1495 1099 animan·

220 1159 311 1213 etz-qm
326 1160 369 1189 au·
395 1138 484 1202 tibus
499 1147 620 1220 potest,
643 1136 700 1221 qui
720 1135 919 1200 necessitate
943 1145 1059 1218 agunt,
1085 1147 1263 1220 propterea
1297 1139 1388 1220 quod
1411 1137 1496 1221 quid·

220 1205 312 1310 iiii?
332 1211 370 1263 ’,μ
393 1243 472 1325 quid
490 1253 603 1324 agant,
619 1252 759 1306 naturae
774 1248 881 1322 agunt
905 1240 1061 1322 impulsu,
1077 1260 1138 1305 nec
1160 1241 1263 1306 alium
1290 1242 1394 1306 ullum
1410 1241 1494 1324 sequi

394 1367 438 1410 ex
454 1366 490 1410 se
505 1355 646 1428 possunt
663 1347 696 1410 in
720 1345 854 1426 agendo
871 1344 1019 1408 modurn.
1036 1343 1164 1408 Verum
1181 1365 1307 1423 eorum,
1323 1347 1380 1428 qui
1407 1345 1494 1410 liber·

393 1459 463 1514 tate
480 1449 642 1526 fruuntur,
657 1448 734 1512 ideo
748 1449 781 1512 in
808 1455 977 1529 potestate
993 1456 1045 1512 est
1060 1467 1169 1530 agere,
1182 1469 1251 1513 nou
1273 1469 1383 1532 agere,
1397 1449 1442 1513 ita
1451 1447 1497 1510 vel

392 1574 488 1617 secus
500 1572 608 1635 agere,
623 1553 702 1634 quia
717 1562 799 1626 tum,
815 1551 906 1634 quod
925 1549 1051 1628 volunt,
1066 1551 1203 1635 eligunt,
1220 1573 1295 1618 cum
1330 1553 1499 1618 antecessit

393 1658 474 1722 illud
491 1658 581 1739 quod
597 1655 747 1721 diximus
776 1655 914 1719 rationis
937 1654 1106 1718 iudicium.
1124 1654 1202 1738 Quo
1218 1657 1356 1740 quidem
1385 1657 1499 1721 iudicio

394 1781 460 1826 non
478 1762 581 1825 modo
607 1759 766 1824 statuitur
782 1759 862 1841 quid
887 1759 1066 1822 honestum
1085 1763 1204 1824 natura
1229 1761 1281 1837 sit,
1297 1762 1377 1843 quid
1402 1772 1500 1841 turpe,

394 1867 453 1930 sed
470 1867 571 1929 etiam
584 1865 664 1948 quid
677 1864 802 1928 bonum
814 1864 858 1928 sit
868 1883 970 1946 reque
986 1864 1059 1946 ipsa
1069 1863 1270 1943 iaciendum,
1285 1867 1365 1948 quid
1383 1864 1499 1930 malum

395 1989 497 2052 reque
524 1971 597 2052 ipsa
623 1969 797 2032 vitandum
813 1992 820 2032 :
836 1967 922 2032 ratio
944 1967 1100 2032 nimirum
1115 1968 1281 2033 voluntati
1312 1969 1500 2054 praescribit

397 2074 476 2156 quid
493 2083 616 2155 petere,
631 2082 665 2136 et
680 2093 700 2136 a
715 2092 784 2154 quo
800 2072 922 2136 debeat
938 2070 1116 2148 declinare,
1132 2082 1169 2136 ut
1179 2073 1282 2138 homo
1294 2085 1407 2140 tenere
1418 2094 1499 2138 sum·
1609 2081 1610 2160 j

398 2197 489 2242 mum
506 2175 607 2240 finem
623 2195 721 2240 suum
737 2174 920 2257 aliquando
936 2176 1051 2256 possit,
1063 2174 1156 2238 cuius
1173 2195 1290 2240 caussa
1301 2189 1379 2241 sunt
1395 2176 1500 2241 omnia

396 2281 560 2348 iacienda.
577 2281 732 2346 Iamvero
747 2278 831 2343 haec
846 2277 1011 2342 ordinatio
1027 2278 1168 2342 ratr'onis
1183 2279 1239 2343 lex
1251 2282 1452 2346 nominatur.
1462 2317 1500 2330 -
1609 2291 1610 2370 J

397 2386 626 2470 Quamobrem
643 2405 701 2448 cur
716 2384 844 2447 homini
857 2382 913 2446 lex
931 2382 1115 2446 necessaria
1128 2384 1180 2461 sit,
1193 2384 1226 2446 in
1240 2383 1394 2467 ipsoeius
1405 2385 1501 2450 libero
1609 2467 1610 2474 ἵ

396 2490 541 2566 arbitrio,
558 2488 684 2553 scilicet
699 2488 732 2550 in
749 2488 823 2564 hnc,
833 2496 967 2550 nostrae
982 2495 1019 2550 ut
1035 2487 1225 2550 voluntates
1241 2508 1261 2552 a
1276 2499 1368 2553 recta
1380 2489 1501 2552 ratione
1603 2491 1610 2576 J

398 2615 440 2657 ne
454 2592 654 2674 discrepent,
670 2591 779 2673 prima
806 2599 858 2653 est
881 2609 1009 2667 caussa,
1024 2599 1187 2673 tanquam
1213 2592 1246 2656 in
1272 2592 1394 2670 radice,
1408 2611 1500 2677 quae·
1605 2625 1606 2628 π

398 2699 511 2764 reuda.
528 2695 689 2778 Nihilque
704 2705 775 2758 tam
793 2714 984 2777 perversum
1002 2705 1322 2778 praeposterumque
1337 2698 1405 2761 dici
1421 2695 1502 2780 cogi·
1600 2704 1606 2755 ·.

399 2803 503 2866 tarive
530 2810 644 2884 posset
666 2818 768 2881 quam
784 2799 877 2875 illud,
900 2797 1082 2875 hominem,
1097 2799 1176 2881 quia
1201 2811 1321 2864 natura
1346 2801 1431 2866 liber
1450 2808 1503 2872 est,

399 2906 523 2970 idcirco
539 2923 612 2967 esse
627 2912 782 2986 oportere
807 2901 890 2984 legis
907 2913 1102 2984 expertem:
1119 2905 1209 2985 quod
1226 2905 1254 2966 si
1271 2906 1318 2968 ita
1334 2916 1433 2984 esset,
1446 2906 1503 2970 hoc
1609 2943 1610 2946 =

400 3009 550 3092 proiecto
590 3016 858 3089 consequeretur,
892 3027 1027 3070 necesse
1053 3009 1096 3070 ad
1131 3008 1322 3074 libertatem
1345 3030 1420 3075 esse
1443 3027 1504 3074 non

400 3115 577 3178 cohaerere
602 3131 679 3176 cum
705 3111 854 3175 ratione:
870 3131 947 3174 cum
964 3121 1080 3176 contra
1104 3110 1203 3196 longe
1218 3115 1429 3181 verissimum
1458 3115 1507 3190 sit,

401 3219 525 3282 idcirco
556 3216 622 3300 legi
650 3225 805 3299 oportere
829 3216 975 3290 subesse,
997 3217 1076 3298 quia
1099 3227 1150 3280 est
1181 3223 1300 3282 natura
1324 3219 1416 3287 liber.
1440 3221 1505 3284 Isto

402 3324 503 3388 modo
518 3324 591 3386 dux
606 3322 733 3385 homini
751 3321 784 3384 in
802 3321 936 3402 agendo
952 3320 1009 3384 lex
1026 3331 1086 3398 est,
1103 3324 1327 3406 eumdemque
1354 3323 1505 3409 praemiis

400 3427 584 3509 poenisque
600 3424 779 3507 propositis
794 3424 838 3487 ad
856 3434 944 3488 recte
971 3423 1162 3488 laciendum
1176 3425 1288 3503 allicit,
1304 3447 1324 3491 a
1339 3429 1507 3511 peccando

401 3531 554 3593 deterret.
568 3527 714 3590 -Talis
730 3537 781 3590 est
806 3527 962 3609 princeps
977 3529 1129 3592 omnium
1154 3528 1209 3591 lex
1232 3531 1409 3611 naturalis,
1423 3550 1505 3616 quae

401 3635 524 3716 scripta
539 3641 636 3724 estet
652 3630 819 3713 insculpta
831 3631 863 3694 in
880 3630 1056 3694 hominum
1073 3632 1193 3696 animis
1204 3634 1422 3716 singulorum,
1432 3637 1509 3720 quia

260 3755 375 3824 Priuceps
401 3739 474 3819 ipsa
489 3747 540 3800 est
555 3737 702 3800 humana
715 3737 800 3800 ratio
816 3745 906 3798 recte
923 3734 1030 3798 facere
1047 3735 1164 3799 iubens
1180 3746 1214 3800 et
1230 3757 1369 3818 peccare
1385 3750 1508 3804 vetans.

226 3829 375 3919 afim.
403 3846 473 3909 ista
488 3863 567 3907 vero
581 3841 749 3905 humanae
759 3841 897 3903 rationis
909 3840 1128 3922 praescriptio
1138 3840 1206 3904 vim
1217 3841 1340 3908 habere
1350 3845 1432 3928 legis
1444 3865 1507 3910 non

226 3935 264 3985 ‘²⁸’
403 3957 522 4029 potest,
538 3947 602 4008 nisi
617 3945 697 4026 quia
712 3943 839 4008 altioris
855 3954 905 4006 est
923 3965 991 4008 vox
1008 3953 1110 4026 atque
1123 3945 1285 4030 interpres
1295 3949 1443 4026 rationis,
1458 3948 1507 4011 cui

404 4062 550 4116 mentem
566 4049 824 4130 libertatemque
834 4057 983 4112 nostram
997 4048 1182 4114 subiectam
1196 4071 1268 4114 esse
1283 4051 1509 4134 oporteatllis

402 4157 490 4219 enim
504 4154 587 4235 legis
596 4172 672 4216 cum
684 4173 723 4215 ea
735 4153 788 4228 sit,
799 4150 907 4214 officia
920 4153 1092 4234 imponere
1102 4163 1135 4217 et
1146 4154 1218 4217 iura
1229 4155 1383 4234 tribuere,
1393 4166 1465 4222 tota
1474 4155 1504 4218 in

402 4256 599 4321 auctoritate
615 4255 740 4329 nititur,
750 4253 813 4316 hoc
826 4263 876 4317 est
892 4255 925 4316 in
938 4275 1014 4318 vera
1030 4264 1199 4337 potestate
1214 4259 1384 4322 statuendi
1400 4257 1508 4322 officia

402 4357 677 4440 describendique
692 4356 773 4433 iura,
788 4356 868 4420 item
885 4357 1003 4439 poenis
1018 4359 1242 4444 praemiisque
1254 4362 1417 4446 imperata
1432 4381 1506 4428 sanc
