3310 4868
346 367 554 421 uscasuuu
585 355 605 384 “
632 367 845 420 mutuatus
873 367 1063 418 accessus
1091 403 1111 431 „
1223 369 1290 438 139

176 557 382 622 cherrimum
407 556 751 640 honestissimumque
780 555 915 639 pietatis
951 565 1120 620 certamen
1153 555 1185 618 in
1217 564 1292 620 toto

175 661 362 724 christiano
389 661 471 725 orbe
497 661 584 724 inter
609 661 809 742 omnigenas
845 657 994 724 laetitiae
1030 655 1292 742 significationes

176 763 378 828 exhibitum.
391 762 520 828 Omnes
530 761 705 830 hominum
716 765 860 840 ordines,
873 764 925 828 vel
938 785 983 828 ex
993 763 1118 829 dissitis
1128 773 1290 829 terrarum

175 865 338 948 partibus,
363 866 548 946 gestierunt
576 859 745 950 prosequi¹
761 865 959 932 Pontificem
992 868 1181 946 Summum,
1201 867 1291 932 beati

176 970 267 1034 Petri
282 989 519 1046 successorem,
534 971 628 1034 omni
644 991 765 1054 genere
781 971 880 1036 officii
896 971 1150 1056 :legationibus
1161 973 1291 1049 litteris,

175 1074 502 1158 peregrinationibus
519 1075 622 1140 etiam
639 1075 833 1160 longinquis
858 1077 946 1140 ultro
962 1075 1135 1160 susceptis,
1151 1076 1289 1140 oblatis-

174 1199 240 1262 que
261 1179 390 1263 ingenti
415 1199 555 1243 numero
570 1185 604 1240 et
620 1173 725 1241 effusa
752 1176 1002 1260 magnificentia
1028 1176 1230 1253 muneribus,
1245 1179 1289 1241 de

173 1283 295 1366 quibus
311 1283 483 1346 verissime
499 1283 626 1346 dictum
645 1290 704 1356 est,
722 1280 895 1345 materiam
911 1291 946 1343 et
962 1300 1049 1362 opus
1064 1281 1289 1363 propensione

174 1386 323 1468 superari
339 1385 530 1450 voluntatis.
550 1384 625 1463 Qua
646 1385 773 1447 scilicet
801 1384 836 1448 iu
864 1405 899 1446 re
923 1383 1169 1447 admirabiliter
1173 1383 1289 1464 fulget

171 1489 241 1553 Dei
259 1483 444 1572 benigmtas
463 1498 495 1552 et
508 1489 627 1564 virtus,
649 1489 709 1570 qui
731 1487 765 1551 in
787 1485 921 1572 aragois
943 1486 1104 1550 Ecclesiae
1122 1485 1289 1550 laboribus

171 1585 261 1657 uires
273 1593 344 1656 cius
365 1593 538 1675 confirmat
559 1613 598 1656 ac
611 1593 739 1674 fulcit:
761 1593 821 1676 qui
833 1605 895 1675 pro
910 1591 1038 1655 nornine
1059 1611 1118 1654 suo
1132 1591 1286 1655 certanti·

172 1697 232 1762 aas
252 1697 373 1761 solatia
396 1697 535 1761 tribuit:
555 1697 616 1780 qui
629 1697 860 1779 providentiae
881 1717 960 1759 suae
978 1695 1111 1758 consilio
1132 1716 1172 1758 er
1186 1695 1287 1760 crealis

171 1799 253 1883 iosos
273 1801 400 1864 uberem
416 1800 570 1865 bonorum
594 1821 726 1866 messem
749 1803 855 1866 educit
867 1801 1005 1883 :fulget
1025 1799 1103 1863 item
1125 1800 1287 1864 Ecclesiae

164 1901 287 1985 glorio,
308 1923 391 1984 quae
412 1901 553 1984 originis
574 1901 811 1986 uitaequesuoe
827 1905 896 1969 aim
911 1907 1064 1970 diuinam
1087 1907 1234 1981 ostendit,
1249 1928 1288 1970 oc

168 2005 324 2069 diuinum
338 2027 401 2088 quo
416 2005 545 2088 regitur
565 2007 719 2086 vivitque,
740 2005 896 2087 spiritum
907 2034 919 2074 .·
939 2031 1001 2093 quo
1013 2009 1071 2094 fit,
1086 2019 1124 2072 ut
1129 2009 1286 2091 fidelium

169 2121 291 2174 mentes
311 2122 344 2173 et
364 2111 547 2175 uoluntates
569 2132 632 2174 uuo
654 2110 822 2192 codemque
843 2113 971 2178 vinoilo
987 2113 1134 2190 invicem,
1150 2113 1287 2196 itemque

168 2234 242 2277 cum
272 2225 419 2295 supremo
441 2213 604 2277 Ecclesiae
633 2213 773 2276 Pastore
794 2213 985 2295 iungantur.
1013 2215 1175 2298 (Allocut.
1194 2214 1283 2279 Con-

170 2318 278 2382 sistor.
294 2331 333 2397 25
353 2318 526 2381 novembr.
546 2315 652 2397 1887.)
1226 2331 1229 2338 ⁴

216 2422 370 2485 Iamvero
386 2422 419 2485 id
437 2422 683 2505 perpendentes
698 2418 939 2484 catholicorum
956 2431 1084 2503 gentes,
1099 2421 1180 2484 dum
1198 2420 1280 2484 inse·
1346 2457 1462 2515 opperiu-

168 2547 279 2590 rorum
296 2535 414 2610 portae
437 2525 588 2610 quotidie
612 2523 807 2587 audaciores
834 2522 918 2586 fiunt
943 2523 975 2586 in
1008 2523 1097 2587 bello
1121 2525 1281 2591 adversus
1308 2529 1369 2560 Μ’
1405 2516 1463 2562 ‘'''d‘

168 2629 357 2694 Ecclesiam
374 2629 536 2712 urgendo,
551 2627 658 2711 probe
674 2627 823 2692 sentiunt
842 2637 1051 2711 quantopere
1074 2638 1229 2713 oporteat
1245 2631 1278 2696 in
1307 2589 1323 2680 b
1359 2580 1464 2680 Μ

166 2734 440 2817 potentissimam
458 2733 523 2797 Dei
540 2733 685 2796 Matrem
713 2750 836 2814 augere
862 2730 1034 2809 servorem,
1050 2751 1173 2816 augere
1196 2734 1280 2800 fidu·
1303 2699 1400 2754 gater.

165 2839 264 2915 ciam,
279 2846 318 2902 ut
341 2858 401 2921 per
428 2836 559 2901 Rosarii
577 2857 691 2919 preces
715 2847 866 2914 exorata,
883 2838 1010 2901 nomini
1037 2837 1229 2904 Christiano
1246 2853 1281 2905 et

164 2941 387 3025 Apostolicae
404 2939 592 3007 Cathedrae
619 2941 765 3023 propitia
789 2950 978 3005 succurrat:
1004 2961 1169 3006 memores
1193 2943 1278 3009 veile

166 3045 279 3110 Deum
295 3046 461 3109 donorum
478 3065 613 3109 suorum
641 3044 930 3109 continuationem
957 3055 1059 3129 atque
1080 3047 1278 3130 implemen-

165 3159 237 3214 tum
272 3171 336 3213 non
367 3149 473 3214 solum
506 3147 661 3213 bonitatis
691 3170 778 3228 suae,
800 3149 861 3212 secl
888 3148 990 3212 etiam
1014 3151 1279 3231 perseuerantiae

164 3264 295 3318 nostrae
313 3275 380 3318 esse
393 3256 555 3336 fructum.
580 3253 702 3337 (Breve
725 3255 847 3338 Apost.
870 3270 914 3333 24
929 3255 1107 3322 Decembr.
1128 3255 1235 3340 1883.)

211 3353 426 3438 Quapropter
452 3355 495 3418 ad
522 3356 648 3436 gratias
675 3357 823 3444 agendas
848 3378 908 3439 pro
925 3361 1071 3442 acceptis
1095 3361 1276 3442 beneficiis,

163 3467 199 3524 et
214 3479 275 3542 pro
283 3459 508 3523 concedendis
518 3459 652 3522 enixius
662 3455 920 3540 deprecandum,
933 3463 1151 3528 Beatissimae
1169 3465 1276 3544 Pater,
1321 3493 1410 3552 Igitur,
1420 3492 1458 3538 a.

163 3583 251 3646 quae
266 3562 492 3646 superioribus
515 3562 612 3625 annis
635 3582 695 3644 per
717 3582 794 3626 suas
818 3563 1016 3647 Encyclicas
1040 3577 1073 3631 et
1089 3587 1149 3651 per
1164 3588 1273 3633 sacro·
1304 3551 1458 3656 ‘mh-'322

163 3687 237 3731 rum
261 3667 385 3730 rituum
413 3664 693 3749 Congregationis
716 3667 850 3731 decreta
872 3666 931 3750 (zo
957 3669 1107 3754 Augusti
1135 3673 1214 3752 1885
1232 3709 1277 3722 -
1318 3670 1445 3729 wultm-

162 3773 206 3836 26
226 3763 377 3853 Augusti
406 3770 488 3834 1886
503 3807 547 3818 --
566 3786 600 3833 11
620 3767 831 3851 Septembris
850 3771 947 3854 1887)
963 3774 1006 3836 de
1022 3773 1177 3838 salutaris
1188 3776 1272 3840 sacri
1303 3728 1343 3832 ἔας’
1355 3731 1458 3834 lim

161 3876 294 3941 Rosarii
322 3875 397 3951 ritu,
421 3875 615 3956 praesertim
643 3885 716 3939 toto
744 3893 859 3940 mense
891 3875 1031 3942 Octobri
1062 3879 1273 3958 celebrando,
1303 3845 1366 3961 {iii
1367 3860 1383 3892 ⁰
1400 3861 1457 3954 burin

157 3980 278 4046 statuit
294 3986 328 4041 et
343 3977 497 4040 hortatus
513 3987 563 4040 est
579 3997 587 4056 ;
603 3977 721 4041 eadem
738 3979 853 4043 omnia
865 3979 929 4046 hoc
940 3992 1090 4047 vertente
1102 4004 1193 4048 anno
1204 3983 1273 4047 fieri
1301 3965 1457 4072 ffiffl]

157 4083 300 4148 mandat
314 4101 354 4144 ac
367 4080 585 4145 uehementer
600 4082 759 4146 hortatur.
779 4084 824 4148 Et
847 4087 1008 4166 quoniam
1026 4087 1122 4169 plura
1137 4089 1180 4152 de
1201 4108 1271 4152 ant·
1300 4086 1418 4131 “7⁸³³‘'-

155 4185 254 4270 pliori
270 4183 362 4248 cultu
379 4182 535 4266 liturgico
551 4204 693 4266 magnae
710 4183 842 4268 Virgini
858 4186 922 4249 sub
938 4186 1037 4250 titulo
1063 4187 1193 4252 Rosarii
1211 4209 1272 4252 ex·

156 4289 306 4354 hibeudo
322 4289 390 4353 iam
415 4289 571 4364 decrevit,
588 4308 711 4352 novum
737 4291 863 4354 addere
889 4290 999 4354 adhuc
1025 4291 1142 4354 volens
1168 4293 1273 4357 incre·

157 4401 322 4470 mentum,
358 4410 490 4454 sacrum
526 4389 648 4454 festum
684 4393 836 4474 ejusdem
878 4395 1009 4458 Rosarii
1040 4395 1275 4474 solemnitatis,
