3310 4868
347 314 417 384 180
553 335 734 388 mussona
762 323 782 353 ‘⁸
810 335 920 400 Quam
946 335 1182 390 aanunnosn
1208 372 1228 400 „

178 532 291 603 italicam
339 525 435 594 esset,
447 515 601 581 salutaris
616 537 695 582 cura
711 517 939 582 ministrorum
956 518 1032 595 Dei,
1045 517 1104 601 qui
1119 519 1252 584 italicae
1267 531 1444 604 compotes

160 593 312 702 cmix„
338 618 480 702 linguae,
492 619 573 702 ipsis
583 620 721 684 verbum
732 621 821 685 vitae
831 621 1187 699 tradantsacramenta
1199 623 1444 702 administrent,

336 732 370 787 et
394 735 585 808 opportuna
610 724 759 789 subsidia
783 725 987 808 impertiant,
1002 726 1124 809 quibus
1150 747 1266 792 eorum
1293 729 1442 811 erigatur

336 828 467 891 animus
483 827 517 891 in
534 846 627 911 spem
638 827 803 891 bonorum
813 826 1018 906 caelestium,
1028 837 1063 893 et
1077 830 1147 894 vita
1161 829 1298 913 spiritus
1310 842 1440 894 susten-

335 940 424 996 tetur
448 952 486 996 ac
514 931 636 1014 vigeat
652 930 744 995 Hinc
770 931 886 996 multis
913 931 993 996 locis
1020 933 1084 997 rari
1109 933 1294 998 admodum
1313 946 1392 1000 sunt
1407 935 1441 1012 ii,

334 1034 455 1118 quibus
473 1039 629 1101 sacerdos
656 1035 745 1100 adsit
762 1037 940 1113 morituris,
961 1057 1028 1101 non
1054 1037 1118 1102 rari
1133 1039 1255 1122 quibus
1271 1041 1440 1104 nascenti·
1503 1035 1507 1044 '

334 1139 395 1204 bus
408 1139 558 1205 minister
569 1141 665 1205 deest
680 1139 723 1204 ad
741 1141 1002 1223 regenerationis
1013 1140 1182 1206 lavacrum
1195 1166 1201 1206 :
1215 1141 1347 1224 plurimi
1360 1153 1440 1207 sunt

331 1243 453 1326 quibus
469 1245 615 1326 nuptiae,
626 1243 717 1309 nulla
732 1243 848 1309 habita
866 1244 1037 1310 Ecclesiae
1047 1244 1159 1328 legum
1176 1245 1305 1310 ratione
1321 1247 1438 1311 ineun-

331 1358 394 1426 tur,
421 1349 510 1412 unde
539 1347 658 1412 similis
688 1323 839 1430 patlibus
870 1359 1076 1432 propagatur
1106 1348 1225 1432 proles,
1254 1361 1356 1433 atque
1390 1350 1438 1413 ita

330 1455 453 1538 passim
477 1455 567 1535 apud
584 1453 648 1516 hoc
669 1472 775 1536 genus
790 1453 966 1517 hominum
990 1453 1159 1518 oblivione
1180 1453 1335 1519 delentur
1349 1453 1437 1518 chri·

329 1559 429 1623 stiani
446 1577 564 1635 mores,
580 1557 716 1640 pessimi
732 1557 857 1641 quique
872 1558 1070 1622 inolescunt.

375 1660 471 1724 Haec
494 1659 607 1724 omnia
626 1658 698 1724 Nos
719 1669 914 1742 reputantes
930 1660 1053 1738 animo,
1068 1681 1107 1724 ac
1125 1660 1279 1726 miseram
1306 1670 1358 1726 tot
1373 1660 1435 1724 ho·

193 1768 304 1837 eoloris
331 1764 458 1827 minum
475 1763 581 1827 vicem
609 1762 771 1842 dolentes,
786 1783 872 1846 quos
888 1766 983 1847 quasi
999 1785 1078 1829 oves
1100 1775 1234 1847 pastore
1253 1764 1434 1828 destitutas

152 1827 306 1946 bssmxie'q'u'ssiri‘
330 1869 483 1932 deerrare
498 1868 732 1950 cognoscimus
748 1888 807 1950 per
823 1869 907 1946 avia,
922 1869 1065 1952 abrupta
1080 1880 1114 1933 et
1135 1867 1255 1933 infesta
1277 1868 1437 1944 locorum,

150 1945 306 2061 {Zdupssss}
331 1973 498 2055 simulque
521 1972 710 2054 cogitantes
735 1973 882 2037 Pastoris
906 1974 1033 2038 aeterni
1053 1974 1228 2039 caritatem
1246 1983 1281 2037 et
1298 1975 1436 2049 monita,

169 2063 285 2172 ξζζζξζξζ
332 2077 448 2141 Nostri
465 2075 612 2140 muneris
626 2095 700 2139 esse
726 2076 898 2156 duximus,
920 2097 1055 2142 omnem
1072 2097 1173 2161 quam
1189 2096 1369 2161 possumus
1387 2077 1437 2140 eis

165 2184 295 2290 xm!
332 2201 430 2264 opem
459 2179 585 2257 afferre,
601 2179 747 2245 salubria
772 2201 896 2264 pascua
921 2201 1047 2264 parare,
1069 2202 1108 2246 ac
1132 2183 1224 2246 omni
1249 2201 1317 2265 qua
1336 2181 1438 2245 datur

174 2305 293 2371 fossura-
333 2287 471 2363 ratione,
491 2305 606 2350 eorum
630 2284 720 2349 bono
735 2294 769 2350 et
792 2285 892 2351 saluti
907 2285 1087 2350 consulere.
1105 2285 1206 2370 Quod
1223 2307 1263 2350 eo
1279 2285 1438 2349 libentius

156 2365 253 2477 imi,
275 2363 310 2468 ἐξ
333 2391 482 2474 aggressi
497 2409 622 2466 sumus,
633 2389 724 2472 quod
741 2389 862 2454 caritas
877 2389 1063 2467 hominum,
1076 2410 1160 2473 quos
1175 2391 1294 2454 eadem
1310 2411 1349 2454 ac
1366 2388 1439 2452 Nos

157 2480 308 2587 *ζώω
334 2494 426 2578 regio
441 2494 528 2572 tulit,
543 2495 585 2558 ad
603 2494 636 2557 id
653 2493 825 2575 proniores
842 2491 952 2570 iaciat,
967 2513 1006 2558 ac
1021 2505 1113 2558 certa
1127 2513 1204 2578 spes
1214 2502 1338 2570 teneat,
1353 2511 1438 2556 nun·

173 2600 291 2648 remediis.
334 2616 436 2678 quam
460 2595 574 2660 delore
600 2595 708 2660 Nobis
732 2596 845 2661 studia
869 2606 979 2660 vestra
1003 2616 1208 2680 operamque
1231 2595 1438 2660 adiutricem.

336 2702 549 2785 Quapropter
578 2699 777 2776 curavimus,
807 2709 843 2764 ut
878 2699 910 2762 in
942 2718 1037 2763 sacro
1075 2698 1225 2764 Consilio
1256 2697 1438 2761 christiano

335 2803 463 2868 nomini
473 2802 693 2885 propagando
703 2801 766 2867 hac
778 2823 877 2886 super
888 2823 923 2867 re
933 2803 1135 2868 consultatio
1146 2801 1440 2884 haberetur,eique

337 2906 579 2983 mandavimus,
596 2915 632 2969 ut
657 2906 816 2988 quaesitis
831 2915 866 2972 et
889 2907 1067 2990 diligenter
1091 2907 1250 2990 expensis
1274 2903 1438 2981 remediis,

337 3011 457 3093 quibus
472 3019 524 3074 tot
546 3008 634 3073 mala
649 3019 684 3074 et
699 3010 914 3075 incommoda
938 3013 1067 3093 possint
1093 3010 1226 3092 depelli,
1241 3011 1292 3073 sin
1320 3008 1441 3086 minus,

337 3113 482 3191 allevari,
497 3115 587 3196 quod
602 3113 751 3177 maxime
767 3134 836 3178 ere
852 3114 937 3179 foret
955 3123 1158 3198 proponeret
1179 3113 1295 3191 Nobis,
1312 3123 1440 3176 utrum·

338 3236 403 3299 que
418 3226 583 3299 spectans,
598 3229 636 3282 ut
658 3218 845 3283 animarum
862 3218 962 3283 saluti
978 3219 1162 3301 prodesset,
1176 3227 1278 3300 atque
1293 3217 1439 3300 migran-

337 3319 422 3384 tium
448 3320 628 3399 molestias,
651 3331 818 3406 quatenus
849 3321 918 3387 fieri
944 3332 1066 3408 posset,
1091 3322 1217 3386 leniret.
1245 3321 1331 3386 Cum
1362 3340 1442 3384 vero

185 3465 312 3512 eanrerra-
338 3443 456 3488 caussa
483 3425 658 3506 potissima
683 3425 959 3491 invalescentium
977 3426 1141 3490 malorum
1165 3425 1199 3488 in
1216 3443 1256 3488 eo
1272 3425 1325 3500 sit,
1347 3423 1436 3507 quod

162 3525 242 3630 iiia
262 3537 314 3628 ”fg
339 3527 526 3592 infelicibus
557 3527 621 3593 illis
651 3530 739 3594 desit
765 3529 972 3595 sacerdotale
1002 3529 1235 3607 ministerium,
1264 3548 1323 3612 per
1349 3528 1439 3612 quod

128 3703 131 3710 Ι
190 3643 291 3690 ceruus
337 3631 490 3696 caelestis
505 3634 614 3716 gratia
635 3633 824 3717 impertitur
838 3643 872 3698 et
888 3643 1039 3716 augetur,
1053 3634 1165 3716 plures
1190 3654 1235 3697 ex
1253 3632 1353 3697 ltalia
1367 3650 1442 3716 pre-

198 3703 280 3754 mm'
338 3737 491 3818 sbyteros
502 3738 586 3801 istuc
599 3739 731 3803 mittere
740 3739 1014 3820 decrevimus,qui
1024 3747 1260 3802 conterraneos
1270 3757 1348 3802 suos
1361 3746 1442 3801 noto

338 3841 487 3906 solentur
517 3840 686 3926 alloquio;
719 3843 907 3909 doctrinam
942 3841 1020 3906 fidei
1051 3863 1089 3907 ac
1124 3843 1212 3906 vitae
1242 3841 1443 3907 christianae

337 3955 517 4027 praecepta
539 3945 682 4010 doceant
707 3947 861 4030 ignorata
885 3957 944 4010 aut
969 3946 1130 4030 neglecta,
1153 3955 1439 4010 sacramentorum

338 4049 428 4132 apud
445 4069 502 4112 eos
517 4048 654 4113 salutari
668 4049 853 4114 ministerio
866 4049 1056 4132 fungantur,
1067 4059 1329 4115 succrescentem
1343 4033 1443 4136 sobp-

338 4152 403 4216 lem
416 4153 460 4218 ad
473 4153 667 4236 religionem
678 4163 712 4218 et
723 4152 966 4218 humanitatem
979 4154 1169 4232 informent,
1176 4174 1294 4219 omnes
1306 4155 1443 4238 demum

338 4275 383 4318 ex
399 4256 517 4337 quovis
532 4257 658 4334 ordine,
674 4255 813 4322 consilio
828 4277 868 4320 ac
883 4277 948 4339 ope
957 4257 1081 4335 iuvent,
1096 4259 1291 4341 cunctisque
1307 4251 1444 4334 foveant

338 4377 437 4423 curae
463 4359 678 4424 sacerdotalis
705 4357 831 4425 officiis.
854 4361 932 4446 Quo
956 4362 989 4425 id
1012 4363 1221 4428 commodius
1246 4382 1285 4426 ac
1310 4360 1443 4444 plen'us
