3194 4872
197 1920 318 1976 Quacum·

166 1978 320 2037 queadrerro·

190 2037 297 2082 vandum

175 2098 311 2142 humanum

167 2169 245 2216 genus
268 2169 319 2199 con·

194 2215 293 2264 ducunt,

184 2272 310 2333 Pontifices

208 2337 271 2378 sunt.

201 3043 320 3094 Seruitus,

170 3103 246 3148 statui
252 3108 323 3146 natu·

172 3163 224 3206 rali
237 3161 322 3220 opposi-

171 3226 204 3274 ta,
214 3222 293 3266 testeA
298 3235 322 3264 u-

193 3281 296 3338 guetino,

184 3345 255 3398 puna
266 3344 305 3384 est.

341 378 388 450 70
626 385 806 438 amsronn
827 375 908 438 “ru
928 387 1108 438 enunrnrs
1127 422 1147 450 „

338 571 467 655 peccati
482 581 542 648 est,
557 573 715 637 servitute
734 573 883 638 humano
898 593 1019 656 genere
1032 574 1210 650 vindicato,
1232 571 1342 638 omnia
1356 594 1442 656 quae

340 674 374 737 in
389 673 486 738 caelis
509 683 636 756 atquae
651 675 686 738 in
709 685 798 741 terra
812 685 893 740 sunt
914 678 950 740 in
964 697 998 741 se
1010 676 1213 741 instauraret
1226 677 1276 761 (¹),
1291 677 1442 759 itemque

340 778 527 842 universam
540 779 666 843 Adami
676 781 869 863 progeniem
881 799 926 844 ex
942 780 1010 845 alta
1021 781 1208 846 communis
1219 800 1330 845 noxae
1345 779 1445 844 ruina

341 880 372 942 in
398 881 539 964 gradum
564 881 740 963 pristinum
765 883 937 966 dignitatis
964 884 1158 948 restitueret.
1186 882 1373 966 Aptissime
1397 881 1444 945 ad

341 1003 410 1048 rem
439 983 471 1050 S.
489 982 668 1068 Gregorius
686 987 851 1070 Magnus:
875 985 986 1065 Quum
1001 987 1197 1070 Redemptor
1214 996 1321 1051 noster
1342 985 1447 1050 titirus

340 1087 486 1152 conditor
498 1099 673 1168 creaturae,
693 1089 742 1153 ad
752 1088 810 1154 leae
816 1089 1016 1174 propitratus
1024 1090 1205 1154 humanam
1219 1088 1359 1154 uoluerit
1371 1109 1444 1152 car·

341 1211 412 1254 nem
424 1211 594 1266 assumere,
611 1202 649 1256 ut
661 1191 850 1257 diuinitatis
863 1214 942 1256 suae
950 1193 1077 1276 gratia,
1090 1193 1228 1276 dir-repta,
1241 1215 1304 1277 qua
1317 1191 1446 1256 teneba-

340 1315 418 1358 mur
444 1295 574 1378 captiui,
608 1297 737 1360 vinculo
767 1296 947 1374 servitutes,
974 1296 1138 1380 pristinae
1171 1317 1227 1361 nos
1261 1295 1448 1361 restitueret

339 1399 493 1478 libertati,
513 1400 692 1464 salubriter
704 1401 826 1484 agitur,
841 1400 874 1464 si
891 1399 1036 1466 homines
1049 1421 1127 1484 quos
1152 1400 1194 1466 ab
1209 1401 1305 1466 initia
1319 1408 1447 1463 natura

339 1503 611 1585 liberasprotulit,
622 1512 654 1566 et
667 1503 881 1586 iurgantium
897 1503 972 1586 iuga
981 1503 1151 1568 substituit
1164 1503 1342 1581 seruitutis,
1358 1503 1392 1566 in
1403 1524 1446 1566 ea

339 1624 404 1685 qua
419 1605 649 1686 natifucrant,
672 1606 935 1670 manumittentis
961 1605 1115 1690 beneficio,
1131 1607 1278 1672 libertate
1303 1605 1446 1669 reddan-

341 1718 399 1771 tur
412 1707 424 1788 (
438 1707 459 1788 ).
475 1744 518 1757 -
533 1707 689 1772 Addeeet
704 1709 813 1788 igitur,
834 1717 867 1772 et
889 1717 939 1772 est
960 1705 1060 1790 plane
1076 1707 1221 1771 muneris
1245 1706 1447 1789 Apostolici,

343 1830 381 1873 ea
396 1809 509 1873 omnia
524 1808 626 1872 foveri
639 1830 659 1874 a
670 1809 777 1874 Nobis
792 1810 1010 1893 impenseque
1025 1810 1171 1894 provehi,
1187 1809 1275 1874 unde
1291 1809 1447 1873 homines
1533 1865 1537 1874 .

343 1924 414 1979 turn
439 1914 560 1996 singuli
585 1925 656 1980 tum
673 1916 743 1980 iure
770 1916 885 1980 sociati
912 1916 1035 1981 habere
1058 1927 1184 2000 queant
1208 1915 1372 1998 praesidia
1399 1919 1445 1980 ad

345 2017 544 2101 multiplices
574 2020 722 2084 miserias
749 2020 918 2099 levandas,
944 2041 1040 2104 quae,
1070 2030 1242 2104 tamquam
1269 2027 1448 2102 corruptae

343 2123 468 2189 arboris
481 2122 614 2202 fructus,
623 2144 668 2187 ex
680 2123 779 2206 culpa
789 2125 887 2207 primi
898 2125 1044 2207 parentis
1054 2124 1259 2207 profluxere:
1268 2145 1307 2188 ea
1319 2124 1447 2208 quippe

343 2226 515 2308 praesidia,
532 2246 743 2310 quocumque
760 2228 793 2291 in
809 2247 930 2310 genere
946 2237 1031 2306 sunt,
1047 2248 1114 2292 non
1131 2229 1292 2294 modoad
1316 2227 1447 2292 cultum

344 2337 378 2391 et
393 2327 637 2395 humanitatem
664 2329 763 2394 valde
778 2339 927 2412 possunt,
952 2331 1127 2395 sedetiam
1155 2342 1233 2414 apte
1254 2331 1450 2395 conducunt

346 2429 389 2491 ad
406 2449 480 2492 eam
496 2449 605 2492 rerum
622 2448 666 2492 ex
691 2429 823 2512 integro
838 2430 1098 2507 renovationem,
1113 2450 1213 2512 quam
1242 2431 1452 2514 Redemptor

348 2535 521 2598 hominurn
539 2537 648 2602 IESUS
665 2535 855 2602 CHRISTUS
871 2537 1035 2619 spectavit
1050 2547 1084 2602 et
1100 2537 1215 2602 voluit.

392 2638 545 2702 Iamvero
559 2647 611 2704 tot
628 2641 713 2705 inter
729 2640 886 2716 miserias,
901 2640 1046 2722 graviter
1060 2640 1303 2724 deplorandum
1318 2640 1452 2705 videtur

346 2737 390 2800 de
405 2738 571 2817 servitute,
586 2741 639 2802 cui
655 2759 732 2820 pars
751 2761 818 2804 non
834 2740 958 2822 exigua
972 2739 1139 2805 humanae
1168 2741 1314 2806 familiae
1329 2741 1451 2804 abhinc

348 2841 461 2905 multis
477 2841 619 2906 saeculis
640 2853 690 2906 est
706 2843 863 2921 obnoxia,
880 2843 912 2906 in
929 2842 1083 2926 squalore
1103 2845 1214 2908 iacens
1230 2853 1264 2909 et
1288 2843 1451 2920 sordibus,

348 2945 449 3030 idque
464 2947 602 3011 omnino
628 2956 861 3030 contraquam
886 2968 905 3011 a
923 2947 998 3012 Deo
1013 2957 1046 3013 et
1067 2957 1186 3012 natura
1201 2958 1272 3013 erat
1296 2949 1451 3030 primitus

349 3049 545 3113 institutum.
562 3048 677 3113 —Sic
693 3050 782 3113 enim
799 3050 854 3114 ille
869 3070 977 3115 rerum
1004 3051 1156 3116 conditor
1172 3071 1322 3117 summus
1337 3051 1450 3115 decre·

347 3162 448 3230 verat,
469 3162 506 3217 ut
522 3151 633 3216 homo
663 3153 697 3216 in
721 3151 837 3217 bestiis
860 3162 895 3218 et
919 3155 1104 3238 agrestibus
1131 3164 1165 3218 et
1191 3153 1386 3220 natantibus
1415 3165 1450 3217 et

348 3256 535 3320 volucribus
551 3256 678 3339 regium
695 3257 875 3339 quemdam
900 3257 1110 3324 dominatum
1125 3266 1262 3336 teneret,
1283 3278 1351 3322 non
1368 3259 1449 3322 item

348 3367 384 3422 ut
400 3359 432 3422 in
447 3359 571 3422 similes
587 3359 637 3423 sui
653 3359 805 3424 homines
830 3360 1075 3426 dominaretur:
1091 3361 1300 3425 Rationalem
1306 3361 1453 3441 factum,

347 3481 392 3526 ex
408 3461 591 3545 Augustini
607 3465 782 3542 sententia,
797 3464 846 3526 ad
857 3464 1033 3548 imaginem
1048 3487 1152 3541 suam,
1168 3466 1274 3530 noluit
1284 3465 1352 3529 nisi
1365 3465 1451 3528 irra-

346 3565 554 3631 tionabilibus
578 3565 767 3631 dominari:
792 3587 853 3630 nou
868 3567 1030 3634 homiuem
1052 3568 1186 3645 leomini,
1208 3567 1267 3632 sed
1289 3565 1451 3631 hominem

338 3669 448 3751 pecori
462 3669 508 3752 (³).
519 3669 596 3752 Quo
612 3669 649 3734 fn
662 3679 699 3734 ut
709 3671 849 3734 conditio
864 3671 1032 3735 seruitutis
1044 3672 1116 3736 iure
1131 3673 1337 3755 intellegatur
1351 3671 1450 3752 impa-

329 3774 411 3839 sira
427 3773 592 3856 peccatori.
609 3773 755 3838 Proinde
777 3795 938 3858 nusquam
966 3775 1215 3858 Scripturarum
1230 3775 1368 3858 legimus
1382 3793 1451 3836 scr·

346 3899 432 3955 uum,
447 3887 622 3960 autequam
634 3876 690 3940 loc
703 3875 852 3940 vacabulo
868 3877 939 3942 Noe
954 3878 1062 3941 iustus
1073 3888 1238 3961 peccatum
1251 3877 1328 3961 filii
1340 3875 1452 3940 uindi-

344 3988 436 4044 caret.
452 3979 580 4043 Nomen
593 3980 701 4062 itaque
716 3979 809 4042 istud
819 3980 912 4062 culpa
927 3979 1056 4056 rueruit,
1071 4001 1133 4044 nan
1146 3988 1268 4044 natura
1282 3977 1330 4062 (⁴).

389 4085 446 4149 Ex
470 4085 568 4168 primi
593 4086 793 4167 contagione
821 4087 947 4167 peccati
975 4094 1009 4149 et
1035 4094 1145 4150 cetera
1171 4084 1260 4149 mala
1285 4084 1400 4148 omnia
1415 4095 1451 4148 et

345 4179 409 4254 ista
425 4189 535 4270 erupit
559 4197 747 4251 monstrosa
767 4188 973 4270 perversitas,
999 4197 1036 4252 ut
1050 4187 1202 4252 homines
1227 4186 1357 4264 tuerint,
1382 4189 1453 4270 qui,

345 4291 504 4356 memoria
516 4290 679 4376 iratemae
691 4291 735 4354 ab
750 4291 878 4373 origine
893 4289 1136 4354 coniunctionis
1151 4289 1280 4364 reiecta,
1296 4307 1363 4351 non
1381 4287 1450 4351 iarn

374 4453 394 4486 1.
408 4438 507 4496 Ephes,
521 4449 537 4491 1.
552 4451 586 4484 ro
600 4454 657 4485 —2.
673 4439 725 4485 Lib.
739 4449 774 4491 vr,
785 4453 822 4497 ep.
838 4453 871 4484 ra
885 4438 1161 4498 -3.Gen;,1‚26.-4
1175 4437 1236 4484 Gen.
1250 4448 1267 4490 ι,
1281 4436 1362 4484 Noec
1377 4445 1447 4484 xxx.
