3336 4870
375 355 446 426 216
587 371 803 424 annocurro
833 359 852 387 “
874 369 1006 422 uossrs
1034 371 1213 424 Eunonen
1235 409 1255 436 „

193 571 286 641 aaran
370 555 430 632 sui,
445 553 502 638 qui
519 575 577 616 rex
587 553 745 637 pacificus
771 552 932 637 appellari
964 552 1078 629 voluit,
1093 555 1186 618 cuius
1201 555 1311 638 ipsum
1328 555 1475 619 natalem

193 631 343 751 {wa
369 657 526 723 caelestia
542 658 634 740 pacis
644 658 822 740 praeconia
836 657 1044 734 nunciavere,
1056 658 1226 740 quiescere
1237 660 1310 723 vult
1321 659 1474 724 homines

191 763 222 796 ⁶⁰·
368 766 401 826 in
427 760 653 844 pulcritudine
678 760 778 844 pacis,
801 780 840 824 ac
866 757 973 824 multa
999 779 1098 842 prece
1133 763 1246 828 studet
1272 762 1478 827 contendere

367 889 388 932 a
404 869 489 944 Deo,
501 875 538 932 ut
554 865 632 932 belli
659 865 853 930 discrimina
868 889 888 932 a
904 869 1015 952 capite
1039 868 1246 951 fortunisque
1272 866 1473 950 populorum

367 971 536 1038 defendat.
561 971 732 1055 Quamdiu
767 981 880 1036 autem
909 983 942 1037 et
972 993 1058 1057 opus
1082 972 1144 1037 init
1175 983 1209 1037 et
1233 993 1292 1055 per
1321 983 1475 1054 tempora

366 1075 469 1153 licuit,
493 1075 585 1140 nulla
612 1077 645 1140 in
671 1095 706 1140 re
736 1075 903 1154 libentius,
941 1077 1137 1160 interposita
1172 1077 1371 1141 auctoritate
1403 1095 1476 1154 sua,

365 1179 539 1257 laboravit,
555 1198 656 1263 quarn
673 1179 706 1244 in
724 1179 970 1244 reconcilianda
995 1180 1182 1256 concordia,
1208 1179 1384 1263 regnisque
1413 1197 1473 1261 pa-

232 1361 238 1372 ·
365 1283 491 1350 caudis.

213 1397 339 1442 Huicmu·
410 1388 475 1452 His
500 1388 684 1453 rationibus
719 1389 912 1471 caussisque
948 1387 1106 1452 maximis
1133 1397 1167 1452 et
1193 1387 1411 1453 sanctissimis
1437 1387 1473 1450 in

188 1456 244 1502 neri
252 1457 337 1502 Ponti·
448 1491 456 1508 .
556 1491 588 1506 ..
1126 1491 1133 1506 .
1381 1490 1387 1505 .

183 1515 227 1571 sex
236 1529 259 1560 se
269 1529 338 1562 amm.
363 1510 457 1555 dmm
472 1491 612 1556 consrlro
629 1490 755 1556 Nostro
768 1511 950 1569 movemur,
964 1491 1184 1556 venerabiles
1198 1489 1342 1568 Fratres,
1355 1491 1474 1574 hisque

186 1575 339 1694 {222ssss
364 1615 528 1678 paremus.
554 1595 794 1680 Quoscumque
821 1605 974 1680 tempora
998 1615 1095 1660 casus
1119 1595 1317 1671 invexerint,
1343 1594 1472 1678 qualia·

179 1693 275 1751 Μ’·
363 1719 507 1783 cumque
531 1699 707 1764 hominum
723 1699 774 1763 vel
791 1699 915 1764 iudicia
945 1699 1057 1764 sutura
1072 1700 1139 1764 sint
1155 1700 1207 1763 vel
1224 1709 1308 1776 acta,
1324 1699 1367 1762 ad
1379 1717 1472 1763 eam·

363 1802 441 1866 dem
472 1821 625 1866 normam
650 1801 812 1886 dirigetur
837 1803 948 1867 omnis
969 1804 1058 1868 actio
1085 1802 1229 1868 Nostra:
1254 1803 1298 1868 ab
1324 1803 1386 1868 hac
1418 1802 1472 1866 via

363 1915 491 1971 certum
508 1915 641 1972 estnon
668 1905 847 1972 discedere.
873 1905 930 1971 Ad
956 1916 1156 1983 extremum,
1171 1908 1214 1971 de
1241 1905 1474 1971 incolumitate

362 2010 454 2094 pacis
470 2010 497 2074 si
514 2010 631 2074 mereri
643 2009 709 2074 alia
720 2009 849 2076 ratione
859 2029 927 2076 non
938 2009 1075 2088 licuerit,
1086 2021 1175 2076 certe
1186 2011 1473 2094 perseverabimus

361 2116 405 2180 ad
422 2115 521 2192 Eum,
537 2115 671 2180 nemine
695 2115 903 2197 prohibente,
927 2114 1115 2198 confugere,
1141 2117 1198 2198 qui
1225 2123 1337 2197 potest
1352 2113 1470 2179 volun-

319 2257 323 2264 ·
360 2232 449 2289 tates
474 2220 663 2298 hominurn,
679 2219 769 2283 unde
795 2220 876 2299 vuit,
901 2231 1066 2304 torquere,
1093 2240 1160 2305 quo
1184 2221 1263 2296 vult,
1280 2219 1474 2285 inflectere:

361 2327 529 2410 enixeque
558 2323 778 2408 precabimur,
792 2333 831 2387 ut
846 2323 988 2408 depulso
1003 2325 1095 2388 omni
1123 2323 1284 2390 bellorum
1314 2334 1413 2398 metu,
1430 2341 1471 2388 ac

361 2427 477 2495 debito
493 2449 602 2493 rerum
614 2427 732 2492 ordine
747 2427 957 2510 benignitate
973 2447 1033 2492 sua
1049 2427 1212 2505 restitut0,
1228 2429 1313 2492 veris
1328 2427 1471 2492 eisdem·

362 2553 428 2619 que
443 2533 619 2599 stabilibus
635 2529 855 2595 firmamentis
872 2531 1013 2616 Europa
1027 2531 1187 2615 quiescat.

406 2637 573 2714 Ceterum,
597 2634 803 2700 venerabiles
841 2633 967 2712 iratres,
997 2635 1190 2719 priusquam
1222 2635 1394 2698 veniamus
1424 2635 1469 2698 ad

362 2757 466 2802 novas
491 2739 736 2822 Episcoporum
767 2737 1011 2821 cooptationes,
1026 2737 1187 2802 adiecturi
1215 2737 1248 2800 in
1275 2738 1469 2819 perhonori-

363 2839 461 2906 ficum
489 2842 652 2909 Ordinem
678 2852 824 2907 vestrum
862 2860 978 2906 sumus
1004 2852 1071 2906 tres
1098 2841 1195 2918 viros,
1219 2860 1360 2924 quorum
1402 2861 1467 2906 non

362 2946 479 3028 ignota
490 2946 586 3010 vobis
600 2955 799 3010 ornamenta
816 2946 918 3010 animi
935 2970 941 3009 :
958 2945 1113 3009 nimirum
1132 2945 1329 3010 IosEPHUM
1346 2945 1468 3009 BENE·

205 3061 338 3130 Novqseres
362 3061 510 3114 DICTUM
527 3048 689 3114 DUSMET
699 3069 745 3113 ex
758 3047 888 3114 Ordine
901 3049 1195 3114 Benedictinorum
1208 3048 1470 3126 cassinensium,

181 3121 332 3240 fflffi
362 3153 664 3237 Archiepiscopum
690 3154 937 3230 Cataniensem,
952 3156 1064 3238 dignis
1096 3155 1266 3239 Episcopo
1281 3151 1469 3231 virtutibus,

363 3257 578 3340 maximeque
601 3258 779 3343 prudentia
804 3268 838 3322 et
861 3259 999 3324 caritate
1029 3268 1246 3343 spectatum:
1273 3259 1468 3324 IOSEPHUM

363 3358 613 3425 D’ANNIBALE
640 3361 845 3445 Episcopum
871 3361 938 3427 Tit.
969 3362 1251 3444 Charystiensem,
1268 3360 1302 3426 S.
1319 3359 1359 3425 R.
1374 3369 1408 3424 et
1424 3359 1467 3425 U.

335 3541 338 3549 .
363 3465 594 3550 inquisitionis
619 3445 855 3542 'Assessorem
884 3466 1062 3549 probitate,
1092 3465 1265 3543 modestia,
1295 3465 1468 3530 doctrinae

361 3571 459 3654 copia
475 3570 600 3635 clarum
616 3595 623 3635 :
638 3571 831 3636 ALOISIUM
850 3569 1003 3635 Maccui
1020 3571 1151 3635 Domus
1167 3571 1312 3634 Nostrae
1329 3567 1466 3635 Pontifi-

361 3675 441 3740 calis
458 3675 699 3758 Praepositum,
716 3695 846 3740 morum
875 3676 1066 3760 integritate
1089 3677 1276 3759 probatum,
1302 3675 1467 3760 variisque

362 3778 554 3844 muneribus
570 3789 672 3862 atque
684 3778 867 3844 honoribus
878 3779 984 3844 nitide
1001 3778 1163 3844 iunctum.

731 3983 821 4068 Quid
839 3986 934 4051 vobis
948 3986 1106 4052 videtur?

403 4189 524 4274 Itaque
549 4189 747 4253 auctoritate
777 4190 1018 4273 omnipotentis
1047 4189 1121 4266 Dei,
1148 4197 1339 4252 sanctorum
1370 4187 1466 4271 Apo·

358 4291 521 4358 stolorum
539 4293 627 4356 Petri
644 4301 677 4358 et
702 4291 861 4370 Pauline
878 4293 1012 4370 Nostra,
1028 4311 1178 4357 creamus
1205 4301 1239 4356 et
1254 4290 1468 4376 publicamus

360 4393 394 4460 S.
411 4393 452 4462 R.
468 4395 507 4460 E.
524 4393 720 4461 Cardinales
734 4414 780 4459 ex
796 4395 924 4462 Ordine
950 4397 1233 4478 Presbyterorum.
