3230 4874
366 402 434 471 104
462 403 558 457 utrr.
578 405 706 458 nrosr.
729 393 750 422 ⁴¹
770 405 893 458 auctu.
919 403 1023 456 ortuo
1041 403 1249 456 nauantem
1269 403 1400 454 aarum
1418 437 1439 466 „

358 580 498 664 obsequi
516 589 551 644 et
565 580 741 664 diligentia
756 579 969 646 satisfacere:
985 599 1054 664 quo
1069 579 1200 644 nullum
1216 578 1355 663 quidem
1371 579 1466 642 exhi·

359 684 510 750 buissent
524 683 755 750 testimonium
782 693 841 750 aut
867 703 927 768 per
950 703 987 748 se
1002 682 1204 767 praeclarius
1220 693 1279 749 aut
1295 682 1465 764 acceptius
1593 669 1594 682 ¹

360 786 468 852 Nobis
480 786 615 871 pietatis
626 787 797 872 studiique
809 787 861 852 sui
876 805 957 870 erga
967 785 1076 870 ipsam
1093 785 1329 871 Apostolicam
1344 785 1465 852 Sedem

182 881 334 988 mfffm
357 899 460 975 atque
485 909 566 974 erga
589 899 762 972 parentem
790 889 1106 974 Congregationem.
1121 926 1166 940 -
1181 887 1250 956 Sed
1266 889 1359 954 enim
1375 907 1470 953 mens
1594 915 1595 978 i

181 1007 316 1106 symm
358 1003 392 1059 et
407 992 562 1059 voluntas
578 992 703 1058 Nostra
718 995 855 1078 cognita
870 993 951 1058 satis
961 992 1200 1078 declarataque
1209 1003 1282 1059 erat
1297 1013 1344 1058 ex
1361 991 1469 1058 subie-
1534 1011 1538 1018 ’

181 1072 334 1180 ianm}
357 1099 420 1162 ctis
445 1097 489 1163 ad
515 1107 628 1164 cetera
653 1097 766 1180 capita
790 1098 1025 1183 quaestionum
1056 1097 1233 1180 responsis
1260 1097 1399 1164 Scilicet
1428 1095 1470 1162 ad

357 1207 458 1287 caput
473 1201 659 1267 secundum
674 1199 738 1266 hoc
751 1202 855 1266 modo
870 1201 1017 1285 positum
1034 1201 1212 1270 :tUtrum
1224 1201 1470 1268 consulendum

358 1319 378 1375 t
392 1315 427 1371 et
442 1324 591 1390 quonam
603 1313 704 1388 pacto
716 1304 931 1370 missionibus
942 1315 977 1371 ct
989 1304 1110 1372 rationi
1122 1303 1321 1384 studiorum,
1333 1303 1472 1388 citusque

359 1409 440 1479 (rei
455 1409 564 1493 gratia
580 1408 755 1474 retinenda
770 1427 813 1475 ue
827 1408 1005 1493 disciplina
1025 1409 1071 1474 de
1093 1427 1162 1476 uno
1184 1409 1377 1495 eodemque
1392 1409 1472 1474 tiro·

361 1527 379 1582 t
393 1513 472 1578 cinii
486 1509 682 1578 domicilio?
699 1526 718 1583 t
735 1531 933 1596 responsum
949 1520 1019 1580 est:
1038 1527 1058 1582 t
1073 1511 1209 1579 Placere
1231 1515 1279 1579 ita
1294 1511 1473 1602 consulep·

359 1619 486 1697 (dum,
501 1627 539 1683 ut
562 1635 606 1682 ne
631 1616 718 1683 aliae
742 1625 861 1700 postea
884 1617 1109 1701 suscipiantur
1130 1617 1317 1697 missiones,
1340 1617 1406 1682 nisi
1432 1617 1474 1684 de

362 1719 615 1804 (Apostolicac
632 1719 731 1788 Sedis
746 1721 855 1798 venia,
865 1719 1072 1806 delectisque
1082 1722 1127 1788 ad
1144 1721 1177 1790 id
1193 1741 1281 1805 opus
1296 1719 1473 1787 monachis

362 1824 550 1895 (doctrina
578 1833 613 1890 et
637 1823 798 1907 exemplo
827 1823 1002 1908 probatis;
1028 1834 1067 1891 ut
1093 1843 1239 1910 praeses,
1268 1823 1476 1900 definitores,

361 1925 617 2011 (provinciales
640 1925 676 1990 in
703 1925 916 1992 monasteriis
941 1927 1087 1994 habeant
1113 1928 1233 2009 sedes;
1248 1937 1287 1994 ut
1300 1947 1422 1994 cursus
1442 1935 1482 1992 et·
1595 1981 1597 1986 .

363 2029 483 2098 <ratio
504 2027 693 2094 studiorum
717 2027 761 2094 ad
788 2047 943 2096 normam
967 2029 1257 2098 constitutionum
1273 2031 1363 2115 (cap.
1377 2031 1476 2114 Μ)
1595 2035 1596 2046 ’

361 2135 587 2220 (exuantur,
611 2133 676 2201 hoc
702 2143 876 2219 praeterea
901 2155 1011 2215 suaso,
1034 2145 1072 2204 ut
1101 2135 1230 2203 alumni
1259 2137 1393 2222 optima
1417 2155 1478 2220 spe
1595 2137 1596 2140 ’

362 2239 637 2324 conducentes,
668 2239 816 2304 Romam
849 2241 1080 2306 doctrinarum
1117 2241 1311 2325 cognitione
1342 2241 1477 2324 plenius

363 2358 383 2413 t
398 2343 644 2430 perfectiusque
667 2343 840 2410 imbuendi
866 2343 1044 2410 mittantur
1057 2366 1066 2426 ;
1080 2355 1118 2411 ut
1143 2345 1241 2410 unica
1255 2344 1419 2410 omuibus
1434 2343 1478 2410 sit
1597 2339 1598 2342 ’

364 2448 546 2534 (ponendi
573 2446 717 2513 tirocinii
746 2445 890 2526 domus;
914 2456 953 2512 ut
982 2457 1167 2514 conventus
1197 2467 1255 2512 seu
1286 2445 1477 2530 capitulum

364 2569 383 2622 t
398 2551 555 2637 generale
569 2572 615 2618 ex
637 2551 679 2616 iis
693 2550 876 2616 dumtaxat
890 2549 1083 2616 titularibus
1100 2548 1159 2617 fiat
1173 2551 1230 2636 qui
1246 2550 1480 2617 iurisdictione

367 2655 581 2740 (potiantur.
597 2667 616 2723 t
632 2651 733 2737 Quae
753 2652 918 2732 consulta,
931 2664 967 2720 et
982 2653 1166 2720 voluntatis
1187 2654 1334 2720 Nostrae
1349 2649 1480 2736 signiti-

363 2761 523 2838 cationes,
542 2759 588 2825 ad
612 2757 646 2823 id
672 2757 763 2843 quod
791 2757 900 2823 Nobis
923 2767 1103 2843 tantopere
1124 2768 1196 2824 crat
1211 2768 1246 2825 et
1260 2769 1314 2850 est
1329 2758 1364 2822 in
1381 2757 1481 2834 votis
1598 2763 1599 2786 ³

364 2860 578 2930 concordiam
610 2880 731 2946 nempe
768 2871 804 2928 et
833 2860 1021 2946 proiectum
1059 2863 1235 2928 universae
1267 2859 1481 2937 sodalitatis.

326 3002 342 3034 r
365 2965 548 3034 rectissime
563 2963 698 3048 singula
711 2964 954 3032 conducebant.
969 3001 1014 3016 --
1030 2966 1143 3032 Primo
1168 2967 1327 3043 enimus
1343 2982 1482 3030 monas·

190 3064 200 3095 ⁵
257 3061 301 3153 ,⁶³
317 3119 340 3152 or
364 3071 456 3139 teriis
485 3065 588 3136 onera
613 3069 820 3135 adderentur
843 3069 886 3134 ad
913 3087 954 3136 ea
984 3069 1106 3154 quibus
1136 3069 1278 3153 fatigata
1307 3078 1344 3134 et
1369 3085 1482 3152 paene

257 3166 268 3214 ἱ
297 3180 341 3270 ''r-
364 3193 525 3260 oppressa
551 3174 783 3256 languescunt,
804 3173 986 3256 provisum,
1011 3173 1121 3240 nullas
1146 3183 1265 3258 postea
1291 3171 1482 3248 missiones,

190 3299 238 3332 m
294 3297 341 3390 ug·
366 3279 429 3344 nisi
455 3277 662 3343 concedente
685 3274 886 3360 Apostolica
912 3275 1011 3356 Sede,
1040 3276 1281 3360 suscipiendas.
1306 3273 1407 3352 Tum,
1437 3291 1483 3338 ne

191 3417 218 3474 a¹
307 3402 341 3449 cr·
366 3383 495 3449 iuniore
506 3387 618 3446 aetate
633 3379 800 3458 monachi,
808 3399 913 3464 quum
925 3399 993 3446 non
1009 3381 1091 3446 satis
1106 3380 1159 3445 uel
1171 3379 1312 3446 scientia
1323 3373 1482 3442 instructi

292 3495 298 3516 ·
367 3485 420 3552 vel
435 3484 588 3569 legitima
601 3481 779 3568 disciplina
793 3495 905 3549 essem
920 3481 1130 3563 conformati,
1146 3481 1331 3549 missiooaii
1348 3477 1482 3548 muneri

209 3637 225 3668 a
253 3621 344 3668 mm.
367 3588 610 3663 addicerentur.
637 3603 720 3650 neue
744 3585 778 3652 in
803 3586 975 3652 coenobiis
1004 3587 1051 3653 ob
1077 3586 1244 3653 sodalium
1269 3585 1480 3670 paucitatem

193 3681 344 3794 '272⁶‘
367 3689 561 3756 communia
589 3687 699 3754 officia
729 3687 885 3768 iacerent.
920 3689 1173 3776 praescriptum,
1203 3699 1241 3756 ut
1271 3691 1305 3754 id
1330 3685 1481 3754 muneris

369 3791 543 3859 monachis
554 3792 781 3875 imponeretur
794 3793 967 3860 doctrinae
983 3793 1084 3860 laude
1098 3802 1133 3858 et
1148 3793 1345 3876 integritate
1359 3809 1480 3857 exem·

368 3895 416 3981 pli
428 3894 585 3981 probatis
608 3928 652 3944 -
669 3895 1019 3973 ltem.sdexcitanda
1029 3897 1143 3964 studia
1157 3896 1344 3980 sapientiae
1366 3905 1403 3961 et
1429 3895 1478 3958 ad

235 4011 265 4102 ς’
283 3996 344 4104 '34⁸-
368 4000 546 4086 pristinum
570 3999 674 4067 decus
696 3997 885 4066 revehenda
909 4001 1163 4086 praescriptum,
1185 4009 1223 4066 ut
1248 4019 1365 4066 eorum
1392 3997 1480 4064 ratio

368 4103 413 4172 ad
437 4103 583 4187 optimas
614 4121 749 4170 normas
772 4105 1052 4171 constitutionum
1093 4105 1295 4190 exigeretur,
1332 4101 1479 4170 alumnis

368 4217 482 4274 autem
494 4205 792 4291 praestantioribus
808 4207 916 4274 maior
930 4208 1099 4293 quaedam
1115 4209 1262 4294 petenda
1291 4215 1383 4274 esset
1406 4205 1479 4271 Ro-

370 4331 445 4377 mae
470 4306 639 4394 perfectio.
670 4309 727 4378 Sic
751 4311 865 4390 etiam,
890 4312 1139 4380 coniunctionis
1152 4313 1275 4378 caussa
1290 4309 1475 4378 monachos

370 4415 458 4479 inter
481 4412 720 4480 conventuales
743 4425 778 4481 et
808 4415 1045 4497 missionarios,
1069 4424 1175 4502 utque
1205 4415 1401 4480 missionum
1421 4419 1477 4482 to·
