<?xml version="1.0" encoding="UTF-8"?>
<!DOCTYPE html PUBLIC "-//W3C//DTD XHTML 1.0 Transitional//EN"
    "http://www.w3.org/TR/xhtml1/DTD/xhtml1-transitional.dtd">
<html xmlns="http://www.w3.org/1999/xhtml" xml:lang="en" lang="en">
 <head>
  <title>
</title>
<meta http-equiv="Content-Type" content="text/html;charset=utf-8" />
  <meta name='ocr-system' content='tesseract 3.04.00' />
  <meta name='ocr-capabilities' content='ocr_page ocr_carea ocr_par ocr_line ocrx_word'/>
</head>
<body>
  <div class='ocr_page' id='page_1' title='image "./sanctissimidomi03xiiigoog_0461.png"; bbox 0 0 3282 4876; ppageno 0'>
   <div class='ocr_carea' id='block_1_1' title="bbox 404 381 1472 463">
    <p class='ocr_par' dir='ltr' id='par_1_1' title="bbox 404 381 1472 463">
     <span class='ocr_line' id='line_1_1' title="bbox 404 381 1472 463; baseline 0.002 -14"><span class='ocrx_word' id='word_1_1' title='bbox 404 381 473 452; x_wconf 88' lang='lat'>106</span> <span class='ocrx_word' id='word_1_2' title='bbox 502 397 599 448; x_wconf 74' lang='lat' dir='ltr'>nrrr.</span> <span class='ocrx_word' id='word_1_3' title='bbox 619 397 747 450; x_wconf 79' lang='lat' dir='ltr'>srosr.</span> <span class='ocrx_word' id='word_1_4' title='bbox 771 385 792 415; x_wconf 90' lang='grc'>“</span> <span class='ocrx_word' id='word_1_5' title='bbox 810 395 936 448; x_wconf 73' lang='lat' dir='ltr'>nstro.</span> <span class='ocrx_word' id='word_1_6' title='bbox 956 395 1060 450; x_wconf 84' lang='lat' dir='ltr'>onoo</span> <span class='ocrx_word' id='word_1_7' title='bbox 1087 398 1292 453; x_wconf 79' lang='lat' dir='ltr'>snusnrcrr</span> <span class='ocrx_word' id='word_1_8' title='bbox 1316 400 1438 453; x_wconf 80' lang='lat' dir='ltr'>rnrms</span> <span class='ocrx_word' id='word_1_9' title='bbox 1455 435 1472 463; x_wconf 89' lang='lat'><strong>„</strong></span> 
     </span>
    </p>
   </div>
   <div class='ocr_carea' id='block_1_2' title="bbox 263 573 1486 1180">
    <p class='ocr_par' dir='ltr' id='par_1_2' title="bbox 396 573 1486 1073">
     <span class='ocr_line' id='line_1_2' title="bbox 397 573 1483 659; baseline -0.003 -19"><span class='ocrx_word' id='word_1_10' title='bbox 397 593 465 659; x_wconf 92' lang='lat' dir='ltr'>quo</span> <span class='ocrx_word' id='word_1_11' title='bbox 510 573 618 658; x_wconf 82' lang='lat' dir='ltr'>possit</span> <span class='ocrx_word' id='word_1_12' title='bbox 658 575 703 640; x_wconf 90' lang='lat' dir='ltr'>ad</span> <span class='ocrx_word' id='word_1_13' title='bbox 740 574 869 658; x_wconf 84' lang='lat' dir='ltr'>priscae</span> <span class='ocrx_word' id='word_1_14' title='bbox 908 573 1117 653; x_wconf 77' lang='lat' dir='ltr'>Sodalitatis</span> <span class='ocrx_word' id='word_1_15' title='bbox 1168 576 1257 643; x_wconf 91' lang='lat' dir='ltr'>unde</span> <span class='ocrx_word' id='word_1_16' title='bbox 1303 575 1483 642; x_wconf 89' lang='lat' dir='ltr'>continuata</span> 
     </span>
     <span class='ocr_line' id='line_1_3' title="bbox 396 677 1486 764; baseline 0 -22"><span class='ocrx_word' id='word_1_17' title='bbox 396 678 524 757; x_wconf 78' lang='lat' dir='ltr'>existit,</span> <span class='ocrx_word' id='word_1_18' title='bbox 548 677 805 762; x_wconf 86' lang='lat' dir='ltr'>amplitudinem</span> <span class='ocrx_word' id='word_1_19' title='bbox 828 677 956 762; x_wconf 82' lang='lat' dir='ltr'>gloriae</span> <span class='ocrx_word' id='word_1_20' title='bbox 977 679 1111 744; x_wconf 77' lang='lat' dir='ltr'>enixius</span> <span class='ocrx_word' id='word_1_21' title='bbox 1133 680 1313 764; x_wconf 83' lang='lat' dir='ltr'>procedere</span> <span class='ocrx_word' id='word_1_22' title='bbox 1331 701 1339 759; x_wconf 86' lang='lat'><strong>;</strong></span> <span class='ocrx_word' id='word_1_23' title='bbox 1357 698 1421 763; x_wconf 91' lang='lat' dir='ltr'>quo</span> <span class='ocrx_word' id='word_1_24' title='bbox 1442 677 1486 760; x_wconf 90' lang='lat' dir='ltr'>ip·</span> 
     </span>
     <span class='ocr_line' id='line_1_4' title="bbox 398 781 1484 865; baseline -0.005 -19"><span class='ocrx_word' id='word_1_25' title='bbox 398 781 466 846; x_wconf 87' lang='lat' dir='ltr'>sius</span> <span class='ocrx_word' id='word_1_26' title='bbox 479 801 582 865; x_wconf 83' lang='lat' dir='ltr'>opera</span> <span class='ocrx_word' id='word_1_27' title='bbox 594 781 627 847; x_wconf 92' lang='lat' dir='ltr'>in</span> <span class='ocrx_word' id='word_1_28' title='bbox 640 781 790 846; x_wconf 87' lang='lat' dir='ltr'>colendis</span> <span class='ocrx_word' id='word_1_29' title='bbox 805 781 1021 847; x_wconf 84' lang='lat' dir='ltr'>missionibus</span> <span class='ocrx_word' id='word_1_30' title='bbox 1036 781 1189 848; x_wconf 81' lang='lat' dir='ltr'>uberiore</span> <span class='ocrx_word' id='word_1_31' title='bbox 1203 801 1280 848; x_wconf 90' lang='lat' dir='ltr'>cum</span> <span class='ocrx_word' id='word_1_32' title='bbox 1297 781 1402 848; x_wconf 88' lang='lat' dir='ltr'>lructu</span> <span class='ocrx_word' id='word_1_33' title='bbox 1422 797 1484 843; x_wconf 87' lang='lat' dir='ltr'>suc·</span> 
     </span>
     <span class='ocr_line' id='line_1_5' title="bbox 398 883 1485 970; baseline -0.005 -19"><span class='ocrx_word' id='word_1_34' title='bbox 398 885 507 964; x_wconf 88' lang='lat' dir='ltr'>cedat,</span> <span class='ocrx_word' id='word_1_35' title='bbox 527 887 708 952; x_wconf 77' lang='lat' dir='ltr'>autoritate</span> <span class='ocrx_word' id='word_1_36' title='bbox 731 885 857 952; x_wconf 88' lang='lat' dir='ltr'>Nostra</span> <span class='ocrx_word' id='word_1_37' title='bbox 877 885 1079 970; x_wconf 85' lang='lat' dir='ltr'>Apostolica</span> <span class='ocrx_word' id='word_1_38' title='bbox 1115 886 1199 952; x_wconf 88' lang='lat' dir='ltr'>baec</span> <span class='ocrx_word' id='word_1_39' title='bbox 1235 883 1438 954; x_wconf 88' lang='lat' dir='ltr'>decernimus</span> <span class='ocrx_word' id='word_1_40' title='bbox 1456 890 1485 947; x_wconf 88' lang='lat' dir='ltr'>et</span> 
     </span>
     <span class='ocr_line' id='line_1_6' title="bbox 399 989 643 1073; baseline 0.008 -19"><span class='ocrx_word' id='word_1_41' title='bbox 399 989 643 1073; x_wconf 84' lang='lat' dir='ltr'>praecipimus:</span> 
     </span>
    </p>

    <p class='ocr_par' dir='ltr' id='par_1_3' title="bbox 263 1091 1484 1180">
     <span class='ocr_line' id='line_1_7' title="bbox 263 1091 1484 1180; baseline 0.002 -26"><span class='ocrx_word' id='word_1_42' title='bbox 263 1109 372 1180; x_wconf 62' lang='lat' dir='ltr'>rrum</span> <span class='ocrx_word' id='word_1_43' title='bbox 444 1094 470 1160; x_wconf 88' lang='lat'>1.</span> <span class='ocrx_word' id='word_1_44' title='bbox 494 1095 706 1178; x_wconf 80' lang='lat' dir='ltr'>Derogantes</span> <span class='ocrx_word' id='word_1_45' title='bbox 722 1092 854 1160; x_wconf 80' lang='lat' dir='ltr'>Urbani</span> <span class='ocrx_word' id='word_1_46' title='bbox 884 1092 975 1158; x_wconf 88' lang='lat' dir='ltr'>Vlll</span> <span class='ocrx_word' id='word_1_47' title='bbox 1001 1091 1243 1160; x_wconf 81' lang='lat' dir='ltr'>constitutioni</span> <span class='ocrx_word' id='word_1_48' title='bbox 1266 1093 1429 1170; x_wconf 81' lang='lat' dir='ltr'>Plantata,</span> <span class='ocrx_word' id='word_1_49' title='bbox 1447 1109 1484 1156; x_wconf 86' lang='lat' dir='ltr'>err</span> 
     </span>
    </p>
   </div>
   <div class='ocr_carea' id='block_1_3' title="bbox 216 1176 348 1230">
    <p class='ocr_par' dir='ltr' id='par_1_4' title="bbox 216 1176 348 1230">
     <span class='ocr_line' id='line_1_8' title="bbox 216 1176 348 1230; baseline 0.015 -16"><span class='ocrx_word' id='word_1_50' title='bbox 216 1176 237 1230; x_wconf 74' lang='lat' dir='ltr'>p</span> <span class='ocrx_word' id='word_1_51' title='bbox 281 1181 348 1216; x_wconf 69' lang='lat' dir='ltr'>rnna</span> 
     </span>
    </p>
   </div>
   <div class='ocr_carea' id='block_1_4' title="bbox 221 1193 1602 1282">
    <p class='ocr_par' dir='ltr' id='par_1_5' title="bbox 221 1193 1602 1282">
     <span class='ocr_line' id='line_1_9' title="bbox 221 1193 1602 1282; baseline -0.008 -16"><span class='ocrx_word' id='word_1_52' title='bbox 221 1229 285 1275; x_wconf 63' lang='lat' dir='ltr'>num</span> <span class='ocrx_word' id='word_1_53' title='bbox 300 1193 374 1274; x_wconf 66' lang='lat' dir='ltr'>aer}-</span> <span class='ocrx_word' id='word_1_54' title='bbox 399 1215 466 1280; x_wconf 83' lang='lat' dir='ltr'>qua</span> <span class='ocrx_word' id='word_1_55' title='bbox 495 1205 591 1280; x_wconf 87' lang='lat' dir='ltr'>parte</span> <span class='ocrx_word' id='word_1_56' title='bbox 616 1197 765 1282; x_wconf 87' lang='lat' dir='ltr'>regimen</span> <span class='ocrx_word' id='word_1_57' title='bbox 796 1196 934 1281; x_wconf 83' lang='lat' dir='ltr'>attingit</span> <span class='ocrx_word' id='word_1_58' title='bbox 960 1194 1242 1280; x_wconf 78' lang='lat' dir='ltr'>congregationis</span> <span class='ocrx_word' id='word_1_59' title='bbox 1265 1195 1487 1263; x_wconf 88' lang='lat' dir='ltr'>Benedictinae</span> <span class='ocrx_word' id='word_1_60' title='bbox 1601 1196 1602 1199; x_wconf 75' lang='grc'>’</span> 
     </span>
    </p>
   </div>
   <div class='ocr_carea' id='block_1_5' title="bbox 192 1288 1492 3754">
    <p class='ocr_par' dir='ltr' id='par_1_6' title="bbox 192 1288 1492 3754">
     <span class='ocr_line' id='line_1_10' title="bbox 220 1288 1486 1394; baseline -0.004 -28"><span class='ocrx_word' id='word_1_61' title='bbox 220 1288 374 1394; x_wconf 52' lang='lat' dir='ltr'>mm·</span> <span class='ocrx_word' id='word_1_62' title='bbox 400 1310 436 1366; x_wconf 90' lang='lat' dir='ltr'>et</span> <span class='ocrx_word' id='word_1_63' title='bbox 457 1299 741 1366; x_wconf 87' lang='lat' dir='ltr'>missionariorum</span> <span class='ocrx_word' id='word_1_64' title='bbox 764 1301 798 1366; x_wconf 93' lang='lat' dir='ltr'>in</span> <span class='ocrx_word' id='word_1_65' title='bbox 821 1299 960 1384; x_wconf 81' lang='lat' dir='ltr'>Anglia,</span> <span class='ocrx_word' id='word_1_66' title='bbox 981 1318 1122 1364; x_wconf 88' lang='lat' dir='ltr'>munera</span> <span class='ocrx_word' id='word_1_67' title='bbox 1144 1299 1399 1385; x_wconf 83' lang='lat' dir='ltr'>provincialium</span> <span class='ocrx_word' id='word_1_68' title='bbox 1412 1296 1486 1383; x_wconf 89' lang='lat' dir='ltr'>pari·</span> 
     </span>
     <span class='ocr_line' id='line_1_11' title="bbox 222 1401 1487 1489; baseline -0.004 -20"><span class='ocrx_word' id='word_1_69' title='bbox 222 1407 290 1453; x_wconf 63' lang='lat' dir='ltr'>*alu</span> <span class='ocrx_word' id='word_1_70' title='bbox 335 1407 375 1452; x_wconf 67' lang='lat' dir='ltr'>dr·</span> <span class='ocrx_word' id='word_1_71' title='bbox 400 1415 519 1489; x_wconf 91' lang='lat' dir='ltr'>terque</span> <span class='ocrx_word' id='word_1_72' title='bbox 533 1405 631 1470; x_wconf 84' lang='lat' dir='ltr'>binas</span> <span class='ocrx_word' id='word_1_73' title='bbox 646 1403 855 1472; x_wconf 87' lang='lat' dir='ltr'>missionales</span> <span class='ocrx_word' id='word_1_74' title='bbox 869 1403 1058 1489; x_wconf 84' lang='lat' dir='ltr'>provincias</span> <span class='ocrx_word' id='word_1_75' title='bbox 1069 1404 1221 1470; x_wconf 83' lang='lat' dir='ltr'>delemus</span> <span class='ocrx_word' id='word_1_76' title='bbox 1235 1424 1276 1470; x_wconf 92' lang='lat' dir='ltr'>ac</span> <span class='ocrx_word' id='word_1_77' title='bbox 1291 1405 1417 1471; x_wconf 88' lang='lat' dir='ltr'>deletas</span> <span class='ocrx_word' id='word_1_78' title='bbox 1429 1401 1487 1468; x_wconf 91' lang='lat' dir='ltr'>edi·</span> 
     </span>
     <span class='ocr_line' id='line_1_12' title="bbox 192 1467 514 1573; baseline 0.003 -1"><span class='ocrx_word' id='word_1_79' title='bbox 192 1514 195 1528; x_wconf 85' lang='lat'>&#39;</span> <span class='ocrx_word' id='word_1_80' title='bbox 222 1467 312 1513; x_wconf 54' lang='lat' dir='ltr'>“m&#39;&#39;</span> <span class='ocrx_word' id='word_1_81' title='bbox 399 1507 514 1573; x_wconf 83' lang='lat' dir='ltr'>cimus</span> 
     </span>
     <span class='ocr_line' id='line_1_13' title="bbox 230 1611 1488 1698; baseline 0.001 -26"><span class='ocrx_word' id='word_1_82' title='bbox 230 1625 374 1698; x_wconf 36' lang='lat' dir='ltr'>‚messores</span> <span class='ocrx_word' id='word_1_83' title='bbox 445 1611 491 1679; x_wconf 88' lang='lat'>11.</span> <span class='ocrx_word' id='word_1_84' title='bbox 515 1611 695 1677; x_wconf 90' lang='lat' dir='ltr'>Missiones</span> <span class='ocrx_word' id='word_1_85' title='bbox 709 1631 797 1696; x_wconf 90' lang='lat' dir='ltr'>quae</span> <span class='ocrx_word' id='word_1_86' title='bbox 811 1613 858 1677; x_wconf 90' lang='lat' dir='ltr'>ibi</span> <span class='ocrx_word' id='word_1_87' title='bbox 874 1630 963 1677; x_wconf 89' lang='lat' dir='ltr'>nunc</span> <span class='ocrx_word' id='word_1_88' title='bbox 993 1620 1130 1690; x_wconf 76' lang='lat' dir='ltr'>suntet</span> <span class='ocrx_word' id='word_1_89' title='bbox 1152 1620 1332 1696; x_wconf 85' lang='lat' dir='ltr'>quotquot,</span> <span class='ocrx_word' id='word_1_90' title='bbox 1346 1627 1488 1678; x_wconf 83' lang='lat' dir='ltr'>concessu</span> 
     </span>
     <span class='ocr_line' id='line_1_14' title="bbox 218 1685 1489 1800; baseline -0.004 -19"><span class='ocrx_word' id='word_1_91' title='bbox 218 1685 374 1790; x_wconf 52' lang='lat' dir='ltr'>{imm</span> <span class='ocrx_word' id='word_1_92' title='bbox 401 1715 498 1780; x_wconf 91' lang='lat' dir='ltr'>huius</span> <span class='ocrx_word' id='word_1_93' title='bbox 527 1715 746 1800; x_wconf 86' lang='lat' dir='ltr'>Apostolicae</span> <span class='ocrx_word' id='word_1_94' title='bbox 769 1715 878 1796; x_wconf 87' lang='lat' dir='ltr'>Sedis,</span> <span class='ocrx_word' id='word_1_95' title='bbox 903 1737 923 1781; x_wconf 87' lang='lat' dir='ltr'>a</span> <span class='ocrx_word' id='word_1_96' title='bbox 950 1715 1232 1800; x_wconf 78' lang='lat' dir='ltr'>Congregationis</span> <span class='ocrx_word' id='word_1_97' title='bbox 1260 1716 1406 1782; x_wconf 88' lang='lat' dir='ltr'>alumnis</span> <span class='ocrx_word' id='word_1_98' title='bbox 1432 1713 1489 1779; x_wconf 89' lang='lat' dir='ltr'>sint</span> 
     </span>
     <span class='ocr_line' id='line_1_15' title="bbox 220 1802 1487 1910; baseline -0.002 -26"><span class='ocrx_word' id='word_1_99' title='bbox 220 1802 366 1910; x_wconf 55' lang='lat' dir='ltr'>mm,</span> <span class='ocrx_word' id='word_1_100' title='bbox 401 1820 526 1886; x_wconf 85' lang='lat' dir='ltr'>ibidem</span> <span class='ocrx_word' id='word_1_101' title='bbox 547 1821 812 1898; x_wconf 82' lang='lat' dir='ltr'>constituendae,</span> <span class='ocrx_word' id='word_1_102' title='bbox 826 1821 1075 1904; x_wconf 81' lang='lat' dir='ltr'>coniungantur</span> <span class='ocrx_word' id='word_1_103' title='bbox 1090 1839 1209 1885; x_wconf 90' lang='lat' dir='ltr'>ornnes</span> <span class='ocrx_word' id='word_1_104' title='bbox 1230 1839 1310 1887; x_wconf 88' lang='lat' dir='ltr'>cum</span> <span class='ocrx_word' id='word_1_105' title='bbox 1338 1826 1487 1886; x_wconf 81' lang='lat' dir='ltr'>monaste</span> 
     </span>
     <span class='ocr_line' id='line_1_16' title="bbox 222 1921 1488 2009; baseline -0.003 -19"><span class='ocrx_word' id='word_1_106' title='bbox 222 1927 272 1972; x_wconf 60' lang='grc' dir='ltr'>Μ·</span> <span class='ocrx_word' id='word_1_107' title='bbox 401 1923 467 2001; x_wconf 91' lang='lat' dir='ltr'>riis,</span> <span class='ocrx_word' id='word_1_108' title='bbox 480 1922 525 1989; x_wconf 93' lang='lat' dir='ltr'>ab</span> <span class='ocrx_word' id='word_1_109' title='bbox 554 1943 738 2009; x_wconf 89' lang='lat' dir='ltr'>eorumque</span> <span class='ocrx_word' id='word_1_110' title='bbox 768 1923 971 2009; x_wconf 89' lang='lat' dir='ltr'>Praepositis</span> <span class='ocrx_word' id='word_1_111' title='bbox 996 1925 1235 2008; x_wconf 81' lang='lat' dir='ltr'>gubernentur,</span> <span class='ocrx_word' id='word_1_112' title='bbox 1248 1943 1393 2008; x_wconf 89' lang='lat' dir='ltr'>quorum</span> <span class='ocrx_word' id='word_1_113' title='bbox 1408 1921 1488 1988; x_wconf 87' lang='lat' dir='ltr'>iuris·</span> 
     </span>
     <span class='ocr_line' id='line_1_17' title="bbox 399 2027 1489 2108; baseline -0.005 -14"><span class='ocrx_word' id='word_1_114' title='bbox 399 2027 549 2107; x_wconf 90' lang='lat' dir='ltr'>dictioni,</span> <span class='ocrx_word' id='word_1_115' title='bbox 563 2038 636 2094; x_wconf 89' lang='lat' dir='ltr'>tum</span> <span class='ocrx_word' id='word_1_116' title='bbox 652 2029 686 2093; x_wconf 93' lang='lat' dir='ltr'>in</span> <span class='ocrx_word' id='word_1_117' title='bbox 707 2027 809 2094; x_wconf 88' lang='lat' dir='ltr'>sacris</span> <span class='ocrx_word' id='word_1_118' title='bbox 832 2038 906 2094; x_wconf 90' lang='lat' dir='ltr'>tum</span> <span class='ocrx_word' id='word_1_119' title='bbox 933 2027 967 2094; x_wconf 91' lang='lat' dir='ltr'>in</span> <span class='ocrx_word' id='word_1_120' title='bbox 982 2028 1132 2094; x_wconf 87' lang='lat' dir='ltr'>externis</span> <span class='ocrx_word' id='word_1_121' title='bbox 1147 2029 1256 2108; x_wconf 89' lang='lat' dir='ltr'>rebus,</span> <span class='ocrx_word' id='word_1_122' title='bbox 1272 2029 1443 2096; x_wconf 86' lang='lat' dir='ltr'>missiones</span> <span class='ocrx_word' id='word_1_123' title='bbox 1460 2035 1489 2090; x_wconf 91' lang='lat' dir='ltr'>et</span> 
     </span>
     <span class='ocr_line' id='line_1_18' title="bbox 400 2131 1490 2224; baseline -0.005 -26"><span class='ocrx_word' id='word_1_124' title='bbox 400 2131 627 2198; x_wconf 89' lang='lat' dir='ltr'>missionarios</span> <span class='ocrx_word' id='word_1_125' title='bbox 656 2131 878 2214; x_wconf 87' lang='lat' dir='ltr'>subiicimus;</span> <span class='ocrx_word' id='word_1_126' title='bbox 908 2132 980 2199; x_wconf 89' lang='lat' dir='ltr'>iura</span> <span class='ocrx_word' id='word_1_127' title='bbox 1006 2153 1086 2199; x_wconf 85' lang='lat' dir='ltr'>vero</span> <span class='ocrx_word' id='word_1_128' title='bbox 1112 2133 1179 2198; x_wconf 90' lang='lat' dir='ltr'>sint</span> <span class='ocrx_word' id='word_1_129' title='bbox 1209 2133 1304 2199; x_wconf 86' lang='lat' dir='ltr'>saiva</span> <span class='ocrx_word' id='word_1_130' title='bbox 1329 2131 1490 2224; x_wconf 84' lang='lat' dir='ltr'>Episcopis</span> 
     </span>
     <span class='ocr_line' id='line_1_19' title="bbox 398 2233 1489 2320; baseline 0 -22"><span class='ocrx_word' id='word_1_131' title='bbox 398 2233 539 2319; x_wconf 89' lang='lat' dir='ltr'>aliisque</span> <span class='ocrx_word' id='word_1_132' title='bbox 573 2235 749 2301; x_wconf 91' lang='lat' dir='ltr'>ordinariis</span> <span class='ocrx_word' id='word_1_133' title='bbox 773 2255 832 2320; x_wconf 88' lang='lat' dir='ltr'>per</span> <span class='ocrx_word' id='word_1_134' title='bbox 862 2255 974 2302; x_wconf 88' lang='lat' dir='ltr'>sacros</span> <span class='ocrx_word' id='word_1_135' title='bbox 996 2256 1143 2302; x_wconf 88' lang='lat' dir='ltr'>canones</span> <span class='ocrx_word' id='word_1_136' title='bbox 1180 2237 1489 2319; x_wconf 83' lang='lat' dir='ltr'>constitutionesque</span> 
     </span>
     <span class='ocr_line' id='line_1_20' title="bbox 399 2337 813 2406; baseline -0.002 -1"><span class='ocrx_word' id='word_1_137' title='bbox 399 2339 434 2405; x_wconf 90' lang='lat' dir='ltr'>A</span> <span class='ocrx_word' id='word_1_138' title='bbox 481 2337 616 2406; x_wconf 84' lang='lat' dir='ltr'>stolicas</span> <span class='ocrx_word' id='word_1_139' title='bbox 639 2349 813 2406; x_wconf 83' lang='lat' dir='ltr'>reservata</span> 
     </span>
     <span class='ocr_line' id='line_1_21' title="bbox 231 2441 1488 2536; baseline -0.002 -29"><span class='ocrx_word' id='word_1_140' title='bbox 231 2488 276 2534; x_wconf 62' lang='lat' dir='ltr'><em>M</em></span> <span class='ocrx_word' id='word_1_141' title='bbox 300 2503 334 2534; x_wconf 71' lang='lat' dir='ltr'>m</span> <span class='ocrx_word' id='word_1_142' title='bbox 349 2505 372 2536; x_wconf 31' lang='grc' dir='ltr'><em>ᾧ</em></span> <span class='ocrx_word' id='word_1_143' title='bbox 442 2442 507 2508; x_wconf 87' lang='grc' dir='ltr'><strong>ΙΙΙ.</strong></span> <span class='ocrx_word' id='word_1_144' title='bbox 532 2442 724 2509; x_wconf 87' lang='lat' dir='ltr'>Facultates</span> <span class='ocrx_word' id='word_1_145' title='bbox 739 2452 775 2509; x_wconf 92' lang='lat' dir='ltr'>et</span> <span class='ocrx_word' id='word_1_146' title='bbox 790 2443 963 2527; x_wconf 84' lang='lat' dir='ltr'>privilegia</span> <span class='ocrx_word' id='word_1_147' title='bbox 993 2442 1252 2510; x_wconf 79' lang='lat' dir='ltr'>Prouincialium</span> <span class='ocrx_word' id='word_1_148' title='bbox 1267 2445 1321 2509; x_wconf 89' lang='lat' dir='ltr'>vel</span> <span class='ocrx_word' id='word_1_149' title='bbox 1340 2441 1488 2510; x_wconf 83' lang='lat' dir='ltr'>Definito·</span> 
     </span>
     <span class='ocr_line' id='line_1_22' title="bbox 279 2359 479 2549; baseline 0.005 -1"><span class='ocrx_word' id='word_1_150' title='bbox 279 2495 299 2548; x_wconf 57' lang='grc' dir='ltr'><em>θ</em></span> <span class='ocrx_word' id='word_1_151' title='bbox 330 2496 348 2549; x_wconf 67' lang='grc' dir='ltr'><em>Ρ</em></span> <span class='ocrx_word' id='word_1_152' title='bbox 435 2359 479 2424; x_wconf 73' lang='lat' dir='ltr'>po</span> 
     </span>
     <span class='ocr_line' id='line_1_23' title="bbox 219 2545 1489 2654; baseline -0.001 -43"><span class='ocrx_word' id='word_1_153' title='bbox 219 2548 279 2654; x_wconf 49' lang='grc' dir='ltr'>εγω,</span> <span class='ocrx_word' id='word_1_154' title='bbox 290 2561 371 2597; x_wconf 66' lang='lat' dir='ltr'>mna-</span> <span class='ocrx_word' id='word_1_155' title='bbox 396 2566 469 2612; x_wconf 89' lang='lat' dir='ltr'>rum</span> <span class='ocrx_word' id='word_1_156' title='bbox 485 2547 630 2632; x_wconf 87' lang='lat' dir='ltr'>propria,</span> <span class='ocrx_word' id='word_1_157' title='bbox 639 2560 805 2633; x_wconf 89' lang='lat' dir='ltr'>quatenus</span> <span class='ocrx_word' id='word_1_158' title='bbox 815 2567 930 2614; x_wconf 84' lang='lat' dir='ltr'>curam</span> <span class='ocrx_word' id='word_1_159' title='bbox 946 2555 1101 2631; x_wconf 85' lang='lat' dir='ltr'>spectant</span> <span class='ocrx_word' id='word_1_160' title='bbox 1114 2549 1313 2615; x_wconf 88' lang='lat' dir='ltr'>missionum</span> <span class='ocrx_word' id='word_1_161' title='bbox 1329 2557 1364 2615; x_wconf 90' lang='lat' dir='ltr'>et</span> <span class='ocrx_word' id='word_1_162' title='bbox 1374 2545 1489 2614; x_wconf 88' lang='lat' dir='ltr'>missio·</span> 
     </span>
     <span class='ocr_line' id='line_1_24' title="bbox 218 2621 1490 2746; baseline 0.007 -33"><span class='ocrx_word' id='word_1_163' title='bbox 218 2621 372 2740; x_wconf 48' lang='lat' dir='ltr'>immn-</span> <span class='ocrx_word' id='word_1_164' title='bbox 396 2651 575 2746; x_wconf 79' lang='lat' dir='ltr'>uariorum,</span> <span class='ocrx_word' id='word_1_165' title='bbox 604 2670 817 2736; x_wconf 86' lang='lat' dir='ltr'>quocumque</span> <span class='ocrx_word' id='word_1_166' title='bbox 832 2650 897 2716; x_wconf 89' lang='lat' dir='ltr'>illis</span> <span class='ocrx_word' id='word_1_167' title='bbox 913 2652 1025 2728; x_wconf 90' lang='lat' dir='ltr'>rnodo,</span> <span class='ocrx_word' id='word_1_168' title='bbox 1040 2652 1111 2716; x_wconf 90' lang='lat' dir='ltr'>sive</span> <span class='ocrx_word' id='word_1_169' title='bbox 1126 2651 1171 2717; x_wconf 91' lang='lat' dir='ltr'>ab</span> <span class='ocrx_word' id='word_1_170' title='bbox 1181 2650 1385 2736; x_wconf 85' lang='lat' dir='ltr'>Apostolica</span> <span class='ocrx_word' id='word_1_171' title='bbox 1404 2648 1490 2722; x_wconf 78' lang='lat' dir='ltr'>Sede.</span> 
     </span>
     <span class='ocr_line' id='line_1_25' title="bbox 215 2729 1490 2845; baseline -0.002 -27"><span class='ocrx_word' id='word_1_172' title='bbox 215 2729 372 2845; x_wconf 54' lang='lat' dir='ltr'>ssjssffi</span> <span class='ocrx_word' id='word_1_173' title='bbox 396 2751 467 2818; x_wconf 88' lang='lat' dir='ltr'>sive</span> <span class='ocrx_word' id='word_1_174' title='bbox 478 2771 524 2817; x_wconf 85' lang='lat' dir='ltr'>ex</span> <span class='ocrx_word' id='word_1_175' title='bbox 538 2753 693 2837; x_wconf 84' lang='lat' dir='ltr'>capitulis</span> <span class='ocrx_word' id='word_1_176' title='bbox 708 2753 922 2838; x_wconf 82' lang='lat' dir='ltr'>generalibus</span> <span class='ocrx_word' id='word_1_177' title='bbox 936 2753 990 2819; x_wconf 87' lang='lat' dir='ltr'>vel</span> <span class='ocrx_word' id='word_1_178' title='bbox 1005 2755 1316 2835; x_wconf 89' lang='lat' dir='ltr'>constitutionibus,</span> <span class='ocrx_word' id='word_1_179' title='bbox 1326 2754 1490 2830; x_wconf 63' lang='lat' dir='ltr'>tributam</span> 
     </span>
     <span class='ocr_line' id='line_1_26' title="bbox 218 2843 1491 2944; baseline -0.004 -21"><span class='ocrx_word' id='word_1_180' title='bbox 218 2843 332 2892; x_wconf 42' lang='lat' dir='ltr'>‘³⁶¹¹‘st</span> <span class='ocrx_word' id='word_1_181' title='bbox 395 2858 511 2923; x_wconf 90' lang='lat' dir='ltr'>omnia</span> <span class='ocrx_word' id='word_1_182' title='bbox 522 2857 566 2922; x_wconf 84' lang='lat' dir='ltr'>ad</span> <span class='ocrx_word' id='word_1_183' title='bbox 579 2859 792 2944; x_wconf 88' lang='lat' dir='ltr'>Praepositos</span> <span class='ocrx_word' id='word_1_184' title='bbox 808 2858 1088 2924; x_wconf 86' lang='lat' dir='ltr'>monasteriorum</span> <span class='ocrx_word' id='word_1_185' title='bbox 1105 2857 1351 2938; x_wconf 86' lang='lat' dir='ltr'>transierimus,</span> <span class='ocrx_word' id='word_1_186' title='bbox 1364 2858 1446 2924; x_wconf 89' lang='lat' dir='ltr'>adeo</span> <span class='ocrx_word' id='word_1_187' title='bbox 1459 2861 1491 2918; x_wconf 90' lang='lat' dir='ltr'>ut</span> 
     </span>
     <span class='ocr_line' id='line_1_27' title="bbox 395 2960 1491 3047; baseline -0.003 -20"><span class='ocrx_word' id='word_1_188' title='bbox 395 2961 459 3047; x_wconf 89' lang='lat' dir='ltr'>ipsi</span> <span class='ocrx_word' id='word_1_189' title='bbox 470 2979 652 3046; x_wconf 88' lang='lat' dir='ltr'>eorumque</span> <span class='ocrx_word' id='word_1_190' title='bbox 667 2961 847 3027; x_wconf 90' lang='lat' dir='ltr'>consiliarii</span> <span class='ocrx_word' id='word_1_191' title='bbox 858 2960 1075 3027; x_wconf 78' lang='lat' dir='ltr'>facultatibus</span> <span class='ocrx_word' id='word_1_192' title='bbox 1091 2971 1125 3026; x_wconf 89' lang='lat' dir='ltr'>et</span> <span class='ocrx_word' id='word_1_193' title='bbox 1145 2961 1330 3046; x_wconf 85' lang='lat' dir='ltr'>privilegiis</span> <span class='ocrx_word' id='word_1_194' title='bbox 1353 2961 1491 3026; x_wconf 84' lang='lat' dir='ltr'>fruantur</span> 
     </span>
     <span class='ocr_line' id='line_1_28' title="bbox 394 3063 1124 3149; baseline 0 -18"><span class='ocrx_word' id='word_1_195' title='bbox 394 3065 553 3131; x_wconf 88' lang='lat' dir='ltr'>omnibus</span> <span class='ocrx_word' id='word_1_196' title='bbox 565 3063 686 3149; x_wconf 87' lang='lat' dir='ltr'>quibus</span> <span class='ocrx_word' id='word_1_197' title='bbox 697 3063 745 3129; x_wconf 94' lang='lat' dir='ltr'>illi</span> <span class='ocrx_word' id='word_1_198' title='bbox 760 3064 904 3131; x_wconf 86' lang='lat' dir='ltr'>antehac</span> <span class='ocrx_word' id='word_1_199' title='bbox 919 3063 1124 3131; x_wconf 85' lang='lat' dir='ltr'>fruebantur.</span> 
     </span>
     <span class='ocr_line' id='line_1_29' title="bbox 242 3167 1490 3254; baseline -0.001 -28"><span class='ocrx_word' id='word_1_200' title='bbox 242 3179 371 3253; x_wconf 60' lang='lat' dir='ltr'>erasnm·</span> <span class='ocrx_word' id='word_1_201' title='bbox 439 3168 501 3235; x_wconf 88' lang='lat' dir='ltr'>IV.</span> <span class='ocrx_word' id='word_1_202' title='bbox 517 3167 626 3234; x_wconf 85' lang='lat' dir='ltr'>iidem</span> <span class='ocrx_word' id='word_1_203' title='bbox 641 3187 721 3233; x_wconf 87' lang='lat' dir='ltr'>vero</span> <span class='ocrx_word' id='word_1_204' title='bbox 738 3167 933 3252; x_wconf 86' lang='lat' dir='ltr'>Praepositi,</span> <span class='ocrx_word' id='word_1_205' title='bbox 947 3169 981 3234; x_wconf 94' lang='lat' dir='ltr'>in</span> <span class='ocrx_word' id='word_1_206' title='bbox 993 3169 1035 3234; x_wconf 91' lang='lat' dir='ltr'>iis</span> <span class='ocrx_word' id='word_1_207' title='bbox 1050 3188 1185 3253; x_wconf 87' lang='lat' dir='ltr'>quoque</span> <span class='ocrx_word' id='word_1_208' title='bbox 1201 3167 1300 3234; x_wconf 86' lang='lat' dir='ltr'>rebus</span> <span class='ocrx_word' id='word_1_209' title='bbox 1311 3186 1401 3254; x_wconf 86' lang='lat' dir='ltr'>quae</span> <span class='ocrx_word' id='word_1_210' title='bbox 1421 3169 1490 3230; x_wconf 89' lang='lat' dir='ltr'>sunt</span> 
     </span>
     <span class='ocr_line' id='line_1_30' title="bbox 217 3241 1491 3360; baseline -0.007 -21"><span class='ocrx_word' id='word_1_211' title='bbox 217 3241 299 3344; x_wconf 55' lang='lat' dir='ltr'>m</span> <span class='ocrx_word' id='word_1_212' title='bbox 308 3257 370 3360; x_wconf 52' lang='lat'>512]</span> <span class='ocrx_word' id='word_1_213' title='bbox 394 3275 437 3339; x_wconf 91' lang='lat' dir='ltr'>ad</span> <span class='ocrx_word' id='word_1_214' title='bbox 455 3271 630 3338; x_wconf 85' lang='lat' dir='ltr'>missiones</span> <span class='ocrx_word' id='word_1_215' title='bbox 646 3279 680 3338; x_wconf 91' lang='lat' dir='ltr'>et</span> <span class='ocrx_word' id='word_1_216' title='bbox 703 3270 940 3350; x_wconf 88' lang='lat' dir='ltr'>missionarios,</span> <span class='ocrx_word' id='word_1_217' title='bbox 956 3271 1105 3338; x_wconf 88' lang='lat' dir='ltr'>Praesidi</span> <span class='ocrx_word' id='word_1_218' title='bbox 1129 3273 1277 3357; x_wconf 81' lang='lat' dir='ltr'>generali</span> <span class='ocrx_word' id='word_1_219' title='bbox 1293 3272 1491 3352; x_wconf 89' lang='lat' dir='ltr'>consilioque</span> 
     </span>
     <span class='ocr_line' id='line_1_31' title="bbox 217 3357 1490 3466; baseline -0.005 -25"><span class='ocrx_word' id='word_1_220' title='bbox 217 3357 369 3466; x_wconf 49' lang='lat' dir='ltr'>ffimfiss&#39;jg</span> <span class='ocrx_word' id='word_1_221' title='bbox 393 3375 464 3442; x_wconf 90' lang='lat' dir='ltr'>eius</span> <span class='ocrx_word' id='word_1_222' title='bbox 476 3374 545 3442; x_wconf 90' lang='lat' dir='ltr'>sint</span> <span class='ocrx_word' id='word_1_223' title='bbox 558 3375 651 3441; x_wconf 91' lang='lat' dir='ltr'>dicto</span> <span class='ocrx_word' id='word_1_224' title='bbox 662 3374 838 3441; x_wconf 87' lang='lat' dir='ltr'>audientes</span> <span class='ocrx_word' id='word_1_225' title='bbox 856 3397 865 3456; x_wconf 86' lang='lat'><strong>;</strong></span> <span class='ocrx_word' id='word_1_226' title='bbox 887 3395 1006 3460; x_wconf 84' lang='lat' dir='ltr'>neque,</span> <span class='ocrx_word' id='word_1_227' title='bbox 1022 3375 1085 3440; x_wconf 95' lang='lat' dir='ltr'>nisi</span> <span class='ocrx_word' id='word_1_228' title='bbox 1098 3377 1281 3443; x_wconf 87' lang='lat' dir='ltr'>scientibus</span> <span class='ocrx_word' id='word_1_229' title='bbox 1297 3377 1364 3442; x_wconf 89' lang='lat' dir='ltr'>illis</span> <span class='ocrx_word' id='word_1_230' title='bbox 1375 3384 1409 3441; x_wconf 90' lang='lat' dir='ltr'>et</span> <span class='ocrx_word' id='word_1_231' title='bbox 1419 3387 1490 3438; x_wconf 88' lang='lat' dir='ltr'>con·</span> 
     </span>
     <span class='ocr_line' id='line_1_32' title="bbox 216 3475 1400 3557; baseline 0 -13"><span class='ocrx_word' id='word_1_232' title='bbox 216 3483 311 3536; x_wconf 59' lang='lat'>{⁹⁶⁸1-</span> <span class='ocrx_word' id='word_1_233' title='bbox 393 3475 625 3557; x_wconf 87' lang='lat' dir='ltr'>sentientibus,</span> <span class='ocrx_word' id='word_1_234' title='bbox 641 3477 843 3544; x_wconf 83' lang='lat' dir='ltr'>monachum</span> <span class='ocrx_word' id='word_1_235' title='bbox 860 3477 966 3544; x_wconf 88' lang='lat' dir='ltr'>ullum</span> <span class='ocrx_word' id='word_1_236' title='bbox 983 3478 1199 3544; x_wconf 90' lang='lat' dir='ltr'>missionibus</span> <span class='ocrx_word' id='word_1_237' title='bbox 1219 3479 1400 3546; x_wconf 85' lang='lat' dir='ltr'>destinent</span> 
     </span>
     <span class='ocr_line' id='line_1_33' title="bbox 437 3580 1492 3665; baseline 0.005 -20"><span class='ocrx_word' id='word_1_238' title='bbox 437 3580 482 3648; x_wconf 90' lang='lat' dir='ltr'>V.</span> <span class='ocrx_word' id='word_1_239' title='bbox 506 3582 643 3647; x_wconf 86' lang='lat' dir='ltr'>Praescs</span> <span class='ocrx_word' id='word_1_240' title='bbox 665 3581 829 3665; x_wconf 80' lang='lat' dir='ltr'>generalis</span> <span class='ocrx_word' id='word_1_241' title='bbox 852 3588 887 3646; x_wconf 91' lang='lat' dir='ltr'>et</span> <span class='ocrx_word' id='word_1_242' title='bbox 918 3581 1096 3649; x_wconf 89' lang='lat' dir='ltr'>consilium</span> <span class='ocrx_word' id='word_1_243' title='bbox 1130 3581 1202 3648; x_wconf 89' lang='lat' dir='ltr'>eius</span> <span class='ocrx_word' id='word_1_244' title='bbox 1237 3582 1322 3650; x_wconf 91' lang='lat' dir='ltr'>dent</span> <span class='ocrx_word' id='word_1_245' title='bbox 1354 3593 1492 3665; x_wconf 61' lang='lat' dir='ltr'>operam,</span> 
     </span>
     <span class='ocr_line' id='line_1_34' title="bbox 342 3683 1490 3754; baseline -0.007 -2"><span class='ocrx_word' id='word_1_246' title='bbox 342 3739 370 3752; x_wconf 90' lang='lat'>..</span> <span class='ocrx_word' id='word_1_247' title='bbox 393 3694 431 3749; x_wconf 90' lang='lat' dir='ltr'>ut</span> <span class='ocrx_word' id='word_1_248' title='bbox 453 3684 684 3751; x_wconf 88' lang='lat' dir='ltr'>adolescentes</span> <span class='ocrx_word' id='word_1_249' title='bbox 706 3685 834 3752; x_wconf 89' lang='lat' dir='ltr'>alumni</span> <span class='ocrx_word' id='word_1_250' title='bbox 857 3685 900 3750; x_wconf 89' lang='lat' dir='ltr'>ad</span> <span class='ocrx_word' id='word_1_251' title='bbox 924 3685 1095 3753; x_wconf 89' lang='lat' dir='ltr'>doctrinas</span> <span class='ocrx_word' id='word_1_252' title='bbox 1118 3696 1153 3754; x_wconf 89' lang='lat' dir='ltr'>ct</span> <span class='ocrx_word' id='word_1_253' title='bbox 1176 3686 1382 3754; x_wconf 85' lang='lat' dir='ltr'>monasticas</span> <span class='ocrx_word' id='word_1_254' title='bbox 1396 3683 1490 3748; x_wconf 84' lang='lat' dir='ltr'>virtu·</span> 
     </span>
    </p>
   </div>
   <div class='ocr_carea' id='block_1_6' title="bbox 216 3740 1491 3874">
    <p class='ocr_par' dir='ltr' id='par_1_7' title="bbox 216 3740 1491 3874">
     <span class='ocr_line' id='line_1_35' title="bbox 216 3740 1491 3874; baseline 0.006 -31"><span class='ocrx_word' id='word_1_255' title='bbox 216 3740 369 3860; x_wconf 40' lang='lat' dir='ltr'>nimii}</span> <span class='ocrx_word' id='word_1_256' title='bbox 393 3797 444 3854; x_wconf 90' lang='lat' dir='ltr'>tes</span> <span class='ocrx_word' id='word_1_257' title='bbox 467 3789 597 3854; x_wconf 86' lang='lat' dir='ltr'>ratione</span> <span class='ocrx_word' id='word_1_258' title='bbox 618 3789 817 3873; x_wconf 80' lang='lat' dir='ltr'>gravissima</span> <span class='ocrx_word' id='word_1_259' title='bbox 837 3789 1080 3857; x_wconf 87' lang='lat' dir='ltr'>instituantur:</span> <span class='ocrx_word' id='word_1_260' title='bbox 1103 3808 1212 3874; x_wconf 87' lang='lat' dir='ltr'>neque</span> <span class='ocrx_word' id='word_1_261' title='bbox 1226 3789 1448 3868; x_wconf 83' lang='lat' dir='ltr'>committant,</span> <span class='ocrx_word' id='word_1_262' title='bbox 1459 3788 1491 3845; x_wconf 84' lang='lat' dir='ltr'>ut</span> 
     </span>
    </p>
   </div>
   <div class='ocr_carea' id='block_1_7' title="bbox 217 3860 1491 4392">
    <p class='ocr_par' dir='ltr' id='par_1_8' title="bbox 217 3860 1491 4289">
     <span class='ocr_line' id='line_1_36' title="bbox 217 3860 1489 3978; baseline -0.004 -19"><span class='ocrx_word' id='word_1_263' title='bbox 217 3860 368 3970; x_wconf 47' lang='lat' dir='ltr'>imi?</span> <span class='ocrx_word' id='word_1_264' title='bbox 394 3893 571 3977; x_wconf 88' lang='lat' dir='ltr'>quisquam</span> <span class='ocrx_word' id='word_1_265' title='bbox 587 3891 763 3959; x_wconf 86' lang='lat' dir='ltr'>addicatur</span> <span class='ocrx_word' id='word_1_266' title='bbox 779 3893 1004 3974; x_wconf 89' lang='lat' dir='ltr'>missionibus,</span> <span class='ocrx_word' id='word_1_267' title='bbox 1017 3893 1112 3958; x_wconf 90' lang='lat' dir='ltr'>cuius</span> <span class='ocrx_word' id='word_1_268' title='bbox 1127 3914 1196 3959; x_wconf 93' lang='lat' dir='ltr'>non</span> <span class='ocrx_word' id='word_1_269' title='bbox 1211 3892 1422 3978; x_wconf 87' lang='lat' dir='ltr'>exploratam</span> <span class='ocrx_word' id='word_1_270' title='bbox 1437 3886 1489 3951; x_wconf 74' lang='lat' dir='ltr'>ha·</span> 
     </span>
     <span class='ocr_line' id='line_1_37' title="bbox 394 3983 1491 4079; baseline -0.005 -17"><span class='ocrx_word' id='word_1_271' title='bbox 394 3997 526 4062; x_wconf 90' lang='lat' dir='ltr'>buerint</span> <span class='ocrx_word' id='word_1_272' title='bbox 555 3996 599 4062; x_wconf 91' lang='lat' dir='ltr'>ad</span> <span class='ocrx_word' id='word_1_273' title='bbox 627 3996 661 4061; x_wconf 92' lang='lat' dir='ltr'>id</span> <span class='ocrx_word' id='word_1_274' title='bbox 689 4017 810 4064; x_wconf 88' lang='lat' dir='ltr'>munus</span> <span class='ocrx_word' id='word_1_275' title='bbox 841 3996 989 4064; x_wconf 89' lang='lat' dir='ltr'>indolem</span> <span class='ocrx_word' id='word_1_276' title='bbox 1019 4007 1054 4063; x_wconf 88' lang='lat' dir='ltr'>et</span> <span class='ocrx_word' id='word_1_277' title='bbox 1084 3995 1317 4066; x_wconf 79' lang='lat' dir='ltr'>facultatem:</span> <span class='ocrx_word' id='word_1_278' title='bbox 1353 3983 1491 4079; x_wconf 84' lang='lat' dir='ltr'>quodsi</span> 
     </span>
     <span class='ocr_line' id='line_1_38' title="bbox 392 4097 1490 4183; baseline -0.005 -18"><span class='ocrx_word' id='word_1_279' title='bbox 392 4099 520 4165; x_wconf 90' lang='lat' dir='ltr'>alumni</span> <span class='ocrx_word' id='word_1_280' title='bbox 535 4098 647 4166; x_wconf 90' lang='lat' dir='ltr'>desint</span> <span class='ocrx_word' id='word_1_281' title='bbox 662 4099 784 4179; x_wconf 91' lang='lat' dir='ltr'>idonei,</span> <span class='ocrx_word' id='word_1_282' title='bbox 799 4119 858 4183; x_wconf 89' lang='lat' dir='ltr'>per</span> <span class='ocrx_word' id='word_1_283' title='bbox 873 4098 1014 4166; x_wconf 80' lang='lat' dir='ltr'>vicarios</span> <span class='ocrx_word' id='word_1_284' title='bbox 1044 4119 1064 4164; x_wconf 92' lang='lat' dir='ltr'>e</span> <span class='ocrx_word' id='word_1_285' title='bbox 1094 4098 1184 4167; x_wconf 90' lang='lat' dir='ltr'>clero</span> <span class='ocrx_word' id='word_1_286' title='bbox 1214 4109 1357 4168; x_wconf 85' lang='lat' dir='ltr'>externo</span> <span class='ocrx_word' id='word_1_287' title='bbox 1382 4097 1490 4162; x_wconf 85' lang='lat' dir='ltr'>curent</span> 
     </span>
     <span class='ocr_line' id='line_1_39' title="bbox 394 4205 632 4289; baseline 0.004 -20"><span class='ocrx_word' id='word_1_288' title='bbox 394 4205 632 4289; x_wconf 90' lang='lat' dir='ltr'>supplendum.</span> 
     </span>
    </p>

    <p class='ocr_par' dir='ltr' id='par_1_9' title="bbox 436 4304 1488 4392">
     <span class='ocr_line' id='line_1_40' title="bbox 436 4304 1488 4392; baseline -0.008 -18"><span class='ocrx_word' id='word_1_289' title='bbox 436 4307 498 4374; x_wconf 90' lang='lat' dir='ltr'>VI.</span> <span class='ocrx_word' id='word_1_290' title='bbox 512 4307 649 4373; x_wconf 85' lang='lat' dir='ltr'>Praeses</span> <span class='ocrx_word' id='word_1_291' title='bbox 661 4305 835 4392; x_wconf 83' lang='lat' dir='ltr'>generalis,</span> <span class='ocrx_word' id='word_1_292' title='bbox 846 4307 978 4375; x_wconf 91' lang='lat' dir='ltr'>collatis</span> <span class='ocrx_word' id='word_1_293' title='bbox 992 4306 1141 4374; x_wconf 88' lang='lat' dir='ltr'>consiliis</span> <span class='ocrx_word' id='word_1_294' title='bbox 1156 4329 1233 4374; x_wconf 89' lang='lat' dir='ltr'>cum</span> <span class='ocrx_word' id='word_1_295' title='bbox 1261 4304 1488 4374; x_wconf 86' lang='lat' dir='ltr'>coenobiorum</span> 
     </span>
    </p>
   </div>
   <div class='ocr_carea' id='block_1_8' title="bbox 396 4409 1488 4495">
    <p class='ocr_par' dir='ltr' id='par_1_10' title="bbox 396 4409 1488 4495">
     <span class='ocr_line' id='line_1_41' title="bbox 396 4409 1488 4495; baseline -0.002 -22"><span class='ocrx_word' id='word_1_296' title='bbox 396 4409 608 4492; x_wconf 86' lang='lat' dir='ltr'>Praepositis,</span> <span class='ocrx_word' id='word_1_297' title='bbox 623 4410 799 4494; x_wconf 76' lang='lat' dir='ltr'>provideat</span> <span class='ocrx_word' id='word_1_298' title='bbox 825 4411 1113 4495; x_wconf 86' lang='lat' dir='ltr'>quemadmodum</span> <span class='ocrx_word' id='word_1_299' title='bbox 1142 4411 1488 4492; x_wconf 84' lang='lat' dir='ltr'>missionariiquotau·</span> 
     </span>
    </p>
   </div>
   <div class='ocr_carea' id='block_1_9' title="bbox 0 0 1648 4868">
    <p class='ocr_par' dir='ltr' id='par_1_11' title="bbox 0 0 1648 4868">
     <span class='ocr_line' id='line_1_42' title="bbox 0 0 1648 4868; baseline 0 0"><span class='ocrx_word' id='word_1_300' title='bbox 0 0 1648 4868; x_wconf 95' lang='lat' dir='ltr'> </span> 
     </span>
    </p>
   </div>
  </div>
 </body>
</html>
