3230 4874
147 397 199 448 DE
219 395 400 448 SEMINAR.
421 395 493 446 PRO
512 395 641 447 ITALIA
659 395 788 447 SUPER.
810 396 941 446 ROMAE
959 394 1131 446 CONSTIT.
1171 394 1212 445 12
1218 391 1237 464 5

129 573 250 640 militia
266 574 450 652 iuvenibus,
465 585 502 640 ut
516 572 632 639 oblata
647 575 901 658 opportunitate
917 573 1059 658 impigre
1084 580 1241 637 utantur:
1275 576 1415 666 πέζῃ

127 679 296 762 simulque
319 698 379 762 spe
403 678 565 756 ducimur,
589 677 720 762 piorum
746 678 892 743 virorum
920 677 1156 742 liberalitatem
1173 693 1240 741 non
1311 675 1377 732 ¹⁸⁹⁰·

128 785 321 851 defuturam
337 782 379 847 ad
392 781 469 847 novi
479 782 648 847 seminarii
664 781 877 865 praesidium,
887 780 1036 866 fulgente
1045 779 1240 865 praesertim
1257 783 1421 854 stabianus

128 888 294 953 maiorum
326 884 494 968 exemplo,
524 885 581 969 qui
612 884 693 950 olim
725 886 768 949 ad
800 883 933 968 collegii
967 883 1170 949 erectionem
1208 890 1242 945 et
1263 851 1418 950 mma*

128 991 281 1066 tutelam‚
305 987 446 1054 illustria
469 1008 549 1054 suae
581 985 823 1053 beneficentiae
853 996 1075 1054 monumenta
1102 985 1242 1069 relique-

129 1102 215 1156 runt

174 1195 301 1262 Omnia
316 1197 452 1260 demum
477 1214 565 1278 quae
589 1194 680 1258 hisce
707 1193 828 1258 litteris
855 1192 990 1258 Nostris
1013 1191 1193 1258 statuimus
1209 1201 1243 1256 et

130 1298 374 1363 declaravimus
401 1307 474 1364 rata
499 1317 539 1362 ac
566 1295 662 1362 firma
689 1298 738 1361 uti
763 1307 852 1376 sunt,
867 1297 915 1362 ita
930 1297 965 1360 in
981 1305 1153 1380 posterum
1170 1313 1243 1358 esse

130 1402 285 1468 uolumus
300 1423 339 1466 ac
355 1402 518 1480 iubemus,
537 1401 666 1465 irritum
683 1411 717 1466 et
733 1402 832 1465 inane
849 1401 998 1466 futurum
1014 1402 1243 1474 decernentes,

129 1508 156 1572 si
172 1508 254 1590 quid
271 1527 370 1590 super
384 1506 438 1570 his
453 1525 473 1570 a
487 1525 660 1590 quoquam
676 1507 854 1589 contigerit
882 1504 1051 1583 attentari,
1067 1503 1243 1569 contrariis

126 1610 397 1694 quibuscumque
413 1629 480 1674 non
496 1608 722 1674 obstantibus.

175 1713 303 1778 Datum
335 1713 467 1777 Romae
497 1713 587 1795 apud
621 1711 655 1778 S.
685 1713 820 1777 Petrum
852 1712 916 1776 sub
939 1711 1042 1775 anulo
1065 1710 1244 1776 Piscatoris

131 1818 187 1883 die
214 1831 250 1898 15
270 1817 466 1883 Decembris
493 1819 586 1898 1890,
611 1817 831 1882 Pontificatus
856 1817 974 1881 Nostri
999 1835 1089 1882 anno
1112 1817 1245 1882 decimo

132 1922 243 1986 tertio.

569 2006 616 2071 M.
640 2007 756 2072 Cano.
781 2004 1157 2072 LEDOCHOWSKI.
