3172 4874
432 363 499 451 196
576 377 765 430 trasenna
784 377 940 428 sueves.
965 363 984 391 ‘⁴
998 377 1132 428 annun
1153 373 1337 426 uovnnuar
1351 407 1370 434 „

429 493 550 502 ——-—
868 490 958 496 ———
966 491 988 496 --

248 575 329 632 notes·
342 575 397 632 ,wr-
424 573 559 621 omnem
576 553 748 618 convictus
764 554 941 618 domestici
962 553 1173 636 disciplinam
1190 578 1197 618 :
1220 551 1385 616 observari
1404 560 1433 612 et
1448 547 1491 610 coli

240 629 395 740 Jssssfffl'
424 657 645 740 religionem:
680 655 796 721 florere
828 657 983 739 privatim
1008 678 1046 722 ac
1070 657 1202 739 publice
1225 675 1335 720 mores
1357 655 1491 734 integros:

246 747 334 852 ξζζῖ,1
351 741 398 800 '¹⁰'
424 773 575 828 sanctam
600 761 733 825 retineri
761 763 932 840 iustitiam,
955 782 1017 826 uec
1039 761 1162 827 alteros
1188 761 1232 824 ab
1255 760 1368 824 alteris
1392 759 1491 840 impune

423 868 562 933 violari:
585 865 715 931 validos
738 867 929 932 adolescere
953 867 1051 945 cives,
1071 867 1236 931 iuvandae
1252 861 1491 944 curandaequesi

424 993 474 1040 res
490 973 647 1058 postulet,
662 972 788 1036 civitati
805 973 953 1036 idoneos
972 971 1202 1055 Quamobrem
1220 971 1248 1036 si
1264 971 1399 1054 quando
1412 967 1491 1042 fiacut

422 1079 596 1162 quippiam
626 1076 800 1142 turbarum
824 1075 1019 1158 impendeat
1042 1077 1087 1142 ob
1117 1075 1343 1140 secessionem
1368 1071 1492 1156 opificum.

423 1190 482 1246 aut
499 1179 705 1244 intermissas
721 1199 765 1242 ex
781 1179 971 1261 composito
987 1199 1130 1262 operas:
1153 1189 1190 1242 ut
1207 1177 1374 1242 naturalia
1387 1174 1491 1240 familie

423 1304 513 1349 nexa
536 1284 625 1366 apud
655 1281 851 1364 proletarios
875 1283 1091 1347 relaxentur:
1108 1293 1146 1348 ut
1170 1283 1289 1367 religio
1314 1283 1347 1346 in
1362 1279 1492 1363 opificibus

423 1387 564 1452 violetur
580 1406 648 1450 non
664 1385 745 1450 satis
762 1385 987 1468 impertiendo
1002 1387 1177 1452 commodi
1199 1388 1243 1451 ad
1256 1385 1369 1451 officia
1383 1383 1491 1468 pietatis:

423 1493 450 1556 si
467 1491 650 1576 periculum
676 1492 709 1556 in
734 1489 875 1556 officinis
891 1491 1078 1575 integritati
1106 1511 1235 1557 morum
1257 1493 1391 1576 ingruat
1407 1512 1424 1554 a
1440 1507 1491 1552 sexu

423 1597 622 1680 promiscuo,
648 1595 762 1658 aliisve
786 1595 980 1677 perniciosis
1009 1597 1240 1661 invitamentis
1272 1595 1442 1680 peccandi:
1458 1602 1491 1654 an

274 1717 336 1762 nnn
347 1716 397 1760 asr-
423 1699 582 1783 opificum
609 1699 762 1764 ordinem
778 1700 890 1764 herilis
906 1701 990 1764 ordo
1007 1701 1135 1784 iniquis
1151 1710 1283 1784 premat
1299 1701 1446 1768 oneribus,
1463 1694 1490 1754 nl

246 1791 397 1894 fflssm.
424 1802 540 1867 alienis
556 1821 576 1864 a
588 1821 732 1884 persona
743 1823 782 1866 ac
795 1803 961 1886 dignitate
974 1803 1125 1867 humana
1134 1804 1384 1868 conditionibus
1392 1799 1491 1880 affligat:

245 1897 398 2012 {fffls'ga
423 1908 451 1971 si
467 1905 650 1970 valetudini
670 1916 829 1970 noceatur
844 1927 945 1990 opere
960 1907 1159 1984 immodico,
1174 1927 1234 1972 nec
1251 1909 1296 1972 ad
1312 1926 1423 1972 sexum
1435 1914 1488 1964 aen

245 2014 399 2131 miili.
425 2021 535 2076 temve
551 2011 817 2088 ³00⁰fflffl0d²t02
833 2011 932 2075 bisin
953 2011 1082 2076 caussis
1099 2012 1197 2095 plane
1212 2012 1411 2088 adhibenda,
1422 2017 1489 2070 cenos

248 2147 285 2185 ra,
304 2135 350 2202 rec
362 2132 399 2175 sn.
426 2127 513 2182 rntra
530 2115 621 2194 fines,
636 2117 686 2180 vis
702 2126 736 2180 et
751 2117 933 2182 auctoritas
950 2117 1074 2200 legum.
1091 2115 1185 2199 Quos
1209 2115 1293 2180 fines
1309 2117 1426 2188 eadem,
1438 2128 1488 2192 qul!

248 2197 368 2312 m?
427 2222 538 2306 legum
556 2222 663 2305 poscit
678 2241 787 2304 opem,
802 2241 921 2285 caussa
935 2220 1161 2286 determinat:
1182 2221 1341 2286 videlicet
1360 2239 1419 2284 non
1433 2217 1489 2297 plura

427 2325 640 2407 suscipienda
655 2324 795 2407 legibus,
807 2345 868 2389 nec
884 2326 971 2389 ultra
986 2324 1282 2408 progrediendum,
1295 2345 1392 2408 quam
1406 2323 1486 2386 incon·

428 2430 605 2494 modorum
622 2429 762 2506 sanatio,
778 2429 829 2492 vel
846 2430 983 2512 periculi
1001 2429 1155 2512 depulsio
1169 2433 1326 2514 requirat.

256 2559 403 2629 unumqui-
477 2533 553 2596 lura
577 2533 723 2616 quidem,
740 2533 771 2595 in
788 2551 1001 2615 quocumque
1024 2535 1100 2610 sint,
1119 2543 1235 2597 sancte
1256 2532 1487 2598 servandam:

255 2628 314 2680 dm·
344 2636 406 2696 W·
431 2646 533 2719 atque
545 2647 582 2700 ut
597 2655 694 2700 suum
708 2635 829 2716 singuli
843 2645 989 2713 teneant,
1001 2636 1104 2700 debet
1120 2645 1269 2719 potestas
1284 2623 1488 2720 publicapmi·

246 2697 395 2807 2⁶:202?
432 2739 519 2814 dere,
546 2737 780 2820 propulsandis
807 2745 909 2820 atque
925 2738 1125 2802 ulciscendis
1149 2738 1284 2804 iniuriis.
1303 2737 1374 2802 Nisi
1387 2727 1488 2818 quodie

253 2812 403 2912 ziam?
432 2843 512 2924 ipsis
528 2841 744 2924 protegendis
759 2843 965 2925 privatorum
983 2843 1119 2920 iuribus,
1144 2845 1323 2926 praecipue
1338 2851 1386 2906 est
1404 2835 1488 2903 inimo·

255 2927 324 2972 Μ
432 2964 505 3008 rum
522 2954 624 3027 atque
640 2945 779 3028 inopum
795 2946 951 3010 habenda
971 2947 1065 3010 ratio.
1082 2945 1257 3028 Siquidem
1273 2947 1366 3010 natio
1387 2939 1488 3008 divitum

433 3052 501 3113 suis
516 3059 611 3132 septa
638 3050 821 3130 praesidiis,
848 3052 958 3115 minus
977 3060 1055 3134 eget
1077 3049 1183 3115 tutela
1203 3051 1359 3134 publica:
1380 3047 1486 3112 miscnu

433 3155 562 3238 vulgus,
586 3153 685 3218 nullis
702 3155 822 3237 opibus
843 3155 911 3219 suis
934 3165 1055 3233 tutum,
1082 3157 1114 3220 in
1139 3157 1326 3239 patrocinio
1341 3146 1487 3236 reipublicae

435 3261 584 3326 maxime
601 3258 726 3324 nititur.
745 3257 911 3342 Quocirca
928 3263 1159 3339 mercenarios,
1174 3281 1250 3325 cum
1274 3263 1308 3325 in
1328 3249 1487 3324 multitudine

435 3384 541 3446 egena
573 3373 797 3440 numerentur,
827 3363 928 3426 debet
962 3383 1041 3428 cura
1076 3365 1352 3449 providentiaque
1379 3343 1488 3438 singulari

436 3467 613 3550 complecti
630 3465 826 3548 respublica

275 3597 396 3636 solpun-
480 3569 548 3634 Sed
565 3570 730 3652 quaedam
749 3569 882 3634 maioris
899 3573 1063 3635 momenti
1085 3581 1232 3654 praestat
1255 3566 1433 3636 nominatim
1445 3572 1487 3639 pel·

281 3659 391 3754 C‘ffl‘*
436 3671 780 3755 stringere—Caput
796 3681 908 3736 autem
926 3675 1139 3757 cst,imperio
1156 3697 1194 3740 ac
1205 3677 1401 3738 munimento
1414 3667 1485 3743 legun

261 3777 410 3886 grapa&
435 3776 536 3840 tutari
566 3775 713 3856 privatas
746 3775 973 3858 possessiones
1005 3787 1170 3859 oportere.
1197 3779 1453 3852 Potissimumque.
1469 3757 1486 3816 ll

260 3888 400 3958 ,sideralium
436 3889 532 3942 tanto
548 3879 615 3941 iam
631 3879 855 3960 cupiditatum
873 3879 1000 3956 ardore,
1022 3881 1226 3945 continenda
1253 3881 1285 3945 in
1302 3877 1397 3945 officio
1413 3863 1485 3952 plebs:

257 3948 411 4064 ffircsssv'rssf
435 4002 514 4045 nam
525 3982 552 4045 si
563 3983 606 4046 ad
619 3981 757 4046 meliora
769 3984 974 4046 contendere
984 4003 1184 4048 concessum
1198 3971 1485 4062 estnonrep11g¹¹l³¹¹¹e

199 4123 202 4130 ·
265 4071 343 4117 “m''
436 4086 571 4162 iustitia,
587 4094 622 4147 at
637 4087 742 4160 alteri,
758 4087 848 4167 quod
866 4105 963 4150 suum
980 4097 1041 4169 est,
1064 4088 1248 4166 detrahere,
1263 4109 1302 4152 ac
1319 4104 1372 4171 per
1385 4069 1482 4160 speciem

435 4185 600 4247 absurdae
616 4185 790 4248 cuiusdam
807 4186 1058 4268 aequabilitatis
1078 4188 1112 4250 in
1137 4187 1288 4253 fortunas
1302 4187 1408 4252 alienas
1423 4174 1481 4234 fssl0·

436 4286 513 4360 lare,
528 4285 654 4349 iustitia
670 4297 771 4364 vetat,
791 4309 851 4350 nec
870 4289 942 4371 ipsa
958 4289 1149 4354 communis
1174 4292 1325 4356 utilitatis
1343 4285 1409 4351 ratio
1425 4267 1479 4336 sinit

437 4385 565 4466 Utique
586 4407 663 4466 pass
686 4389 843 4468 opificum
868 4391 967 4474 longe
984 4393 1135 4458 maxima
1150 4415 1201 4458 res
1221 4395 1366 4460 meliores
1385 4381 1478 4448 honesto
