3194 4872
385 377 434 447 30
582 377 761 429 urusrota
789 365 811 394 ‘⁴
829 378 979 428 orrrcro
1006 376 1255 430 saucrrssnro
1274 411 1294 438 .,

226 579 336 624 aarum
384 561 563 644 proborum
580 561 727 625 sollertia
744 561 886 625 multum
904 561 1036 636 valebit,
1049 571 1120 626 tum
1137 563 1164 625 si
1192 562 1342 626 laborent
1359 569 1395 622 ut
1410 559 1482 622 reli-

201 640 358 756 {sslffssssl
384 667 492 747 gionis
518 665 671 729 doctrina
687 687 754 729 non
778 667 886 730 solum
913 688 932 730 e
952 666 1076 730 scholis
1097 666 1162 730 illis
1187 687 1252 730 non
1280 666 1483 740 exturbetur,

208 759 357 802 vircorrunr-

204 823 307 879 μήν,
384 771 452 845 sed,
464 789 529 847 quo
553 790 613 852 par
627 779 687 846 est,
700 769 773 834 loco
804 781 947 847 maneat,
963 781 1164 854 maneatque
1194 773 1284 853 apud
1309 772 1483 853 magistros

385 876 524 938 idoneos
538 884 573 936 et
588 885 758 956 spectatae
773 876 915 953 virtutis,
930 887 1001 940 tum
1018 875 1045 938 si
1060 877 1126 939 alia
1142 877 1307 958 quaedam
1321 874 1484 957 praesidia

385 978 558 1041 inveniant
572 987 606 1040 et
621 989 826 1061 comparent,
841 980 962 1061 quibus
977 999 1017 1042 ea
1033 980 1105 1061 ipsa
1129 979 1281 1042 doctrina
1297 978 1484 1060 incorrupte

230 1099 359 1156 sausque
384 1094 418 1146 et
440 1083 617 1146 commode
634 1081 797 1146 iuventuti
814 1085 1084 1166 impertiatur-
1100 1083 1273 1148 Valebunt
1288 1093 1400 1146 autem
1413 1101 1484 1164 per-

207 1163 359 1278 {Jssrf’iss
385 1186 527 1249 multum
553 1185 691 1250 consilia
721 1197 755 1251 et
779 1207 881 1270 opera
913 1187 1191 1268 patrumfamilias
1220 1186 1355 1249 sociata
1372 1183 1484 1267 Quare

207 1281 359 1393 ᾗῇζξᾝῖζ
383 1311 468 1374 opus
484 1299 535 1352 est
544 1291 775 1354 admonitione
788 1293 830 1355 ad
841 1312 899 1355 eos
914 1303 947 1355 et
957 1292 1147 1356 hortatione
1156 1301 1283 1374 quanta
1299 1289 1367 1353 fieri
1378 1290 1483 1371 possit

208 1399 264 1442 rus.
382 1394 598 1476 gravissima:
613 1394 716 1456 velint
744 1397 1017 1472 animadvertere,
1029 1415 1130 1478 quam
1152 1414 1275 1477 magna
1301 1404 1486 1476 sanctaque

381 1497 491 1563 officia
502 1498 565 1561 sibi
581 1517 656 1560 cum
674 1498 750 1562 Deo
767 1499 974 1563 intercedant
996 1500 1039 1564 de
1055 1499 1166 1562 liberis
1182 1500 1271 1576 suis;
1287 1506 1324 1560 ut
1341 1498 1485 1560 scientes

381 1601 559 1684 religionis,
575 1601 661 1664 bene
688 1613 845 1680 moratos,
861 1603 971 1667 Deum
990 1605 1043 1685 pie
1059 1603 1206 1667 colentes
1221 1603 1362 1666 educare
1384 1599 1485 1664 debe·

381 1711 440 1766 ant
455 1722 463 1778 ;
476 1712 512 1764 ut
529 1700 652 1764 faciant
667 1702 840 1780 damnose,
856 1705 882 1765 si
910 1714 1055 1767 aetatem
1078 1703 1247 1767 credulam
1264 1711 1299 1766 et
1313 1701 1484 1766 incautam

229 1851 355 1895 aarum
381 1806 543 1886 suspectis
569 1792 841 1886 praeceptoribus
865 1807 898 1871 in
927 1808 1104 1870 discrimen
1131 1805 1353 1870 committant.
1382 1803 1488 1866 Hisce

206 1911 235 1955 de
274 1910 356 1976 ruere
382 1911 414 1970 in
431 1907 556 1983 officiis,
571 1906 670 1970 simul
686 1928 761 1971 curn
787 1910 1017 1992 procreatione
1043 1909 1221 1972 liberorum
1237 1908 1412 1990 susceptis,
1428 1927 1487 1969 no·

208 1973 356 2072 ifrbalnsllf
381 2012 489 2076 verint
516 2011 781 2093 patresfamilias,
796 2015 937 2078 totidem
967 2013 1038 2076 iura
1064 2014 1172 2077 inesse
1187 2013 1371 2076 secundum
1389 2021 1487 2074 natu-

206 2087 350 2132 reddendam
629 2114 636 2129 .
1015 2119 1022 2131 .
1150 2118 1157 2131 .
1303 2117 1311 2130 .
1430 2117 1438 2129 .
1467 2119 1474 2130 .

208 2147 293 2190 „rm
383 2139 453 2182 ram
480 2126 514 2180 et
540 2125 754 2196 aequitatem,
772 2125 873 2199 atque
894 2139 967 2181 esse
993 2118 1167 2196 eiusmodi,
1187 2118 1230 2180 de
1254 2114 1375 2198 quibus
1403 2115 1487 2180 nrhrl

382 2221 480 2284 liceat
496 2219 559 2282 sibi
575 2219 753 2297 remittere,
769 2221 850 2283 nihil
867 2222 971 2284 cuivis
986 2221 1161 2284 hominum
1194 2221 1354 2302 potestati
1385 2219 1488 2283 liceat

382 2323 565 2400 detrahere,
591 2342 705 2405 quum,
729 2322 846 2388 officiis
872 2325 955 2388 solvi
982 2324 1103 2407 quibus
1127 2323 1230 2386 homo
1246 2331 1414 2386 teneatur
1445 2325 1489 2387 ad

383 2428 504 2506 Deum,
519 2430 562 2491 sit
574 2449 632 2512 per
643 2430 813 2493 hominem
830 2429 932 2493 nefas.
945 2430 1022 2492 Hoc
1038 2430 1139 2511 igitur
1151 2439 1306 2512 parentes
1320 2437 1491 2510 reputent,

382 2553 418 2596 se
449 2553 608 2616 magnum
633 2533 768 2616 quidem
796 2554 880 2597 onus
910 2553 1025 2616 gerere
1051 2534 1095 2597 de
1125 2533 1303 2597 liberorum
1335 2532 1496 2610 tuitione,

385 2635 489 2698 multo
505 2648 617 2700 tamen
631 2656 745 2720 gerere
761 2639 877 2715 maius,
888 2647 925 2701 ut
938 2657 995 2700 eos
1011 2637 1054 2701 ad
1071 2636 1242 2701 meliorem
1255 2636 1492 2720 potioremque

384 2741 496 2816 vitam,
511 2760 597 2822 quae
612 2741 800 2804 animorum
817 2751 876 2818 est,
891 2743 1056 2806 educant:
1073 2742 1163 2824 quod
1200 2740 1256 2804 ubi
1281 2760 1340 2821 per
1363 2761 1399 2803 se
1427 2741 1492 2822 ipsi

383 2852 551 2926 praestare
564 2853 740 2924 nequeant,
756 2861 851 2906 suum
868 2864 1003 2926 prorsus
1013 2864 1086 2907 esse
1097 2843 1221 2908 vicaria
1231 2863 1332 2926 opera
1344 2841 1491 2906 aliorum

383 2957 561 3029 praestare,
586 2946 632 3009 ita
677 2955 714 3009 ut
759 2949 979 3012 necessariam
1021 2946 1192 3028 religionis
1222 2947 1410 3010 doctrinam
1446 2967 1492 3010 ex

208 3111 252 3156 M
269 3111 358 3156 mm
384 3051 551 3132 magistris
582 3050 731 3132 probatis
755 3051 894 3116 audiant
924 3051 1017 3115 liberi
1049 3061 1083 3115 et
1102 3050 1295 3134 percipiant.
1315 3050 1387 3112 Iam
1404 3050 1492 3115 illud

209 3179 304 3214 neutras
321 3169 356 3212 vi-
385 3175 449 3218 non
467 3155 658 3236 infrequens
673 3163 725 3217 est
740 3155 935 3237 exemplum
948 3173 1028 3218 sane
1044 3153 1303 3238 pulcherrimum
1317 3151 1492 3235 religionis

209 3229 356 3332 “'lliligala‘
385 3257 706 3340 munificentiaeque,
730 3267 776 3334 ut,
805 3258 926 3340 quibus
954 3258 1035 3322 locis
1059 3256 1193 3320 scholae
1218 3256 1328 3320 nullae
1352 3255 1497 3340 publice

217 3348 349 3464 simis
384 3372 536 3446 paterent
561 3361 624 3427 nisi
651 3381 737 3446 quae
758 3371 891 3424 neutrae
907 3372 1077 3439 vocantur,
1092 3360 1247 3426 catholici
1263 3359 1323 3424 viri
1354 3361 1492 3440 magnis

204 3468 347 3583 pffljzf‘
384 3466 552 3530 laboribus
568 3476 601 3528 et
627 3465 816 3547 sumptibus
831 3464 1022 3547 aperuerint
1046 3475 1153 3528 certas
1168 3483 1255 3540 suas,
1270 3472 1304 3524 et
1319 3461 1391 3544 pari
1407 3479 1493 3524 con·

334 3558 339 3569 '
383 3571 507 3634 stantia
523 3578 718 3632 sustentent.
736 3569 909 3632 Praeclara
936 3569 1018 3631 haec
1050 3577 1082 3630 et
1113 3567 1281 3631 tutissima
1306 3564 1494 3629 iuventutis

384 3673 543 3757 perfugia,
559 3673 615 3735 ubi
631 3693 715 3754 opus
732 3681 791 3750 est,
807 3691 868 3754 pro
884 3691 992 3736 rerum
1003 3680 1037 3734 et
1053 3670 1200 3734 locorum
1212 3669 1405 3744 rationibus,
1421 3655 1493 3732 alia

382 3788 484 3860 atque
499 3775 564 3838 alia
576 3775 734 3839 constitui
755 3776 905 3839 maxime
920 3777 1117 3857 optandum.

428 3881 546 3963 Neque
563 3879 695 3943 silentio
709 3880 989 3960 praetereundum
1000 3888 1060 3956 est,
1075 3879 1290 3942 christianam
1305 3877 1502 3942 iuventutis

384 3985 627 4050 institutionem
655 3983 688 4046 in
717 3983 902 4046 maximam
927 3983 1031 4064 ipsius
1056 3982 1257 4065 reipublicae
1286 3980 1369 4044 verti
1399 3981 1495 4044 utili·

214 4161 219 4170 ,
249 4099 359 4167 Maxula
385 4101 498 4153 tatem.
514 4124 557 4134 -
574 4087 663 4151 Sane
680 4085 784 4168 liquet
810 4086 1065 4150 innumerabilia
1092 4095 1126 4149 et
1153 4084 1303 4167 ingentia
1317 4084 1447 4147 damna
1465 4086 1496 4148 ei

207 4163 360 4279 lll‘ffcsf'fl.
385 4193 510 4257 civitati
538 4191 719 4257 metuenda
743 4210 824 4267 esse,
851 4191 884 4253 in
910 4211 976 4272 qua
992 4189 1136 4255 docendi
1164 4188 1297 4252 ratioet
1313 4185 1497 4271 disciplina

211 4279 360 4336 ''as'‘m‘u'
385 4300 427 4362 sit
443 4316 564 4380 expers
581 4293 757 4376 religionis,
772 4303 840 4370 aut,
857 4295 945 4376 quod
962 4303 1013 4357 est
1035 4292 1190 4369 deterius,
1205 4292 1248 4354 ab
1264 4311 1304 4353 ea
1319 4289 1496 4356 dissideat.

210 4340 241 4382 t'r
262 4338 359 4382 instim-

210 4355 249 4442 ὲὺ·
388 4403 510 4467 Statim
528 4399 617 4462 enim
634 4418 672 4460 ac
699 4396 927 4480 posthabitum
945 4407 978 4462 et
994 4404 1224 4478 contemptum
1240 4394 1285 4457 sit
1296 4412 1496 4474 supremum
