3140 4866
449 399 569 450 ruoax
596 397 845 455 nuntiaretis.
1104 387 1175 478 285

140 635 245 688 nempe
267 617 388 689 antiqua
408 615 499 687 gloria
519 617 614 674 omnis
634 633 653 672 a
665 617 803 686 religione
815 619 960 676 catholica
974 621 1110 678 manabat
1191 617 1198 638 '

140 700 183 756 86.
198 728 232 738 -
247 699 343 769 Quare
363 696 519 767 pessimam
542 697 570 752 in
590 697 713 767 patriam
733 699 888 754 committit
903 699 1042 770 rapinam,
1061 704 1111 773 qui

139 795 204 836 eam
217 789 278 834 tarn
297 776 421 833 fecundo
442 777 577 833 thesauro
598 777 724 832 frustrari
745 778 913 847 aggreditur
924 779 968 847 87.
981 810 1017 822 -
1033 782 1109 838 Peri·

138 859 234 913 culum
256 857 358 927 ingens
379 873 398 910 a
421 855 573 912 socialistis
596 856 734 923 imminet,
748 873 821 928 quos
842 858 920 912 nulia
941 858 984 914 vis
1006 860 1111 931 poterit

139 937 286 993 continete
298 934 355 990 nisi
368 933 468 1004 religio
480 935 523 1002 87.
533 964 567 974 -
580 936 700 1004 Insuper
712 935 789 990 lucta
803 935 895 991 ltaliae
909 953 974 992 cum
984 939 1013 994 S.
1025 939 1110 1008 Sede,

139 1015 255 1086 politice
268 1013 355 1084 priori
368 1013 481 1068 funesta
501 1024 545 1068 est
568 1012 652 1070 valde
665 1013 708 1068 88.
721 1041 757 1052 -
770 1013 844 1070 Haec
857 1016 933 1070 lucta
947 1015 1023 1073 intus
1034 1017 1109 1072 scin·

140 1094 183 1150 dit
205 1093 302 1162 corda,
325 1092 417 1163 privat
441 1091 571 1148 ordinem
593 1091 700 1146 viribus
722 1092 884 1148 sanioribus
905 1095 948 1150 88.
961 1125 996 1134 -
1019 1096 1109 1165 Foris,

142 1172 235 1228 ltalia·
263 1171 358 1226 reddit
384 1169 503 1226 infestos
528 1180 667 1241 quotquot
692 1169 790 1226 colunt
821 1170 983 1228 libertatern
1002 1174 1109 1230 Vicarii

141 1251 247 1308 Christi
262 1251 341 1306 88.-
349 1251 395 1304 En
405 1265 477 1320 opus
486 1259 630 1304 sectarum
637 1248 762 1304 exitiale!
773 1249 972 1306 88——Ponatur
983 1263 1110 1308 econtra

141 1331 258 1386 libertas
271 1331 357 1400 plena
370 1329 509 1384 Ecclesiae
522 1329 564 1384 88.
578 1357 613 1368 -
624 1329 718 1399 Quam
727 1329 795 1384 felix
807 1345 905 1385 rursus
918 1331 1013 1401 patria
1026 1333 1109 1388 flore-

141 1415 202 1467 ret!
218 1411 260 1466 88.
273 1439 309 1450 -
322 1409 453 1478 Quaestio
475 1407 589 1464 socialis
609 1409 729 1479 pacifice
748 1409 851 1478 soluta,
864 1409 982 1466 libertas
996 1413 1111 1482 publica

141 1490 226 1544 bonis
238 1488 366 1544 moribus
378 1497 447 1555 tuta,
468 1487 622 1544 concordia
635 1488 765 1542 restituta
779 1487 852 1542 inter
865 1499 1017 1558 utramque
1031 1500 1111 1560 pote·

141 1579 255 1636 statem,
280 1577 405 1622 rectores
428 1566 575 1621 civitatum
585 1565 690 1636 jurium
715 1583 831 1622 suorum
856 1568 998 1637 certiores,
1023 1567 1110 1624 totius

140 1647 273 1704 catholici
287 1646 366 1701 orbis
381 1646 472 1701 ltaliae
485 1645 669 1714 reconciliati,
682 1645 772 1700 decus
793 1647 821 1700 S.
838 1647 922 1702 Sedis
943 1645 971 1701 in
996 1648 1110 1702 ltaliam

141 1726 295 1795 refulgens,
309 1724 386 1779 avita
404 1722 495 1792 gioria
507 1723 642 1792 rediviva,
663 1723 757 1778 Rorna
769 1733 855 1794 caput
870 1725 948 1780 orbis
960 1725 1109 1782 christiani

141 1807 184 1876 89.
198 1835 228 1846 -
246 1803 356 1874 Optimi
370 1802 470 1874 patriae
491 1802 576 1857 amici
598 1802 732 1858 catholici
745 1817 788 1871 9o
803 1833 837 1842 —
862 1804 993 1860 Pontifex
1005 1804 1110 1860 excitat

140 1889 230 1943 zelum
254 1884 419 1951 Prmsulum,
441 1893 471 1938 ut
493 1881 573 1937 hisce
595 1881 732 1938 doctrinis
750 1899 853 1952 greges
876 1883 1060 1953 imbuantod
1074 1913 1110 1926 -·-

143 1967 251 2033 Sciant,
264 1964 371 2020 nedum
384 1960 506 2030 sectarii,
520 1963 622 2017 saltem
635 1961 730 2032 ignavi
741 1962 861 2032 juvenes
874 1980 920 2018 res
933 1963 970 2018 ad
983 1964 1110 2034 pessima

142 2045 286 2100 declinare
308 2043 362 2098 nisi
385 2043 441 2096 alia
463 2041 509 2096 via
522 2041 634 2096 ineatur
655 2055 697 2108 90.
711 2041 941 2111 —Adjutorium
960 2042 1110 2098 desursum

141 2126 275 2196 implorat
287 2141 306 2179 a
320 2125 393 2192 Deo,
406 2139 424 2177 a
447 2121 573 2176 Domine
596 2119 718 2188 Rosarii,
732 2137 749 2174 a
762 2119 940 2191 principibus
957 2121 1109 2191 Apostolo-

141 2222 205 2260 rum
217 2218 260 2276 91.

104 2307 159 2358 24.
175 2303 382 2356 EPISTOLA
399 2303 442 2353 ad
455 2301 667 2353 cardinalem
680 2301 880 2359 Mermiiiod,
895 2301 1004 2362 Episo.
1021 2301 1110 2350 Lau-

66 2404 244 2444 sanensem
265 2396 298 2442 et
311 2391 543 2448 Genevonsem,
571 2389 719 2449 aliosque
740 2387 901 2438 Helvetiae
923 2387 1108 2449 Episcopoa.

69 2483 118 2534 De
132 2480 277 2532 fovenda
291 2479 507 2530 universitate
528 2477 748 2539 Frihurgansi.
765 2501 800 2509 -
820 2473 863 2524 24
885 2473 1110 2526 Octobr.1890
1146 2485 1179 2537 92

179 2570 311 2628 Pontifex
325 2571 397 2626 inter
409 2581 474 2625 acta
486 2578 643 2625 conventus
666 2567 796 2638 Friburgi
809 2584 899 2638 nuper
911 2566 1001 2622 habiti
1014 2567 1109 2637 impri-

141 2652 197 2706 mis
220 2651 323 2721 probat
343 2666 408 2720 quae
432 2649 469 2703 ad
493 2647 719 2704 Universitatem
745 2647 851 2701 ibidem
865 2647 1012 2701 conditam
1025 2645 1110 2717 perti·

143 2739 214 2785 nent
228 2745 271 2796 92.
282 2759 320 2778 .—
334 2729 444 2783 Laudat
466 2726 555 2782 zelum
575 2727 612 2782 ab
634 2725 788 2798 Episcopis
801 2725 868 2780 huic
881 2723 960 2796 operi
974 2725 1110 2781 devotum

141 2825 184 2881 92.
199 2839 233 2850 -
247 2809 366 2879 Optima
388 2808 416 2862 in
437 2809 561 2862 futurum
585 2817 679 2876 sperat
701 2806 740 2861 ab
762 2806 818 2860 hoc
837 2815 934 2860 vetere
946 2803 1110 2862 christianae

141 2888 291 2958 sapientiae
304 2887 576 2958 aedificio,superatis
589 2885 830 2957 procellis,denuo
841 2896 1010 2954 assurgente
1022 2899 1065 2954 92.
1075 2915 1112 2925 -

142 2967 307 3024 Christiana
320 2966 461 3037 sapientia
474 2965 622 3021 civitatum
636 2965 712 3020 salus
726 2979 769 3034 93.
783 2993 818 3004 -
833 2963 992 3034 Magisterii
1006 2965 1110 3035 Supre-

142 3047 182 3100 mi
195 3045 249 3100 sibi
270 3044 406 3100 divinitus
428 3045 574 3100 commissi
596 3061 717 3099 munera
738 3043 861 3114 implens
875 3059 919 3112 93.
931 3073 965 3082 -
981 3043 1110 3098 Pontifex

142 3135 264 3182 testatur
275 3125 454 3194 gratissimas
464 3125 517 3180 sibi
531 3125 592 3180 fore
611 3140 805 3195 quascumque
819 3139 901 3177 curas
914 3121 943 3175 in
955 3121 1110 3176 fovendum

144 3204 334 3274 Friburgense
347 3205 520 3258 Athenaeum
533 3204 570 3258 ab
584 3201 737 3273 Episcopis
753 3202 900 3272 impensas
913 3215 956 3270 93.

109 3315 163 3366 25.
199 3312 407 3365 EPISTOLA
433 3313 475 3362 ad
509 3313 720 3364 cardinalem
749 3311 923 3370 sanfeiiee.
956 3310 1108 3373 Archiep.

72 3401 347 3464 Neapolitanum.
372 3405 404 3450 ei
423 3400 639 3462 Capeoeiatro,
665 3399 957 3462 archiepiscopum
976 3398 1109 3461 cepna-

71 3490 308 3550 numerantis
327 3489 520 3550 Campaniae
543 3489 729 3551 Episcopus
746 3489 795 3539 De
816 3487 1006 3538 ohedientia
1027 3487 1110 3548 Epi-

71 3574 894 3641 scopisandeiibusdehita-ationem.1890...
1145 3581 1179 3637 95

180 3669 311 3724 Pontifex
321 3668 419 3723 laudat
431 3669 587 3724 Praesulum
599 3667 765 3740 Campaniae
775 3665 960 3722 concordiam
973 3681 1007 3720 ac
1019 3667 1110 3719 zelum

143 3765 186 3821 95.
200 3779 235 3790 -
249 3751 336 3806 Dolet
359 3751 510 3804 nonnullos
530 3767 565 3804 ex
585 3767 684 3805 eorum
707 3749 837 3816 subditis,
850 3745 970 3802 dissidia
991 3763 1025 3802 ac
1038 3746 1109 3802 diffi-

143 3831 271 3885 dentiam
284 3839 420 3898 serentes,
432 3846 496 3885 sese
518 3841 633 3898 temere,
647 3829 923 3899 indisciplinatorum
937 3826 1026 3880 instar
1038 3826 1109 3880 mili·

143 3921 212 3976 tum,
224 3907 332 3979 proprii
346 3907 484 3979 Episcopi
504 3909 666 3964 auctoritati
687 3907 854 3963 subtrahere
867 3917 910 3974 95.
924 3935 958 3944 -
978 3903 1112 3960 Deterior

144 3989 245 4044 inertia
258 3999 412 4044 contumax
425 3990 499 4044 zelus
512 4003 556 4060 95.

109 4090 161 4142 26.
177 4091 383 4140 LITTERAE
406 4089 690 4142 APOSTOLICAE.
714 4089 763 4140 De
783 4087 943 4151 regimine
964 4085 1110 4136 etdisei-

73 4181 165 4242 plina
200 4179 471 4242 congregationis
503 4177 853 4242 Angio-Benedietinae
884 4174 1049 4224 novanda.
1076 4197 1111 4206 —

76 4249 548 4318 Pridteidusiiovamb.1890
1148 4267 1180 4324 97

184 4357 314 4411 Pontifex
325 4359 425 4412 recolit
437 4357 567 4412 ordinem
581 4359 609 4412 S.
622 4357 771 4413 Benedicti
781 4355 818 4410 de
830 4353 935 4423 Anglia
948 4351 1015 4406 inde
1028 4368 1046 4406 a
1059 4369 1111 4406 sae·

148 4438 213 4500 culo
225 4439 266 4491 vi
282 4437 487 4510 specialissime
508 4438 649 4508 meritum,
662 4439 769 4495 ibidem
792 4436 914 4492 maxime
935 4450 1049 4504 quoque
1060 4434 1110 4488 flo-
