3336 4870
369 320 440 406 264
511 339 742 391 msraocmo
770 327 792 356 ⁴¹
812 339 960 392 vamum
987 339 1035 390 nc
1062 337 1282 390 uumrmcx
1302 373 1322 400 ‚,

188 537 224 581 aa
241 535 338 580 univer.
364 513 471 577 oratio
481 514 656 596 potissime
666 517 865 598 spectaverit
876 515 918 578 ad
932 513 1092 579 tuendam
1104 512 1204 578 fidem
1219 515 1480 596 italorumquae

188 599 341 704 fflfflss'
364 614 513 676 maxime
545 614 670 694 petitur
699 613 829 678 insidiis
859 623 1064 697 vocaturque
1094 614 1127 676 in
1159 614 1348 691 discrimen,
1374 621 1479 696 atque

364 711 528 794 imprimis
547 713 887 790 Romanorum,inter
902 733 988 796 quos
1003 710 1166 776 nefarium
1183 713 1291 778 scelus
1306 723 1476 797 patratum

365 811 436 886 fuit,
451 812 620 876 censenda
636 821 748 876 tamen
765 833 806 877 ea
821 831 873 876 res
889 833 955 876 non
972 811 1081 878 estad
1100 811 1288 895 Episcopos
1303 822 1338 877 et
1360 811 1478 876 fideles

216 917 317 1020 aetum}
365 921 550 976 ceterarum
577 913 730 995 gentium
757 932 826 977 non
853 913 1027 995 pertinere
1044 912 1219 996 Siquidem
1244 913 1278 978 in
1301 912 1364 976 hac
1381 911 1479 977 Urbe

187 985 240 1081 ἵζ’
254 989 340 1078 ἐηαῗῖ
366 1011 515 1095 principe
531 1010 686 1076 catholici
703 1013 849 1076 nominis
866 1011 989 1076 beilum
1007 1012 1169 1076 indictum
1198 1021 1249 1076 est
1269 1021 1368 1077 atrox
1383 1033 1476 1076 corn-

186 1099 337 1213 {ww
366 1111 457 1174 muni
483 1108 560 1175 fidei
588 1130 627 1176 ac
652 1112 813 1195 religioni,
835 1113 973 1196 eiusque
989 1111 1101 1194 Capiti
1127 1131 1293 1195 supremo,
1308 1111 1478 1194 simulque

186 1216 226 1260 cit·
364 1212 450 1275 iacta
467 1211 671 1278 contumelia
687 1212 832 1276 lacessiti
849 1223 927 1276 sunt
943 1231 1070 1290 omnes,
1087 1212 1145 1294 qui
1173 1211 1260 1276 hanc
1276 1210 1478 1294 profitentur

364 1310 465 1375 fidem
491 1322 525 1376 et
551 1313 628 1376 huic
653 1310 764 1395 Capiti
789 1310 1036 1394 obtemperant.
1059 1311 1238 1394 Propterea
1266 1311 1370 1378 Sacra
1392 1311 1478 1375 haec

364 1411 593 1494 Congregatio
611 1411 855 1494 Episcoporum
873 1422 907 1474 et
925 1409 1142 1493 Regularium
1170 1413 1314 1494 negotiis
1335 1431 1478 1494 praepo-

364 1513 438 1588 sita,
453 1532 498 1574 ex
525 1511 687 1576 mandato
711 1509 920 1575 Sanctissimi
940 1511 1055 1586 Patris,
1081 1513 1238 1576 omnibus
1265 1511 1479 1586 Patriarchis,

366 1611 649 1694 Archiepiscopis,
680 1610 857 1692 Episcopis
887 1619 921 1674 et
951 1612 1070 1675 ceteris
1101 1609 1288 1677 Ordinariis
1318 1611 1478 1675 catholici

218 1714 455 1789 ouansorbis
487 1733 609 1778 munus
640 1715 806 1796 iniungit:
833 1714 873 1779 1⁰.
899 1714 951 1780 Ut
980 1715 1014 1778 in
1046 1716 1202 1779 omnibus
1233 1714 1381 1778 ecclesiis
1412 1713 1478 1778 sibi

187 1787 313 1904 51⁰3ng
312 1793 341 1888 fi}
365 1819 523 1885 subiectis
539 1838 580 1883 ea
594 1816 676 1880 hora
692 1839 758 1900 qua
776 1817 927 1882 maxima
942 1817 1058 1901 populi
1076 1817 1264 1902 frequentia
1280 1828 1331 1883 est
1347 1817 1481 1881 recitari

198 1905 332 2022 5325,ssssss
366 1933 483 1986 curent
496 1933 715 1985 memoratam
729 1921 980 1988 Allocutionem
995 1922 1204 1989 Pontificiam
1217 1925 1250 1987 in
1260 1921 1479 1987 vernaculum

182 2023 341 2140 sgfflnji
367 2045 555 2091 sermonem
582 2026 802 2090 translatam:
820 2028 882 2092 110.
900 2027 949 2093 Ut
976 2047 1035 2110 per
1058 2029 1185 2093 litteras
1201 2028 1396 2112 pastorales,
1411 2047 1481 2090 ser·

188 2142 229 2186 die
263 2139 342 2208 orati?
370 2149 485 2193 mones
502 2129 723 2212 parochorum
740 2130 949 2213 aliorumque
964 2134 1186 2210 sacerdotum,
1198 2131 1256 2212 qui
1272 2151 1382 2196 sacras
1398 2149 1481 2192 con-

189 2200 343 2318 fffvffgeffr
370 2235 481 2298 ciones
501 2233 638 2310 habent,
653 2235 764 2298 doceri
780 2246 897 2299 curent
915 2235 1029 2300 fideles
1045 2238 1245 2320 gravitatem
1262 2235 1419 2300 facinoris
1436 2235 1483 2299 de

186 2319 344 2438 m'fio‘j,
371 2341 487 2421 quoin
504 2339 621 2402 eadem
639 2339 856 2403 Allocutione
880 2343 998 2422 agitur,
1013 2341 1094 2424 quid
1111 2341 1231 2418 valeat,
1246 2359 1314 2422 quo
1339 2347 1482 2420 spectet,

216 2437 345 2542 mag*
374 2463 435 2506 nec
451 2462 517 2505 non
534 2441 712 2504 discrimen
728 2443 780 2506 cui
796 2443 1011 2506 obnoxiaest
1027 2443 1187 2526 cuiusque
1210 2442 1326 2526 religio
1342 2454 1375 2506 et
1395 2439 1482 2504 fides

190 2511 335 2624 fenora,
374 2558 509 2630 propter
534 2567 608 2610 eam
633 2555 758 2610 sectam
786 2567 872 2628 quae
898 2548 1051 2610 incautos
1066 2557 1185 2630 petens
1200 2556 1275 2610 astu
1292 2555 1325 2608 et
1341 2545 1483 2624 insidiis,

190 2617 268 2720 filii
283 2629 345 2720 αἲξ
372 2655 405 2716 in
423 2669 597 2715 romanum
617 2649 851 2715 Pontificatum
868 2653 953 2714 vires
969 2671 1086 2714 omnes
1103 2652 1255 2715 intendit.
1273 2649 1482 2714 Moneantur

122 2777 126 2785 ·
193 2738 344 2846 {ffljjssss‘
371 2775 470 2836 porro
485 2755 636 2837 impense
653 2753 766 2817 fideles
778 2755 820 2816 de
835 2753 1041 2836 obligatione
1053 2774 1121 2836 qua
1136 2763 1292 2819 tenentur
1303 2773 1361 2818 eas
1373 2753 1481 2816 vitare

370 2858 516 2933 insidias,
544 2877 619 2920 eam
645 2867 771 2920 sectam
802 2876 1008 2939 oppugnare,
1034 2857 1134 2921 fldem
1160 2858 1254 2934 tueri,
1278 2877 1318 2921 ac
1343 2866 1481 2921 strenue

369 2961 484 3026 testari
500 2950 583 3025 voce
607 2970 641 3024 et
667 2961 837 3043 operibus,
852 2961 945 3024 omni
961 2961 1107 3044 denique
1123 2961 1252 3026 ratione
1267 2970 1301 3027 et
1316 2981 1381 3043 ope
1397 2960 1478 3043 legi-

371 3069 453 3130 tima
469 3065 647 3130 defendere
662 3065 790 3128 romani
803 3063 975 3128 Pontificis
993 3066 1073 3142 iura,
1084 3067 1272 3150 cogitantes
1286 3085 1364 3129 cum
1381 3065 1481 3128 liber·

371 3178 441 3232 tate
457 3169 543 3231 illius
559 3176 650 3230 arcte
665 3187 760 3230 suam
777 3167 937 3249 cuiusque
953 3167 1141 3231 libertatem
1153 3187 1226 3231 esse
1241 3167 1480 3232 coniunctam:

195 3291 346 3358 30231prae-
373 3273 454 3336 1110.
482 3271 629 3334 Demum
658 3281 695 3334 ut
721 3271 855 3334 creditis
886 3269 949 3334 sibi
978 3270 1131 3335 fidelibus
1161 3271 1313 3354 publicas
1343 3291 1481 3354 praeces

201 3347 341 3464 Ἠῗξῖξῖ
372 3377 600 3460 praescribant
627 3377 774 3457 itemque
801 3395 903 3457 opera
930 3376 1119 3458 expiatoria
1135 3385 1167 3440 et
1194 3376 1349 3440 salutaris
1365 3375 1482 3457 poeni·

186 3472 271 3582 fchff
299 3471 348 3570 off]
373 3481 508 3556 tentiae,
523 3480 644 3562 quibus
662 3480 823 3543 sarciatur
839 3480 958 3542 iniuria
975 3501 1034 3563 per
1060 3479 1155 3544 triste
1172 3489 1427 3543 monumentum
1446 3480 1480 3541 in

191 3583 308 3642 psarma.
376 3584 470 3649 Urbe
484 3585 631 3666 positum
649 3583 764 3647 divino
775 3582 916 3647 Numini
932 3583 1034 3660 illata,
1047 3582 1197 3665 placetur
1210 3583 1292 3646 Eius
1308 3585 1365 3658 ira,
1377 3601 1480 3663 quam

300 3699 304 3707 ’
372 3688 546 3752 hominum
563 3687 702 3750 crimina
715 3697 946 3769 provocarunt,
957 3697 990 3750 et
1001 3687 1149 3751 abundet
1161 3685 1386 3750 misericordia
1397 3684 1480 3748 Eius

372 3811 448 3855 cum
474 3793 506 3854 in
525 3790 710 3854 Ecclesiam
739 3810 843 3866 suam,
859 3810 961 3872 quam
987 3811 1123 3855 securae
1147 3793 1238 3873 pacis
1261 3791 1373 3854 denuo
1388 3807 1480 3850 com-

372 3905 486 3975 potem
503 3893 612 3971 faciat,
628 3903 699 3956 tum
728 3893 760 3954 in
786 3895 876 3974 ipsos
904 3893 1026 3972 hostes,
1041 3915 1125 3976 quos
1142 3893 1183 3958 ad
1207 3895 1332 3958 bonam
1348 3891 1478 3974 frugem

372 4018 550 4062 conversos
565 3997 600 4060 in
618 4007 806 4060 maternum
820 3996 908 4060 illius
924 3997 1140 4079 complexum
1159 3996 1304 4062 reducat

461 4101 587 4164 Datum
608 4099 738 4162 Romae
754 4100 809 4163 dio
829 4101 866 4162 18
886 4099 961 4163 Iulii
982 4101 1073 4180 1889.

926 4255 951 4318 I.
968 4255 1082 4319 CARI).
1101 4203 1271 4319 VERGA
1287 4253 1392 4318 Praei.

471 4396 477 4428 ,·
534 4352 569 4421 *h
587 4354 638 4418 Fr.
656 4356 836 4420 ALOISIUS
853 4356 1040 4439 Episcopus
1057 4355 1250 4422 Callinicen.
1267 4354 1477 4419 Secretnrius.
