3310 4868
421 388 473 446 DE
499 387 714 440 LIBERTATE
741 388 924 442 Humana,
1157 385 1224 457 105

136 595 198 639 esse
216 575 404 652 decernens,
415 573 489 658 ipsa
504 572 567 638 sibi
584 572 656 638 sola
672 571 815 638 efficitur
831 593 1001 640 summum
1025 573 1226 658 principium
1282 577 1377 673 Jffi„

135 688 163 743 et
176 679 244 743 fons
258 687 292 744 et
306 678 411 742 iudex
430 677 590 742 veritatis.
607 677 662 741 Ita
677 677 734 755 illi,
746 698 832 762 quos
847 678 1007 756 diximus,
1016 677 1231 743 Liberalirmi
1298 673 1361 720 ¹⁸⁸⁸

133 791 299 848 sectatores
314 783 347 847 in
364 783 498 847 actione
513 782 603 858 vitae
619 780 747 846 nullam
771 782 981 846 contendunt
996 801 1079 858 esse,
1098 782 1152 846 cui
1169 803 1228 866 pa·
1275 783 1406 880 metram

134 888 259 952 rendum
283 887 336 964 sit,
358 887 508 951 divinam
535 895 750 970 potestatem,
775 888 834 951 sed
860 886 923 951 sibi
957 905 1128 970 quemque
1157 907 1230 950 esse
1255 893 1408 998 qam?

134 988 228 1072 legem
243 991 351 1055 :unde
362 1011 403 1054 ea
416 989 633 1074 philosophia
652 1011 782 1056 morum
803 991 953 1074 gignitur
967 1009 1071 1074 quam
1082 991 1229 1074 indepen-
1270 1010 1407 1080 rejiciunt·

133 1091 244 1157 denum
266 1104 399 1172 vocant,
423 1113 510 1177 quae
534 1093 597 1158 sub
623 1095 737 1177 specie
764 1095 927 1160 libertatis
950 1095 994 1159 ab
1016 1094 1230 1159 observantia
1255 1070 1405 1175 ‘’fflss‘f

133 1196 305 1262 divinorum
329 1207 586 1282 praeceptorum
614 1197 823 1263 voluntatem
854 1217 1039 1276 removens,
1064 1197 1229 1263 infinitam
1252 1194 1350 1308 {ff
1376 1189 1406 1232 “¹

133 1300 285 1366 licentiam
310 1301 398 1366 solet
422 1301 552 1366 homini
577 1301 830 1384 dare—Quae
856 1302 972 1368 omnia
997 1303 1030 1365 in
1053 1301 1230 1367 hominum

132 1407 482 1485 praesertimsocietate
491 1426 560 1490 quo
569 1407 708 1470 tandem
719 1405 975 1483 evadant,lacile
988 1415 1040 1470 est
1049 1405 1231 1488 pervidere.
1248 1407 1407 1526 Jfflnffi

132 1511 199 1574 Hoc
228 1512 317 1575 enim
343 1510 414 1574 fixo
444 1520 479 1575 et
508 1530 678 1593 persuaso,
708 1512 837 1575 homini
861 1513 1024 1576 antistare
1052 1513 1232 1588 neminem,
1249 1527 1408 1596 sortemq-

129 1616 330 1698 consequitur
338 1636 492 1680 caussam
503 1615 702 1682 efficientem
713 1617 958 1682 conciliationis
968 1615 1074 1681 civilis
1084 1627 1118 1682 et
1126 1617 1230 1681 socie·
1256 1590 1407 1690 lssssssffi‘ss

130 1719 199 1783 tatis
207 1739 271 1784 non
282 1721 318 1784 in
329 1720 494 1803 principio
505 1721 620 1804 aliquo
632 1731 731 1785 extra
742 1731 802 1785 aut
813 1741 915 1804 supra
925 1720 1097 1786 hominem
1111 1723 1231 1804 posito,
1255 1704 1407 1808 mm

129 1826 178 1886 sed
194 1825 225 1888 in
241 1823 346 1888 libera
361 1825 536 1890 voluntate
552 1825 760 1908 singulorum
776 1845 851 1890 esse
874 1827 1101 1909 quaerendam
1116 1836 1230 1910 :pote-
1256 1827 1408 1927 &fg-md

127 1938 237 1994 statem
253 1930 427 2014 publicam
443 1950 464 1993 a
481 1929 696 1995 multitudine
705 1932 796 1995 velut
812 1952 832 1997 a
847 1934 958 2015 primo
974 1932 1067 1998 fonte
1079 1943 1229 2016 repeten-
1260 1945 1396 2011 pungnam

127 2034 559 2116 dam‚praetereaque,sicut
571 2037 656 2099 ratio
672 2035 883 2118 singulorum
894 2037 967 2101 sola
982 2038 1055 2101 dux
1067 2046 1101 2103 et
1111 2058 1230 2103 norma
1261 2001 1405 2106 ‘illeille‘-

127 2140 236 2218 agendi
247 2139 407 2222 privatim
424 2148 474 2202 est
489 2139 640 2223 singulis,
649 2140 696 2204 ita
719 2141 949 2205 universorum
977 2161 1050 2205 esse
1075 2153 1230 2226 oportere
1255 2135 1302 2165 ''²''

128 2243 279 2307 universis
319 2243 353 2306 in
385 2262 495 2306 rerum
526 2263 649 2325 genere
677 2243 896 2327 publicarum.
924 2245 1015 2309 Hinc
1046 2246 1228 2329 plurimum

124 2366 211 2427 posse
242 2346 430 2430 plurimos:
468 2356 668 2430 partemque
710 2348 824 2431 populi
872 2349 1032 2414 maiorem
1084 2351 1228 2414 universi

125 2451 193 2514 iuris
218 2473 292 2516 esse
319 2451 490 2534 officiique
516 2451 862 2519 effectricem—Sed
889 2453 974 2518 haec
1004 2474 1080 2517 cum
1100 2455 1230 2519 ratione

123 2577 271 2640 pugnare,
298 2577 344 2620 ex
375 2557 423 2620 eis
448 2575 535 2639 quae
558 2558 649 2621 dicta
674 2566 752 2622 sunt
781 2567 930 2640 apparet
956 2556 1096 2622 Nullum
1127 2560 1228 2643 siqui·
1254 2579 1327 2649 arjos
1348 2579 1404 2649 (tre-

122 2661 191 2726 dem
216 2661 305 2726 velle
330 2661 459 2725 homini
486 2671 546 2726 aut
575 2661 728 2726 societati
752 2661 841 2727 civili
864 2681 940 2727 cum
969 2661 1046 2726 Deo
1080 2675 1229 2730 creatore
1254 2640 1406 2756 'mal'

121 2785 154 2828 ac
175 2766 317 2850 proinde
346 2785 505 2847 supremo
529 2765 680 2830 omnium
706 2766 898 2849 legislatore
928 2766 1134 2832 intercedere
1157 2768 1228 2832 vin·
1254 2772 1310 2802 ‘ul‘
1331 2758 1405 2803 '‘⁸²²''

1254 2831 1284 2862 ne
1298 2823 1400 2886 pugnat,

120 2867 209 2948 olum,
243 2869 386 2934 omniuo
420 2880 560 2934 naturae
592 2880 766 2952 repugnat,
806 2890 867 2934 nec
905 2880 1055 2958 naturae
1082 2871 1228 2936 hominis
1270 2876 1391 2981 {illil‘r'i'

120 2981 254 3052 tantum,
269 2974 329 3037 sed
343 2993 452 3038 rerum
469 2973 621 3037 omnium
637 2983 908 3056 procreatorum:
923 2975 1002 3057 quia
1034 2996 1085 3040 res
1110 2996 1228 3040 omnes
1262 2996 1394 3040 essentiari-

120 3076 248 3142 effectas
261 3098 340 3142 cum
357 3097 484 3155 caussa,
500 3098 520 3141 a
547 3097 616 3159 qua
640 3076 780 3142 effectae
808 3089 896 3158 sunt,
910 3079 1025 3162 aliquo
1040 3100 1115 3143 esse
1129 3091 1228 3163 aptas
1253 3055 1405 3172 ζξᾌᾷᾗῖᾗ

119 3199 200 3245 nexu
215 3201 354 3246 necesse
367 3190 437 3245 est:
455 3180 680 3264 omnibusque
690 3182 817 3246 naturis
840 3179 905 3246 hoc
921 3182 1088 3261 convenit,
1103 3183 1168 3247 hoc
1184 3184 1227 3248 ad

118 3285 350 3364 perlectionem
375 3284 583 3368 singularum
609 3287 762 3368 pertinet,
778 3306 819 3350 eo
835 3307 871 3350 se
895 3289 1067 3352 continere
1093 3286 1168 3352 loco
1193 3298 1228 3353 et

116 3390 223 3467 gradu,
253 3409 356 3474 quem
382 3388 543 3453 naturalis
575 3391 659 3453 ordo
687 3389 845 3472 postulat,
861 3389 988 3455 scilicet
1012 3401 1049 3455 ut
1077 3391 1108 3456 ei
1135 3391 1227 3475 quod

115 3495 259 3575 superius
284 3503 345 3572 est,
372 3494 405 3557 id
433 3495 523 3576 quod
552 3503 603 3558 est
626 3493 763 3558 inferius
787 3495 982 3560 subiiciatur
997 3507 1032 3560 et
1049 3506 1228 3579 pareat.-

117 3595 178 3662 Sed
193 3608 366 3681 praeterea
383 3606 434 3661 est
449 3597 643 3662 huiusmodi
659 3598 812 3662 doctrina
828 3607 900 3663 tum
918 3601 1057 3681 privatis
1082 3601 1226 3665 homini·

116 3702 267 3768 bustum
296 3702 489 3767 civitatibus
520 3703 670 3766 maxime
696 3704 891 3785 perniciosa.
916 3704 1006 3770 Sane
1033 3705 1158 3770 reiecto
1182 3707 1225 3769 ad

116 3805 291 3873 humanam
312 3808 477 3872 rationem
494 3817 528 3871 et
544 3807 651 3871 solam
669 3817 703 3872 et
719 3827 821 3872 unam
832 3809 901 3871 veri
916 3808 1063 3892 bonique
1079 3809 1226 3884 arbitrio,

117 3913 280 3994 proprium
297 3911 426 3976 tollitur
442 3911 521 3976 boni
532 3921 566 3975 et
579 3913 658 3976 mali
675 3912 854 3977 discrimen
871 3933 879 3991 ;
894 3913 1004 3994 turpia
1019 3913 1063 3976 ab
1074 3912 1225 3975 honestis

118 4030 178 4076 non
194 4035 238 4092 re,
253 4016 312 4079 sed
329 4015 489 4098 opinione
501 4015 691 4098 iudicioque
708 4016 918 4098 singulorum
942 4014 1100 4080 differunt
1115 4015 1223 4096 :quod

119 4113 222 4196 libeat,
233 4119 323 4183 idern
351 4118 464 4183 licebit
480 4141 488 4198 3
503 4119 754 4202 constitutaque
770 4139 902 4183 morum
928 4117 1113 4201 disciplina,
1129 4118 1224 4182 cuius
1250 4095 1403 4210 ῂξὶῗνίὲζῖἷ,

118 4219 156 4282 ad
171 4223 371 4288 coercendos
383 4225 622 4305 sedandosque
638 4235 750 4287 motus
766 4223 870 4286 animi
886 4221 1039 4287 turbidos
1051 4221 1143 4286 nulla
1155 4221 1224 4286 lere
1250 4211 1402 4333 nfffflssg,

120 4319 165 4382 vis
178 4331 238 4399 est,
253 4333 372 4406 sponte
388 4321 445 4386 fiet
467 4325 510 4387 ad
534 4342 670 4386 omnem
696 4324 784 4386 vitae
802 4320 1027 4405 corruptelam
1042 4322 1165 4388 aditus
1183 4321 1222 4386 lo
1250 4335 1402 4437 qualitur

123 4421 213 4488 rebus
238 4435 351 4502 autem
367 4425 518 4510 publicis,
533 4435 683 4511 potestas
707 4424 894 4509 imperandi
910 4429 1120 4508 separatura
1144 4445 1224 4488 vero
1249 4407 1391 4506 tolifes‘m
