3206 4880
371 387 444 442 200
520 385 708 438 urrssae
727 384 884 436 sueves„
908 372 928 401 “
943 384 1076 437 neuun
1096 385 1284 438 novarum
1300 419 1320 450 „

191 569 343 688 fars-affl
367 563 420 627 tui
428 564 652 645 vescerispane
664 561 714 646 (1).
727 561 848 644 Itaque
858 561 942 624 duas
952 562 1045 625 velut
1060 570 1158 626 notas
1171 561 1271 626 habet
1285 561 1318 622 in
1336 559 1477 622 homine

191 688 275 740 rator,
304 687 341 731 a:
367 667 461 732 labor
473 677 591 732 natura
602 665 728 743 insitas,
741 663 897 730 nimirum
911 674 948 729 ut
957 666 1141 748 personalis
1155 666 1207 743 sit,
1219 665 1298 746 quia
1307 664 1357 726 vis
1368 683 1475 745 agens

190 761 249 850 {³22⁰
263 747 342 851 ffi-
366 772 524 836 adhaeret
539 789 712 854 personae,
734 779 836 852 atque
858 769 929 834 eius
953 771 1092 834 omnino
1117 782 1168 834 est
1190 770 1336 853 propria,
1359 788 1379 832 a
1403 788 1475 851 quo

190 865 332 983 mm·
365 885 548 953 exercetur,
563 887 597 940 et
623 875 716 940 cuius
731 884 782 938 est
798 874 933 938 utilitati
950 885 1045 940 nata:
1070 876 1193 940 deinde
1209 885 1247 938 ut
1270 875 1315 937 sit
1331 893 1473 938 necessa-

189 989 271 1087 ψῃ
286 998 339 1030 ⁶0²1·
365 980 445 1060 rius,
467 982 511 1046 ob
533 981 621 1045 hanc
643 999 807 1056 caussam,
830 980 921 1062 quod
945 979 1072 1044 fructus
1097 979 1250 1043 laborum
1267 986 1319 1041 est
1342 978 1474 1042 homini

188 1057 267 1148 aiii
288 1115 340 1160 per-
364 1107 450 1168 opus
465 1086 623 1150 advitam
639 1083 819 1149 tuendam:
833 1083 936 1148 vitam
954 1093 1067 1149 autem
1085 1085 1170 1148 tueri
1187 1084 1260 1170 ipsa
1281 1101 1402 1158 rerum,
1417 1081 1474 1146 eui

189 1161 329 1212 ⁵⁰⁰³¹³¹²⁰⁵¹
364 1191 514 1254 maxime
530 1189 725 1274 parendum,
746 1198 865 1252 natura
882 1188 981 1254 iubet.
1007 1189 1159 1254 lamvero
1175 1188 1203 1250 si
1220 1208 1264 1250 ex
1281 1207 1320 1250 ea
1336 1187 1472 1251 dumta-

188 1321 339 1381 iuxtaquam
364 1302 426 1357 xat
441 1303 535 1376 parte
544 1301 713 1375 spectetur
723 1290 815 1374 quod
829 1291 1015 1373 personalis
1025 1301 1085 1370 est,
1097 1311 1163 1355 non
1176 1301 1226 1354 est
1236 1289 1377 1353 dubium
1388 1291 1470 1372 quin

187 1381 265 1440 ‘’f‘'s‘x
299 1387 339 1438 μ’·
363 1399 529 1480 integrum
540 1395 651 1478 opifici
664 1396 708 1461 sit
719 1404 839 1478 pactae
853 1396 1015 1461 mercedis
1025 1397 1199 1479 angustius
1211 1393 1306 1458 finire
1316 1395 1471 1475 modum;

187 1446 232 1484 test
267 1441 340 1486 libere

186 1499 338 1604 murm
362 1501 649 1584 quemadmodum
665 1499 754 1563 enim
766 1519 886 1581 operas
902 1500 962 1564 dat
977 1500 1034 1563 ille
1048 1500 1230 1578 voluntate,
1239 1501 1286 1562 sic
1302 1511 1337 1562 et
1352 1519 1471 1580 opera·

186 1619 322 1670 comnm
362 1623 435 1666 rum
452 1604 604 1667 mercede
619 1603 671 1667 vel
687 1603 779 1668 tenui
791 1601 842 1666 vel
859 1603 960 1685 plane
971 1603 1062 1668 nulla
1078 1613 1256 1668 contentus
1266 1623 1340 1666 esse
1352 1601 1472 1668 volun·

362 1715 432 1770 tate
447 1715 571 1788 potest.

234 1875 239 1885 ,
405 1809 473 1875 Sed
490 1810 590 1892 longe
606 1809 701 1874 aliter
717 1810 932 1874 iudicandum
949 1811 1065 1875 sicum
1082 1812 1211 1875 ratione
1219 1811 1476 1892 personalitatis

184 1876 336 2004 egffltsne
361 1912 446 1977 ratio
461 1914 675 1996 coniungitur
697 1913 904 1990 necessitatis,
919 1915 1117 1999 cogitationi
1133 1916 1270 1998 quidem
1288 1935 1357 1978 non
1376 1936 1412 1981 re
1428 1920 1472 1982 ab

184 2000 336 2114 {222ssssss
361 2015 419 2079 illa
433 2017 636 2100 separabilis.
661 2018 794 2100 Reapse
812 2038 947 2082 manere
963 2019 997 2082 in
1019 2020 1096 2097 vita,
1121 2039 1301 2083 commune
1327 2022 1472 2102 singulis

186 2112 252 2158 ‘⁶⁶⁰'
296 2128 335 2158 t‘·
360 2119 507 2187 officium
524 2132 583 2200 est,
599 2122 652 2187 cui
668 2121 776 2186 scelus
794 2133 845 2187 est
862 2125 986 2190 deesse.
1014 2125 1105 2189 Hinc
1126 2127 1178 2190 ius
1194 2125 1470 2206 reperiendarum

183 2177 324 2278 istm?
359 2245 478 2304 rerum,
494 2225 615 2314 quibus
631 2225 701 2290 vita
715 2235 929 2304 sustentatur,
945 2228 1132 2292 necessario
1147 2229 1310 2293 nascitur:
1325 2249 1470 2310 quarum

180 2297 240 2410 ἵνα
289 2307 334 2338 'm'
360 2349 468 2395 rerum
492 2329 686 2395 facultatem
714 2330 830 2395 infimo
855 2333 975 2416 cuique
999 2353 1066 2396 non
1091 2333 1153 2396 nisi
1178 2333 1331 2415 quaesita
1354 2333 1471 2398 labore

360 2453 485 2499 merces
501 2435 703 2518 suppeditat.
720 2434 805 2498 Esto
821 2434 931 2518 igitur,
947 2445 985 2498 ut
999 2433 1116 2518 opifex
1132 2444 1234 2519 atque
1250 2436 1349 2500 herus
1365 2437 1472 2502 libere

359 2537 392 2599 in
409 2537 497 2600 idem
514 2537 685 2619 placitum,
708 2557 746 2600 ac
763 2538 962 2602 nominatim
988 2539 1020 2602 in
1037 2539 1147 2603 salarii
1172 2539 1309 2603 modum
1327 2559 1471 2604 consen·

358 2627 459 2704 tiant:
474 2640 589 2703 subest
605 2649 718 2704 tamen
735 2659 867 2722 semper
883 2640 1010 2724 aliquid
1038 2662 1083 2705 ex
1099 2641 1226 2706 iustitia
1242 2641 1398 2718 naturali,
1418 2641 1469 2707 id·

358 2761 423 2824 que
438 2740 542 2806 libera
557 2743 798 2826 paciscentium
813 2743 988 2807 voluntate
1006 2745 1113 2808 maius
1130 2752 1163 2808 et
1178 2743 1359 2825 antiquius,
1381 2745 1469 2808 scili·

358 2853 412 2909 cet
427 2844 549 2909 alendo
569 2845 691 2929 opifici,
714 2845 800 2928 frugi
818 2848 953 2929 quidem
980 2857 1013 2912 et
1029 2848 1114 2913 bene
1131 2857 1273 2924 morato,
1296 2846 1390 2911 haud
1406 2849 1466 2910 irn-

180 2911 333 3018 sfs‘ssssi‘ism
358 2967 472 3030 parem
489 2969 562 3013 esse
573 2952 761 3015 mercedem
778 2961 940 3032 oportere.
969 2949 1072 3034 Quod
1088 2952 1115 3014 si
1133 2951 1333 3015 necessitate
1349 2950 1466 3033 opifex

180 3037 333 3150 &22⁶¹ch
358 3060 503 3130 coactus,
518 3062 577 3116 aut
593 3054 672 3119 mali
688 3055 810 3137 peioris
827 3065 917 3119 metu
934 3064 1107 3136 permotus
1117 3055 1284 3119 duriorem
1301 3055 1468 3120 conditio·

181 3150 221 3195 nx
255 3150 331 3198 vim·
359 3173 436 3218 nem
449 3156 600 3240 accipiat,
615 3177 709 3242 quae,
725 3158 857 3222 etiamsi
873 3159 967 3236 nolit,
982 3158 1177 3241 accipienda
1191 3157 1244 3236 sit,
1260 3159 1352 3240 quod
1368 3179 1390 3222 a
1406 3157 1466 3224 do·

182 3215 231 3256 m
360 3267 451 3330 mino
467 3267 519 3330 vel
535 3288 555 3332 a
571 3269 781 3351 redemptore
792 3285 931 3349 operum
948 3263 1141 3346 imponitur,
1155 3262 1245 3326 istud
1262 3262 1401 3354 quidem
1418 3274 1470 3328 est

359 3365 468 3430 subire
484 3369 561 3445 vim,
576 3369 629 3431 cui
642 3368 773 3432 iustitia
791 3365 960 3432 reclamat.

198 3492 333 3538 canneta.
403 3469 647 3535 Verumtamen
661 3473 693 3534 in
710 3471 761 3535 his
772 3469 1003 3553 similibusque
1018 3469 1152 3546 caussis,
1164 3469 1280 3552 quales
1297 3467 1375 3533 illae
1389 3480 1469 3536 sunt

180 3559 333 3671 ζ’ἷξξώξξρ
358 3573 392 3635 in
408 3593 611 3658 unoquoque
637 3595 758 3659 genere
774 3573 903 3640 artificii
927 3585 1031 3658 quota
1055 3575 1098 3638 sit
1115 3574 1359 3638 elaborandum
1376 3573 1468 3651 hora,

181 3671 333 3777 zjfflj‘fn
357 3676 478 3760 quibus
495 3679 666 3761 praesidiis
690 3679 874 3745 valetudini
891 3678 1040 3742 maxime
1062 3678 1096 3742 in
1113 3677 1252 3741 officinis
1268 3679 1469 3754 cavendum,

181 3791 230 3836 Μ
272 3791 332 3850 snse-
359 3801 401 3846 ne
425 3784 640 3866 magistratus
663 3783 783 3848 inferat
806 3803 879 3846 sese
902 3781 1136 3864 importunius,
1168 3781 1364 3864 praesertim
1388 3799 1466 3845 cum

181 3855 233 3902 '‘²⁸''
358 3885 516 3948 adiuncta
531 3892 599 3947 tarn
617 3884 708 3946 varia
730 3884 797 3946 sint
813 3901 931 3958 rerum,
954 3893 1155 3963 temporum,
1178 3881 1337 3958 locorum,
1361 3881 1467 3945 satius

195 4012 332 4070 qumana
358 3989 419 4052 erit
442 4007 497 4051 eas
514 4007 565 4050 res
587 3985 711 4049 iudicio
727 4005 893 4050 reservare
915 3983 1144 4067 collegiorum,
1169 3983 1213 4048 de
1235 3985 1358 4066 quibus
1382 3983 1466 4047 infra

174 4071 331 4178 ξῇἷαᾞω,
356 4089 478 4156 dicturi
493 4109 617 4168 sumus,
640 4099 699 4154 aut
714 4090 814 4154 aliam
838 4090 920 4153 inire
936 4090 1034 4166 viam,
1050 4108 1117 4170 qua
1135 4089 1281 4153 rationes
1297 4107 1465 4152 mercena·

179 4203 209 4236 Ν
295 4205 330 4238 7²·
355 4194 487 4271 riorum,
501 4193 552 4256 uti
562 4212 622 4275 par
637 4201 697 4270 est,
712 4192 824 4257 salvae
836 4194 912 4268 sint,
922 4191 1113 4270 accedente,
1125 4191 1152 4254 si
1169 4211 1220 4255 res
1235 4191 1463 4274 postulaverit,

177 4249 290 4355 muen-
356 4298 461 4361 tutela
476 4297 709 4380 praesidioque
725 4296 937 4380 reipublicae.

385 4445 405 4480 1.
421 4433 488 4485 Gen,
502 4441 541 4486 ιιι,
555 4447 589 4490 19.
