3336 4870
238 385 288 434 DE
308 381 591 435 UNIVERSITATE
609 383 720 434 CATH.
742 384 925 435 otrnwnt:
943 385 1214 436 INSTITUENDA.
1247 387 1314 437 211

207 581 230 624 a
245 560 451 643 presbyteris
481 559 761 643 Congregationis
791 561 942 625 eiusdem
973 563 1036 625 sub
1060 562 1159 627 huius
1175 563 1319 630 Sanctae
1345 581 1493 664 reinbern

210 661 311 728 Sedis
338 673 373 728 et
399 663 654 748 Archiepiscopi
683 663 899 730 Ottawiensis
924 666 1125 731 auctoritate
1151 679 1320 750 geruntur,
1387 670 1452 730 1889·

207 769 373 832 canonica
389 768 599 833 institutione
608 769 651 832 ad
664 769 863 850 dignitatem
878 768 1063 834 catholicae
1081 769 1319 839 Universitatis
1384 831 1417 877 te

207 873 398 936 studiorum
415 872 587 936 evehimus
603 872 780 956 eidemque
792 871 1013 938 Universitati
1029 875 1080 937 ius
1096 875 1320 955 attribuimus,
1344 843 1495 950 maffa-

207 985 247 1039 ut
285 975 467 1060 magisterii
508 976 655 1040 lauream
692 977 843 1059 aliosque
879 979 1004 1058 gradus
1038 980 1248 1046 academicos
1284 982 1318 1046 in
1344 950 1497 1068 biam*

207 1080 350 1164 singulis
387 1081 561 1146 doctrinae
596 1081 773 1165 generibus
803 1080 845 1145 ad
874 1091 1034 1145 consueta
1064 1082 1318 1150 universitatum
1340 1070 1437 1192 ml?
1459 1083 1497 1116 ‘²'

209 1195 338 1249 statuta
354 1195 388 1250 et
403 1185 495 1270 leges
510 1184 660 1250 conferre
676 1185 791 1269 possit.
808 1185 893 1251 Cum
911 1205 1012 1268 porro
1026 1185 1206 1269 plurimum
1220 1189 1319 1254 inter-

211 1289 257 1353 sit
287 1290 331 1353 ad
359 1289 614 1373 prosperitatem
648 1289 887 1355 Universitatis
914 1298 948 1354 et
974 1289 1076 1353 decus
1107 1311 1182 1355 earn
1221 1294 1320 1357 rectis

210 1395 367 1476 aptisque
391 1393 522 1478 legibus
550 1394 731 1477 prudenter
755 1395 882 1472 instrui,
908 1394 1029 1477 quibus
1065 1395 1219 1478 regimini
1249 1397 1321 1461 eius

212 1508 404 1581 opportune
428 1498 630 1576 consulatur,
658 1497 813 1562 volumus
837 1508 871 1562 et
898 1498 1086 1575 statuimus,
1111 1508 1148 1564 ut
1170 1499 1319 1565 eiusdem

214 1601 454 1668 Universitatis
480 1612 608 1666 statuta
624 1611 658 1667 et
674 1602 764 1684 leges
779 1602 857 1665 huic
873 1601 1092 1684 Apostolicae
1116 1602 1196 1669 Sedi
1213 1605 1321 1687 primo

210 1725 347 1789 quoque
371 1716 523 1790 tempore
550 1705 782 1781 exhibeantur,
808 1725 876 1787 quo
892 1705 932 1768 iis
948 1714 1078 1768 mature
1108 1705 1266 1788 expensis
1281 1727 1321 1771 ea

211 1813 321 1893 possit
336 1831 417 1876 suae
433 1811 643 1876 auctoritatis
659 1811 759 1875 robur
774 1812 927 1876 adiicere.
942 1811 1110 1876 Volumus
1141 1823 1321 1896 praeterea,
1374 1829 1497 1878 emata-

210 1923 249 1978 ut
277 1914 468 1998 Apostolici
495 1915 693 1981 Cancellarii
721 1935 858 1978 munere
882 1916 916 1979 in
942 1915 1060 1980 eadem
1093 1915 1322 1983 Universitate
1346 1905 1418 1997 222⁸,
1429 1895 1498 1996 'bii-

210 2017 426 2086 Venerabilis
443 2019 560 2085 Frater
576 2019 858 2103 Archiepiscopus
889 2017 1106 2084 Ottawiensis
1123 2029 1157 2084 et
1172 2022 1229 2104 qui
1245 2033 1322 2104 post
1343 2021 1411 2072 Μ·

211 2142 291 2188 eum
309 2122 409 2188 futuri
424 2133 503 2188 sunt
519 2124 552 2187 in
569 2123 858 2206 Archiepiscopali
875 2123 953 2186 sede
970 2121 1162 2205 fungantur,
1173 2132 1275 2206 atque
1285 2134 1322 2188 ut

209 2229 282 2311 ipse
298 2226 582 2310 Archiepiscopus
610 2237 643 2290 et
670 2245 877 2290 successores
901 2226 982 2304 eius,
998 2244 1141 2290 necnon
1168 2225 1225 2290 alii
1246 2243 1321 2309 pro-

209 2332 341 2396 vinciae
358 2329 574 2396 Ottawiensis
589 2339 624 2394 et
639 2331 846 2394 Torontinae
874 2328 1045 2412 Episcopi,
1061 2331 1118 2412 qui
1134 2329 1322 2406 seminaria,

210 2433 353 2518 collegia
369 2434 502 2517 aliaque
516 2433 708 2498 huiusmodi
725 2432 879 2497 instituta
896 2432 1087 2517 praedictae
1101 2431 1321 2498 Universitati

209 2539 478 2622 aggregaverint,
491 2549 609 2616 rectae,
624 2557 793 2622 sanaeque
803 2535 976 2601 doctrinae
992 2535 1137 2600 tuendae
1152 2536 1186 2600 in
1203 2535 1320 2600 eadem

209 2644 442 2708 Universitate
467 2644 625 2727 praesint.
650 2643 857 2706 Potestatem
884 2640 1031 2723 denique
1055 2639 1195 2704 iacimus
1211 2639 1319 2705 eidem

210 2748 444 2828 Universitati,
460 2758 496 2813 ut
512 2748 554 2812 ad
571 2765 698 2812 morem
717 2745 820 2829 Lycei
837 2744 955 2828 Magni
972 2743 1200 2827 Quebecensis
1215 2743 1321 2808 alum·
1388 2772 1497 2842 arevac-

209 2873 282 2931 nos,
298 2853 404 2935 quiin
421 2851 616 2927 seminariis,
631 2849 935 2933 collegiis,aliisque
950 2847 1112 2912 institutis
1124 2848 1322 2914 ecclesiasti·
1342 2831 1436 2951 2227,
1443 2845 1499 2938 ³213,

206 2977 323 3022 carum
352 2955 597 3040 provinciarum
624 2953 840 3021 Ottawiensis
856 2964 890 3018 et
906 2953 1113 3016 Torontinae
1139 2954 1322 3016 dumtaxat
1345 2951 1498 3058 mm&

208 3061 418 3136 erudiuntur,
453 3061 487 3124 in
522 3079 698 3123 numerum
726 3058 936 3122 alumnorum
969 3075 1105 3120 suorum
1148 3056 1321 3134 adsciscat,
1345 3071 1465 3117 alumnas.
1572 3129 1582 3156 ⁶

208 3185 337 3250 eosque
353 3164 479 3229 iuribus
495 3183 534 3228 ac
550 3174 677 3228 ceteros
694 3161 909 3229 Ottawiensis
926 3160 1029 3243 Lycei
1045 3160 1214 3225 auditores
1230 3159 1321 3224 savo·

210 3269 305 3333 ribus
321 3275 551 3351 prosequatur.
569 3265 664 3330 Haec
679 3265 834 3329 volumus
850 3275 884 3328 et
899 3263 1079 3328 statuimus
1091 3282 1129 3328 ac
1144 3273 1322 3347 propterea

210 3374 425 3440 decernimus
451 3371 512 3436 has
540 3371 666 3435 litteras
684 3369 825 3436 Nostras
841 3367 963 3444 firmas,
978 3367 1107 3431 validas
1123 3377 1156 3432 et
1171 3366 1322 3432 efficaces

212 3498 349 3561 semper
369 3475 515 3540 existere
530 3484 564 3540 et
581 3473 659 3552 lore,
675 3493 820 3556 suosque
836 3471 1004 3555 plenarios
1030 3480 1064 3535 et
1079 3471 1228 3554 integros
1243 3467 1322 3535 effe·

210 3593 287 3647 ctus
302 3581 412 3645 sortiri
439 3589 473 3644 et
488 3578 650 3656 obtinere,
671 3588 773 3660 atque
799 3577 864 3640 illis
889 3575 931 3639 ad
959 3593 1043 3657 quos
1067 3583 1197 3657 spectat
1213 3583 1246 3637 et
1262 3593 1322 3657 pro

211 3700 365 3769 tempore
392 3680 647 3765 quomodolibet
671 3678 847 3763 spectabit,
863 3680 895 3742 in
913 3677 1069 3743 omnibus
1085 3686 1119 3742 et
1133 3695 1195 3760 per
1208 3674 1322 3740 omnia

210 3788 405 3875 plenissime
420 3784 596 3869 sull'ragari
613 3786 743 3867 ;sicque
760 3783 793 3846 in
810 3781 1003 3866 praemissis
1018 3800 1077 3865 per
1092 3799 1321 3868 quoscumque

209 3891 338 3957 iudices
362 3890 549 3954 ordinarios
573 3899 607 3952 et
633 3888 817 3970 delegatos,
842 3885 945 3949 etiam
972 3903 1165 3947 caussarum
1202 3881 1320 3946 Palatii

209 3993 403 4080 Apostolici
430 3992 625 4069 Auditores,
641 3990 739 4057 Sedis
764 3988 984 4072 Apostolicae
1001 3985 1156 4063 Nuntios,
1173 4005 1212 4049 ac
1228 3985 1261 4051 S.
1279 3985 1321 4050 R.

212 4100 253 4166 E.
268 4097 576 4165 Cardinalesetiam
589 4098 632 4160 de
649 4095 770 4161 Latere
787 4093 944 4177 Legatos,
954 4089 1087 4154 sublata
1098 4091 1147 4153 eis
1158 4099 1193 4154 et
1204 4107 1319 4153 eorum

210 4201 351 4268 cuilibet
376 4200 494 4286 quavis
518 4199 615 4266 aliter
639 4198 807 4263 iudicandi
834 4207 869 4261 et
893 4193 1134 4276 interpretandi
1162 4192 1320 4257 facultate

209 4317 248 4372 et
262 4306 472 4384 auctoritate,
487 4303 625 4369 iudicari
642 4314 676 4367 et
690 4301 821 4368 deliniri
844 4300 976 4375 debere,
991 4317 1030 4361 ac
1046 4297 1174 4362 irritum
1197 4315 1270 4362 esse
1285 4307 1319 4362 et

209 4413 321 4491 inane,
347 4411 375 4476 sl
399 4427 495 4474 secus
517 4427 618 4492 super
641 4407 702 4485 his,
729 4425 749 4470 a
773 4423 954 4488 quoquam,
978 4399 1095 4485 quavis
1119 4403 1318 4466 auctoritate
