3258 4880
138 1089 615 1465 UALVATORIS
631 1112 670 1154 ac
688 1092 824 1155 Domini
841 1093 956 1156 Nostri
976 1093 1061 1158 lEsU
1083 1093 1251 1171 CHRISTI,
1279 1105 1426 1188 mam

174 1153 299 1395 ΕΙ
347 1195 404 1277 qui
430 1215 491 1278 pro
517 1194 655 1258 humani
672 1196 803 1277 generis
828 1197 1059 1278 redemptione
1082 1217 1117 1260 se
1140 1198 1249 1280 ipsum
1316 1193 1380 1254 ¹⁸87·

347 1297 534 1362 exinanivit
564 1297 671 1362 iactus
698 1298 859 1362 obediens
889 1319 994 1382 usque
1025 1300 1065 1362 ad
1099 1309 1250 1376 mortem,

348 1411 489 1465 mortem
516 1410 627 1464 autem
655 1401 771 1479 crucis,
798 1403 886 1465 vices
902 1403 934 1466 in
962 1403 1066 1480 terris,
1083 1403 1250 1467 immeriti

138 1503 220 1568 licet
235 1514 400 1587 gerentes,
416 1504 502 1568 inter
517 1503 717 1586 multiplices
733 1504 1012 1588 gravissimasque
1038 1515 1108 1570 tam
1125 1505 1249 1569 excelsi

139 1608 367 1692 Apostolatus
392 1629 499 1687 curas,
524 1609 644 1692 quibus
669 1609 791 1673 indies
816 1609 1011 1687 detinemur,
1028 1611 1060 1673 in
1078 1610 1112 1673 id
1135 1619 1247 1674 tamen

136 1715 301 1796 peculiari
316 1734 355 1778 ac
371 1715 550 1798 praecipua
567 1713 744 1796 pastoralis
759 1714 992 1778 sollicitudinis
1010 1713 1184 1797 vigilantia
1200 1715 1248 1777 ln·

137 1818 331 1882 cumbimus
347 1829 384 1883 ut
408 1820 493 1883 tanti
512 1838 551 1882 ac
567 1828 636 1881 tam
654 1818 807 1882 salutaris
835 1818 992 1900 mysterii,
1008 1837 1093 1900 quae
1110 1819 1143 1880 in
1167 1819 1249 1882 urbe
1312 1806 1427 1866 ‘⁰⁰⁸‘2's‘x

1274 1879 1344 1909 illam
1369 1879 1425 1926 erga

137 1923 356 1988 Hierusalem
383 1933 418 1987 et
443 1923 571 1987 viciniis
603 1922 689 1986 illius
721 1931 939 1987 monumenta
963 1933 1152 2005 supersunt,
1181 1943 1248 2006 qua
1274 1930 1425 2029 mma

134 2027 268 2104 maiori,
285 2028 508 2110 sanctiorique
526 2023 594 2090 fieri
611 2027 732 2109 poterit
749 2027 901 2090 custodia
917 2037 1135 2103 asserventur,
1145 2036 1247 2109 utque
1296 2044 1402 2112 vasates:

133 2131 283 2195 salubria
301 2133 429 2196 monita
452 2150 491 2196 ac
516 2131 677 2194 mandata
700 2147 913 2193 romanorum
932 2129 1131 2193 Pontificum
1150 2130 1246 2194 l‘rae-
1286 2107 1410 2219 ξῖζέῗέἔζ

79 2291 83 2302 .
134 2237 351 2300 decessorum
364 2236 564 2299 Nostrorum
576 2254 663 2310 suos,
673 2234 735 2297 hac
745 2255 844 2316 super
854 2255 896 2312 re,
909 2233 1046 2298 effectus
1058 2235 1246 2298 sortiantur.

135 2340 207 2423 lpsi
224 2340 315 2403 enim
331 2337 509 2402 Pontifices
537 2318 699 2401 iamdiu'a
714 2337 948 2401 vetustissimis
976 2338 1183 2420 temporibus
1207 2357 1245 2400 ea

1272 2233 1356 2266 curam
1393 2225 1425 2265 te-

1272 2284 1359 2325 statur.
1370 2316 1373 2324 .

133 2445 177 2508 ad
196 2444 282 2520 loca,
297 2444 444 2526 pretioso
463 2442 614 2506 Humani
630 2441 734 2504 Verbi
750 2441 912 2523 sanguine
929 2439 1120 2522 purpurata,
1130 2441 1244 2504 oculos

132 2558 380 2624 convertentes
388 2547 543 2610 catholici
560 2545 704 2610 nominis
714 2555 832 2627 gentes
845 2547 886 2608 ad
899 2543 1021 2608 Christi
1032 2544 1243 2626 sepulchrum
1300 2569 1394 2615 remur

132 2653 400 2733 recuperandum
417 2652 607 2714 excitarunt
623 2669 631 2726 ;
651 2657 684 2712 et
700 2658 878 2730 postquam
897 2647 976 2710 illud
994 2648 1105 2711 denuo
1122 2647 1154 2710 in
1172 2647 1242 2711 infi·
1269 2631 1421 2736 ssffssfiff‘iss

131 2757 262 2820 delium
289 2755 452 2820 ditionem
480 2753 599 2818 cecidit
628 2764 662 2817 et
690 2753 861 2817 Fratribus
890 2745 1076 2817 Minoribus
1107 2753 1244 2824 Ordinis
1264 2748 1421 2864 ἐξείπω

131 2861 166 2926 S.
186 2859 356 2922 Francisci
372 2857 571 2921 Assisiensis
584 2858 819 2921 tantummodo
829 2857 922 2919 licuit
932 2875 971 2920 ea
983 2855 1054 2920 loca
1067 2876 1244 2929 asservare,
1383 2843 1389 2860 ’

131 2982 309 3045 nunquam
324 2961 491 3038 destitere,
505 2961 584 3044 quin
602 2980 813 3042 quacumque
829 2979 893 3042 ope
909 2969 1056 3042 possent,
1070 2959 1243 3023 custodiae
1282 2967 1405 3026 imprimis

130 3067 254 3131 saltem
280 3065 427 3147 ipsorum
449 3063 669 3139 consulerent,
697 3073 730 3126 et
748 3062 903 3126 Fratrum
931 3063 1134 3140 eorumdem,
1158 3081 1241 3144 quos
1277 3026 1405 3130 illlum

130 3191 243 3254 neque
270 3169 575 3252 persequutionum,
603 3187 711 3250 neque
742 3168 972 3242 vexationum,
1003 3187 1110 3250 neque
1141 3185 1240 3228 saeva
1269 3143 1415 3250 (ζ’ωῗρᾱίξηξ

128 3275 340 3338 cruciatuum
356 3270 548 3336 discrimina
563 3281 660 3336 tanto
677 3291 824 3354 unquam
842 3270 886 3334 ab
900 3271 1057 3352 incoepto
1073 3271 1239 3333 deterrue·
1265 3263 1411 3369 cssjm'sssttjjsa·

129 3387 218 3453 runt,
243 3375 472 3458 praesentibus
498 3375 750 3439 necessitatibus
766 3395 827 3456 pro
843 3395 878 3437 re
893 3394 932 3437 ac
954 3383 1104 3456 tempore
1131 3373 1239 3456 provi·
1267 3385 1323 3426 tam·

127 3485 259 3547 dorent.
284 3481 399 3566 Quare
424 3490 457 3544 et
481 3481 576 3544 vivae
604 3482 693 3544 vocis
709 3479 844 3544 oraculo
860 3490 892 3544 et
916 3480 1122 3561 Apostolicis
1137 3479 1239 3544 etiam

127 3588 268 3652 Litteris
296 3586 505 3663 Patriarchis,
532 3585 753 3650 Antistitibus
784 3595 818 3648 et
850 3583 923 3647 aliis
950 3586 1053 3648 totius
1078 3593 1239 3649 terrarum

126 3693 219 3756 orbis
247 3688 394 3754 locorum
422 3688 609 3754 Ordinariis
637 3689 801 3752 instanter
827 3698 928 3770 atque
956 3687 1083 3751 iteratis
1113 3687 1240 3752 vicibus

127 3795 343 3870 mandarunt,
358 3803 394 3858 ut
411 3793 614 3876 respectivae
629 3812 744 3856 eorum
760 3812 859 3856 curae
886 3793 1081 3856 commissos
1107 3791 1236 3855 christi-

126 3899 247 3964 fideles
261 3899 303 3962 ad
321 3897 551 3980 eleemosynas
568 3918 630 3980 pro
646 3897 727 3960 locis
756 3897 880 3960 sanctis
896 3897 1030 3960 tuendis
1053 3894 1238 3960 afferendas

126 4003 403 4085 colligendasque
416 3999 625 4084 impellerent
637 4009 670 4064 et
680 4009 787 4063 certas
799 3999 902 4063 etiam
915 3999 1054 4082 regulas,
1066 3999 1128 4062 hac
1141 3989 1240 4080 super

126 4129 171 4186 re,
188 4118 339 4171 statuere
354 4105 504 4188 pluribus
519 4104 727 4188 Apostolicis
740 4103 886 4179 Litteris,
900 4103 1000 4166 modo
1012 4101 1076 4165 sub
1091 4101 1239 4184 plumb0,

126 4216 231 4280 modo
258 4215 322 4278 sub
348 4211 449 4278 anulo
476 4211 663 4288 Piscatoris,
694 4232 753 4293 per
785 4231 869 4294 quas
896 4209 1045 4273 unanimi
1077 4229 1239 4274 consensu

127 4328 353 4394 asseruerunt,
368 4316 531 4380 universis
547 4316 579 4378 in
597 4325 756 4379 terrarum
771 4315 860 4378 orbis
872 4312 1088 4390 dioecesibus,
1100 4313 1239 4396 singulis

128 4423 235 4498 annis,
251 4421 416 4505 quosdam
434 4439 492 4502 per
507 4439 779 4502 unumquemque
797 4418 1011 4483 Ordinarium
1033 4417 1239 4482 subsanctae
