3140 4866
446 449 567 498 INDEX
593 445 842 497 ANALl'TlCUS.
1126 445 1193 516 301

1146 595 1200 646 Pag.

162 668 245 724 utiles
258 685 323 724 esse
335 666 463 724 declarat
481 668 542 724 262.
561 695 597 706 -
616 668 722 724 Probat
741 679 911 741 argumenta
928 667 1049 740 proximi
1063 684 1129 724 con·

161 757 262 803 ventus
275 747 528 804 deliberationibus
541 747 688 818 proposita
701 746 763 816 263.
776 778 812 789 -
824 750 896 805 lnde
908 749 1005 804 laudat
1019 747 1129 804 institu-

160 838 221 882 tum
234 825 439 882 catholicorum
452 837 645 883 conventuum
667 835 695 882 et
713 828 900 884 comitatuum
914 828 975 896 263.
994 857 1026 868 -
1043 829 1129 882 Dolet

161 907 267 962 beilum
279 907 308 962 in
325 905 408 961 ltalia
421 905 561 961 Ecclesiae
573 905 694 974 illatum,
712 908 945 980 collabentesque
962 923 1056 962 mores
1070 909 1129 976 263.

161 1017 195 1026 -
204 987 250 1042 Ad
269 987 332 1042 haec
346 986 421 1040 mala
434 986 612 1042 devincenda
630 986 745 1056 egregie
759 988 893 1042 cohortes
906 986 1038 1042 catholici
1052 988 1130 1042 insti-

162 1068 213 1121 tuti
223 1066 368 1135 incedunt‚
379 1065 519 1120 Ecclesiae
528 1065 742 1134 addictissimae,
751 1067 957 1138 virtutibusque
967 1067 1130 1122 christianis

61 1211 65 1218 Ι
162 1146 221 1212 264
238 1177 267 1185 -
278 1145 422 1200 Laudatur
434 1145 557 1200 societas
570 1146 719 1202 catholicae
727 1145 893 1217 juventutis,
907 1163 973 1201 cum
986 1146 1130 1202 hocinsti-

160 1236 231 1294 tuto,
244 1225 325 1296 cujus
337 1226 445 1280 auctrix
458 1225 518 1292 fuit,
528 1224 629 1280 intime
641 1226 794 1297 conjuncta
807 1227 867 1292 264.
878 1255 913 1264 -
927 1227 1000 1281 ilaec
1013 1228 1129 1297 conjun-

161 1306 219 1361 ctio
229 1305 303 1360 vires
313 1305 439 1375 duplicat
448 1304 601 1376 utriusque,
612 1305 698 1359 modo
703 1304 859 1374 juventutis
870 1306 992 1360 societas
1005 1306 1048 1360 sui
1058 1305 1129 1376 juris

164 1393 287 1452 maneat,
300 1395 329 1438 et
341 1401 405 1438 eam
421 1383 528 1454 egressi
538 1383 662 1437 virorum
674 1383 803 1440 instituto
814 1384 927 1439 sodales
938 1385 990 1439 rite
1001 1384 1129 1441 instructi

165 1464 300 1518 continuo
309 1473 478 1533 cooptentur
491 1463 616 1530 264-265.
627 1491 663 1502 -—
671 1463 809 1533 Auspicio
821 1473 849 1519 et
862 1465 950 1518 ductu
963 1464 1129 1520 Antistitum

162 1542 320 1598 institutum
340 1551 530 1596 conventuum
552 1541 644 1610 magis
662 1541 812 1612 magisque
830 1541 1003 1596 diffundatur
1016 1543 1076 1613 265.
1093 1572 1129 1583 -

162 1622 228 1677 Zeio
238 1621 443 1676 catholicorum
457 1621 580 1674 virorum
594 1620 724 1676 Pontifex
736 1621 880 1676 benedicit
891 1621 951 1690 265.

126 1723 172 1774 ei.
188 1721 397 1773 EPISTOLA
409 1721 452 1771 ad
466 1721 736 1786 archiepiscopos
748 1726 780 1772 et
794 1722 971 1784 Episcopos
983 1724 1129 1785 aliosque

90 1816 238 1866 locorum
269 1811 453 1862 ordinarios
484 1811 518 1860 ln
538 1811 677 1874 imperio
708 1811 902 1862 Germanico
928 1815 961 1861 et
991 1811 1130 1863 Austro-

91 1901 294 1964 Hungarlco.
313 1899 362 1947 De
381 1910 485 1960 prava
503 1898 608 1949 duelli
626 1898 873 1949 consuetudine.
889 1924 925 1934 -
937 1899 974 1948 12
987 1903 1129 1962 septem-

92 1993 163 2042 brls
180 1987 277 2039 1891..
1027 2021 1056 2038 ...
1097 1987 1201 2040 .2..66

198 2065 365 2120 antistitum
395 2065 469 2118 votis
497 2065 696 2119 obsecundans
724 2065 853 2120 Pontifex
875 2066 912 2122 de
936 2068 1129 2123 abominanda

162 2143 248 2199 duelli
258 2143 463 2198 consuetudine
481 2142 577 2197 dicere
590 2143 688 2198 statuit
701 2141 761 2198 266.
775 2171 810 2182 -—
824 2145 953 2216 Utraque
966 2147 1011 2201 lex
1023 2147 1128 2216 divina,

163 2223 300 2279 naturalis
314 2232 399 2295 atque
409 2222 542 2290 revelata,
553 2222 662 2292 privata
675 2221 737 2276 haec
750 2223 907 2277 certamina
924 2224 1050 2293 damnat,
1063 2244 1128 2280 nec·

160 2321 218 2358 non
232 2302 383 2373 disciplina
399 2302 465 2357 vitae
483 2301 574 2356 civilis
593 2301 718 2370 266-267.
732 2331 767 2342 -
782 2302 854 2356 Inde
874 2301 1004 2358 Ecclesia
1021 2305 1127 2373 gravis-

161 2383 248 2437 simas
261 2397 361 2453 poenas
374 2381 403 2437 in
417 2398 451 2436 ea
463 2381 593 2437 ineuntes
607 2381 741 2452 decrevit,
752 2379 887 2435 nimirum
895 2382 1057 2436 Alexander
1072 2385 1126 2452 lll,

163 2465 223 2530 267,
236 2492 271 2502 -
281 2460 449 2516 Tridentino
460 2461 595 2528 synodus,
609 2461 782 2516 Benedictus
796 2461 868 2515 XlV
881 2459 942 2526 267,
952 2487 988 2498 —-
1000 2460 1068 2515 Pius
1086 2461 1128 2514 IX

162 2542 222 2610 267,
235 2571 270 2581 -
285 2542 388 2596 Inanes
407 2549 473 2594 sunt
486 2541 611 2595 rationes
630 2540 733 2609 quibus
745 2539 871 2594 duellum
890 2539 1043 2594 defendere
1062 2557 1128 2594 con·

164 2622 283 2676 tendunt
303 2619 362 2686 267.
382 2649 417 2659 -
431 2617 557 2673 lionoris
579 2619 720 2674 restitutio
738 2628 891 2689 praetextus
909 2612 1004 2672 falsus.
1042 2619 1128 2674 Ratio

160 2717 226 2755 vero
239 2711 283 2756 est
293 2697 464 2754 damnabilis
475 2696 590 2752 ultionis
603 2697 743 2768 cupiditas
757 2696 882 2762 267-268.
891 2726 926 2737 -
941 2698 1043 2769 Neque
1054 2697 1128 2754 valet

159 2790 251 2835 metus
270 2779 346 2848 vulgi
366 2777 516 2846 segnitiem
536 2776 732 2846 exprobrantis
752 2775 812 2830 268.
826 2806 861 2816 -
874 2777 898 2829 F
899 2775 1032 2832 allaciam
1050 2778 1127 2848 vulgi

159 2859 350 2930 spernendam
363 2857 416 2928 ipsi
430 2857 535 2912 ethnici
549 2857 672 2911 docuere
685 2856 745 2910 268.
755 2885 790 2896 -
800 2855 915 2910 Timere
927 2856 1004 2927 vulgi
1018 2858 1128 2928 opinio·

159 2957 225 2994 nem
239 2956 305 2993 vera
319 2936 463 3006 segnities,
473 2952 607 3006 spernere
619 2937 707 2990 virtus
721 2935 782 2990 268.
791 2963 825 2974 -
834 2935 890 3004 Qui
901 2937 979 2992 bono
991 2937 1126 3006 adhaeret,

159 3021 206 3075 ille
218 3036 284 3073 vere
301 3017 382 3072 fortis
394 3026 438 3070 est
456 3015 518 3069 268.
532 3043 567 3054 -
586 3015 676 3069 Recte
688 3014 773 3084 igitur
794 3015 822 3068 in
842 3016 968 3070 duellum
981 3033 1032 3086 per
1050 3018 1128 3086 leges

161 3098 258 3153 civiles
272 3096 410 3163 saevitum,
420 3096 476 3149 heu
490 3092 575 3148 nimis
588 3093 672 3149 facile
686 3103 796 3164 spretas
810 3093 870 3148 268.
879 3123 915 3134 —-
924 3097 1128 3150 Damnandum

161 3178 285 3232 duellum
298 3176 327 3229 in
342 3173 478 3229 militibus
491 3190 573 3244 aeque
586 3189 619 3228 ac
638 3173 667 3227 in
681 3173 785 3243 togatis
805 3173 866 3240 269.
876 3201 910 3211 -
929 3175 1030 3230 Manet
1048 3176 1128 3230 inho-

161 3267 256 3312 nestas
269 3257 298 3309 in
312 3272 352 3323 re,
362 3254 468 3308 utilitas
478 3252 592 3324 publica
605 3253 683 3308 nullo
697 3254 784 3308 modo
797 3263 920 3321 excusat,
931 3271 947 3308 e
959 3264 1058 3309 contra
1069 3254 1128 3324 269.

159 3337 307 3406 —Pugnat
320 3334 447 3388 duellum
460 3349 525 3386 cum
538 3333 706 3387 humaniore
715 3331 792 3388 cultu
803 3331 952 3402 praesentis
965 3333 1058 3388 aetatis
1068 3333 1128 3402 266

159 3445 194 3455 -
207 3414 340 3470 Stimulat
354 3412 483 3467 Pontifex
496 3412 585 3466 zelum
596 3410 772 3479 Antistit'um,
786 3421 816 3465 ut
826 3412 901 3465 hanc
920 3411 1080 3466 doctrinam
1099 3416 1128 3468 in

158 3511 252 3550 mores
271 3493 416 3561 inducant,
441 3491 599 3562 praesertim
615 3491 760 3560 juvenum.
785 3490 891 3545 Probat
914 3491 987 3546 inter
1007 3491 1127 3562 juvenes

158 3575 251 3630 soedus
265 3573 301 3626 de
315 3589 370 3626 non
391 3571 517 3625 ineundo
530 3570 625 3625 duello
644 3569 703 3637 269.

126 3691 177 3743 62.
198 3687 440 3740 APPENDIX.
461 3689 564 3736 Breve
577 3697 644 3747 quo
660 3687 698 3735 D.
724 3685 842 3734 Joann.
859 3685 923 3736 Jos.
941 3685 1037 3746 Falct‚
1054 3688 1129 3749 Epi-

97 3777 409 3841 scopusBrugensls,
429 3779 615 3825 recurrente
626 3785 714 3824 anno
735 3784 756 3822 a
773 3775 924 3834 suscepto
940 3774 1130 3837 episcopatu

92 3862 712 3926 XXV,saorlpalllihonoreaugetur

197 3955 371 4011 Recoluutur
389 3955 519 4024 exempla
544 3970 611 4009 usus
634 3951 715 4006 Pallii
738 3949 889 4020 Episcopis
905 3951 1043 4021 concessi,
1067 3965 1127 4018 271.

158 4035 249 4090 -Ob
263 4033 385 4104 insignia
399 4051 450 4088 sua
463 4031 565 4088 merita
578 4029 733 4101 Brugensis
746 4029 851 4098 praesul
866 4029 957 4084 Pallio
970 4029 1129 4099 decoratur,

158 4113 309 4186 pastoralis
322 4112 448 4168 numeris
461 4108 599 4180 symbolo.
614 4125 674 4176 271.

124 4215 175 4267 63.
198 4215 406 4265 EPISTOLA
435 4216 478 4265 ad
510 4213 770 4262 archiabbatem
804 4211 1049 4262 Eeuroneusem
1087 4211 1126 4261 D.

90 4311 265 4362 Placidum
285 4311 421 4370 Wolter,
441 4310 474 4360 0.
495 4310 523 4358 S.
544 4310 590 4367 B..
607 4308 649 4358 de
667 4307 826 4358 laudibus
848 4307 997 4358 defuncti
1018 4309 1131 4360 fratris

91 4399 211 4458 Mauri,
228 4398 374 4460 eiusdem
401 4397 669 4460 congregationis
682 4395 913 4446 Fundatcrls...
1147 4407 1199 4463 273

197 4488 326 4544 Pontifex
338 4499 433 4560 grates
446 4488 575 4560 rependit
589 4505 640 4560 pro
651 4488 776 4559 acceptis
789 4485 896 4556 litteris,
906 4504 1011 4558 easque
1020 4488 1126 4546 laudat.
