3172 4874
417 315 487 407 238
608 331 755 386 asanaa
776 331 904 384 nsosr.
928 319 947 349 ⁴⁴
967 329 1083 382 rasus
1102 330 1143 382 ut
1163 329 1293 382 amuis
1312 365 1332 392 „

411 514 694 581 dismembrentur
708 511 832 596 pariter
857 512 901 578 ab
925 511 1121 594 episcopatu
1141 511 1185 574 de
1200 507 1328 574 Puehla
1343 509 1481 591 paroeciae

413 621 456 686 de
472 618 655 704 Coycoyan
680 623 715 680 et
738 616 782 681 de
809 615 983 700 Mixtepec
1007 615 1091 680 sitae
1113 615 1147 678 in
1168 614 1322 678 districtu
1338 611 1482 696 deJustla·

412 723 520 788 huaca
546 719 648 803 (civili
673 729 763 787 statu
789 721 832 784 de
857 718 1014 802 Oaxaca)
1039 737 1100 784 nec
1122 737 1190 784 non
1206 717 1297 782 duae
1318 711 1484 780 foraniaede

413 825 594 891 Tehuacan
623 833 658 890 et
683 821 872 890 Coxcatlan
902 821 987 886 sitae
1017 821 1050 886 in
1081 831 1171 888 statu
1194 821 1285 884 civili
1315 817 1366 885 de'
1387 815 1485 888 Puehla

414 949 540 1014 eaeque
556 931 809 1014 incorporentur
823 947 912 992 novo
926 925 1226 1010 archiepiscopatui
1243 925 1289 988 de
1305 923 1486 1005 Antequent

413 1032 494 1098 item
508 1034 616 1100 eidem
631 1029 931 1116 archiepiscopatui
942 1029 1141 1096 adnectatur
1156 1027 1325 1113 oppidum
1338 1025 1487 1103 deonna

413 1138 447 1202 in
464 1147 553 1203 statu
578 1137 667 1203 civili
690 1137 733 1202 de
761 1134 903 1202 Oaxaca
917 1135 1028 1200 situm.
1050 1133 1204 1200 Tandem
1220 1125 1486 1217 archiepiscopatui

413 1244 456 1308 de
488 1243 627 1308 Linares
658 1241 783 1324 exigua
813 1239 871 1304 illa
899 1259 976 1322 pars
1008 1240 1220 1325 episcopatus
1251 1238 1372 1306 Sancti
1400 1227 1486 1300 Aloisi

415 1343 620 1410 Potosiensis
636 1343 845 1408 adiudicetur
859 1361 945 1425 quac
961 1342 994 1406 in
1018 1340 1106 1405 civili
1122 1351 1213 1407 statu
1228 1343 1273 1406 de
1292 1341 1409 1407 Nuevo
1423 1335 1486 1400 laon

415 1444 479 1510 sita
494 1456 553 1512 est
570 1446 628 1513 Ad
640 1455 769 1512 ceteras
784 1454 896 1510 autem
912 1445 1083 1510 dioeceses
1094 1443 1162 1509 alio
1178 1445 1245 1510 iam
1264 1453 1413 1527 tempore
1425 1435 1487 1502 insti·

414 1557 506 1614 tutas
521 1550 613 1634 quod
630 1551 761 1628 attinet,
777 1549 858 1615 nihil
874 1568 963 1614 nunc
979 1549 1022 1614 de
1040 1568 1155 1614 comm
1171 1559 1261 1614 statu
1279 1559 1316 1615 et
1332 1543 1485 1614 delinitione

259 1695 389 1742 Nm„
414 1651 570 1718 volumus
595 1673 668 1718 esse
694 1653 953 1719 immutandum.
978 1653 1051 1718 lam
1076 1672 1156 1719 vero
1186 1673 1297 1720 novae
1323 1651 1445 1718 eaeden
1463 1649 1486 1704 ut

238 1753 390 1862 2⁶3⁸·ch
415 1755 600 1840 praefertur
612 1765 742 1822 erectae
751 1757 958 1822 cathedrales
968 1757 1283 1838 ecclesiae,servata
1295 1757 1394 1842 plena
1403 1751 1486 1816 inriun

238 1873 351 1944 quassis
415 1863 568 1944 paritate,
582 1859 740 1926 omnibus
756 1860 940 1926 identidem
956 1869 991 1926 et
1007 1855 1146 1945 singulis
1168 1863 1344 1946 gaudeant
1366 1867 1397 1923 et
1410 1855 1486 1918 fruan-

232 1937 366 1994 ΜΝ·
414 1973 469 2028 tur
497 1963 690 2041 honoribus,
714 1964 963 2048 praerogativis,
988 1964 1113 2048 gratiis,
1138 1965 1289 2044 indultis,
1321 1959 1485 2036 caeterisque

414 2067 536 2152 quibus
551 2066 637 2133 aliae
663 2068 696 2132 in
715 2067 896 2132 Mexicana
912 2067 1042 2133 ditione
1066 2067 1273 2134 cathedrales
1301 2054 1485 2134 ecclesiaste

416 2172 487 2238 iure
500 2172 672 2238 communi
688 2172 836 2256 gaudent
853 2181 954 2256 atque
969 2171 1131 2240 fruuntur.
1148 2173 1275 2238 Pariter
1300 2173 1357 2257 qui
1380 2163 1485 2234 titulun

416 2276 724 2360 praeeminentiam,
739 2275 938 2359 dignitatem
961 2284 995 2340 et
1019 2277 1240 2342 ministerium
1257 2271 1436 2360 episcopale
1446 2263 1485 2329 eri

415 2380 591 2446 habiturus
607 2379 763 2445 omnibus
777 2389 813 2444 et
835 2379 975 2462 singulis
990 2399 1076 2464 quae
1091 2380 1259 2446 ordinarie
1277 2381 1485 2465 episcoporum

416 2484 550 2567 propria
566 2491 644 2548 sunt
660 2482 788 2547 fruatur
802 2492 904 2567 atque
919 2481 1146 2568 perfungatur.
1159 2483 1269 2551 Simili
1281 2485 1382 2550 modo
1396 2487 1424 2544 et
1434 2468 1484 2538 non'

416 2587 557 2671 praefati
587 2585 851 2651 christifidelium
881 2607 1000 2671 greges
1030 2588 1147 2654 iisdem
1181 2590 1354 2673 gaudeant
1386 2581 1484 2649 iuribus

415 2690 607 2766 honoribus,
623 2687 791 2755 favoribus
805 2698 841 2755 et
865 2690 1054 2776 privilegiis,
1069 2692 1191 2776 quibus
1206 2713 1286 2758 oves
1303 2687 1447 2760 dioecesis
1458 2676 1483 2742 ad

415 2813 517 2878 quam
534 2801 709 2858 transeunt
724 2793 873 2876 gaudent
887 2794 931 2860 dc
946 2795 1016 2860 iure
1038 2798 1217 2862 communi.
1235 2797 1331 2862 Nihil
1345 2804 1441 2860 autem
1458 2781 1484 2845 dt

416 2897 580 2962 dictarum
599 2897 728 2962 noviter
752 2906 936 2962 erectarum
962 2899 1092 2965 sedium
1108 2900 1351 2984 episcopalium
1367 2899 1434 2962 dote
1447 2898 1484 2968 per

242 3047 390 3094 Novaseua
415 3009 607 3085 praesentes
623 3000 777 3066 ducimus
803 3021 875 3066 esse
899 3004 1182 3070 constituendum.
1203 3005 1314 3071 Nobis
1330 3003 1411 3070 enim
1430 2997 1483 3056 noa

228 3106 385 3228 mzljfffl
415 3115 465 3172 est
482 3105 655 3170 Mexicani
671 3105 786 3188 populi
802 3105 910 3189 pietas
923 3115 957 3172 et
972 3108 1097 3192 religio,
1106 3119 1313 3194 quapropter
1324 3099 1482 3175 confidimus

235 3239 349 3272 comm·
415 3231 492 3276 eum
509 3210 604 3275 novis
620 3209 797 3294 Episcopis
811 3211 902 3277 haud
928 3211 1119 3278 defuturum
1147 3214 1337 3298 iisdemque
1358 3203 1480 3276 auxillum

236 3284 336 3333 dam*
415 3326 448 3380 et
471 3315 704 3380 adiumentum
720 3315 967 3397 praestiturum,
982 3325 1019 3381 ut
1032 3317 1192 3401 pastorali
1217 3338 1355 3383 munere
1370 3311 1423 3397 ipsi
1433 3318 1480 3388 per·

415 3419 507 3502 fungi
524 3427 558 3483 et
573 3416 798 3502 episcopalem
824 3417 1024 3502 dignitatem
1049 3421 1206 3486 decenter
1232 3419 1367 3486 valeant
1380 3421 1479 3482 sertui

414 3519 584 3604 Quoniam
614 3540 694 3585 vero
718 3521 949 3606 maximopere
978 3523 1116 3589 interest
1146 3533 1183 3589 ut
1213 3533 1384 3609 tamquam
1404 3515 1480 3582 sliue

413 3622 601 3688 fructiferae
616 3623 649 3687 in
675 3621 799 3690 Christi
827 3624 966 3690 Domini
981 3628 1070 3710 agris
1085 3637 1278 3694 constanter
1293 3649 1355 3712 pro
1369 3631 1477 3700 unaqua·

412 3747 478 3812 que
502 3728 646 3793 dioecesi
677 3727 773 3812 probi
798 3728 956 3812 doctique
986 3740 1145 3813 parentur
1168 3732 1354 3817 presbyteri
1377 3730 1478 3810 operam

412 3840 567 3896 accurate
594 3831 746 3896 navaturi
772 3839 844 3896 tum
872 3831 994 3896 divinis
1009 3844 1043 3899 et
1058 3833 1290 3900 ecclesiasticis
1304 3833 1417 3906 officiis,
1430 3833 1476 3887 [ΠΒ]

412 3937 599 4002 animarum
616 3933 839 4000 aedificationi
856 3944 1077 4022 aeternaeque
1093 3935 1224 4004 illarum
1242 3940 1351 4018 saluti,
1365 3937 1476 4002 iuberius

270 4046 303 4092 la
318 4059 386 4116 ‚aaa
412 4041 535 4105 idcirco
561 4038 652 4122 quod
683 4039 716 4103 in
748 4058 949 4123 unaquaque
979 4041 1122 4106 dioecesi
1153 4043 1343 4128 episcopale
1371 4037 1475 4118 erigatur

233 4104 386 4236 {25:555
411 4143 626 4213 seminarium
651 4144 685 4206 in
710 4161 778 4227 quo
802 4144 1018 4228 excipiantur
1038 4155 1072 4210 et
1094 4145 1313 4212 instituantur
1327 4146 1410 4210 iuxta
1425 4125 1474 4197 Til·

233 4225 385 4330 ssw'm
411 4249 570 4314 dentinae
586 4245 716 4329 Synodi
732 4249 937 4330 praescripta
952 4247 974 4312 ii
1000 4247 1239 4328 adolescentes,
1255 4271 1338 4335 quos
1355 4227 1471 4332 Epistol)i

235 4339 362 4444 fisum·
411 4353 562 4433 inspecta
587 4351 741 4432 propriae
763 4351 926 4416 dioecesis
952 4352 1096 4418 utilitate
1112 4355 1162 4418 vel
1180 4357 1375 4420 necessitate
1386 4339 1470 4414 adnit-
