3310 4868
387 376 440 426 DE
468 375 680 424 LIBERTATE
708 375 886 426 HUMANA.
1127 373 1197 444 117

99 562 240 646 idemque
268 563 420 628 adhiberi
444 563 494 627 fas
518 583 592 627 esse
608 573 720 645 negat,
743 563 964 626 criminantur
993 583 1065 626 esse
1088 583 1109 627 a
1129 583 1187 645 pa·
1243 565 1338 661 Jffij'ffl

97 662 200 728 tientia
229 673 262 729 et
292 664 432 729 lenitate
464 665 631 744 alienam;
658 665 749 748 quod
779 685 855 730 curn
883 665 1019 743 iaciunt,
1051 666 1189 731 minime
1253 661 1319 708 ¹³⁸8·

97 768 240 846 sentiunt,
268 790 305 834 se
335 768 483 852 quidem,
512 770 603 852 quod
646 769 754 832 laudis
792 779 852 847 est,
881 773 914 833 in
947 769 1030 834 vitio
1056 789 1189 853 ponere.

96 871 155 936 Sed
171 873 201 936 in
213 883 308 938 tanta
323 873 550 938 ostentatione
566 873 766 948 tolerantiae,
781 894 816 937 re
840 893 1001 957 persaepe
1016 874 1192 957 contingit,

96 985 128 1039 ut
143 977 274 1042 restricti
286 999 327 1042 ac
342 989 477 1043 tenaces
493 979 527 1041 in
544 997 614 1042 rem
629 978 831 1042 catholicam
848 979 938 1044 sint:
954 988 987 1043 et
1011 980 1067 1062 qui
1089 981 1192 1062 uulgo

96 1079 268 1146 libertatem
296 1081 402 1147 effuse
426 1082 620 1164 largiuntur,
646 1082 747 1146 iidem
773 1080 912 1146 liberam
940 1083 1049 1146 sinere
1074 1081 1192 1147 Eccle-

101 1184 174 1247 siam
190 1187 311 1269 passim
329 1195 491 1251 recusant

1217 1333 1364 1371 escherw-

1246 1392 1336 1430 LATlO.

137 1496 178 1560 Et
192 1507 227 1563 ut
240 1499 352 1563 omnis
367 1499 476 1564 oratio
492 1499 646 1563 unacum
664 1498 880 1562 consectariis
895 1497 964 1562 suis
980 1498 1190 1583 capitulatim

96 1597 298 1686 breviterque,
330 1601 577 1685 perspicuitatis
606 1602 724 1684 gratia,
748 1601 935 1684 colligatur,
964 1621 1097 1666 summa
1132 1612 1191 1679 est,
1216 1593 1370 1699 ffll‘r‘gf

95 1705 277 1770 necessitate
293 1705 374 1784 lieri,
389 1717 426 1770 ut
452 1716 545 1770 totus
571 1706 708 1770 homo'
700 1727 733 1770 1n
759 1705 933 1770 verissima
964 1714 1263 1816 perpetuaquegn
1224 1713 1362 1758 sentiente

94 1817 248 1888 potestate
263 1809 329 1874 Dei
345 1810 409 1874 sit·
401 1809 573 1893 ,proinde
601 1809 790 1874 libertatem
817 1809 974 1888 hominis,
998 1811 1061 1874 nisi
1086 1811 1190 1874 obno-
1217 1772 1368 1878 staff

93 1913 178 1976 xiam
208 1915 281 1978 Deo
305 1916 443 1998 eiusque
475 1913 643 1978 voluntati
667 1914 863 1992 subiectam,
886 1914 1028 1997 intelligi
1054 1915 1192 1980 minime

93 2035 192 2096 posse.
207 2017 315 2100 Quem
332 2019 469 2102 quidem
482 2019 515 2082 in
535 2019 610 2082 Deo
626 2019 850 2101 principatum
878 2027 936 2082 aut
961 2037 1035 2082 esse
1060 2039 1192 2102 negare,

93 2129 146 2182 aut
163 2120 240 2185 ferre
255 2121 353 2199 nolle,
363 2143 430 2187 non
448 2122 542 2186 liberi
558 2122 705 2186 hominis
720 2131 780 2198 est,
796 2123 855 2186 sed
872 2123 1044 2186 abutentis
1059 2123 1101 2186 ad
1118 2143 1189 2206 per·

92 2221 282 2289 duellionem
308 2226 483 2290 libertate:
510 2225 710 2310 proprieque
726 2246 772 2289 ex
799 2227 901 2289 animi
927 2227 987 2290 tali
1014 2224 1192 2290 affectione

90 2327 284 2394 conflaturet
294 2329 658 2395 efficiturLeberalrsmr
667 2329 810 2412 capitale
821 2331 949 2395 vitrum
960 2329 1064 2394 Cuius
1076 2339 1189 2395 tamen
1237 2340 1367 2386 literalis·

89 2431 294 2516 distinguitur
320 2434 429 2498 iorma
456 2434 658 2517 multiplex:
682 2445 793 2518 potest
822 2433 911 2498 enim
938 2433 1095 2498 voluntas
1122 2454 1188 2498 non
1213 2405 1368 2516 milladi-

90 2553 151 2598 uno
166 2538 276 2614 modo,
291 2558 400 2622 neque
415 2559 485 2603 uno
510 2537 617 2622 gradu
632 2558 677 2602 ex
703 2538 995 2622 optemperatione
1010 2539 1190 2615 discedere,
1215 2532 1280 2636 {22⁶
1294 2519 1366 2623 ξῑζο

90 2659 166 2722 quae
180 2642 234 2706 vel
249 2642 335 2720 Deo,
354 2642 445 2706 vel''
424 2663 474 2721 ns,
489 2643 546 2726 qui
569 2651 773 2726 potestatem
801 2643 952 2707 divinam
978 2640 1190 2725 participant,
1212 2637 1295 2697 gradu
1314 2637 1367 2697 Μ·

93 2745 232 2812 debetur.

125 2851 301 2917 Profecto
291 2853 468 2936 imperium
493 2854 616 2916 summi
641 2852 706 2917 Dei
736 2853 888 2917 funditus
912 2871 1065 2915 recusare
1087 2859 1190 2934 atque
1260 2895 1295 2940 n·
1293 2909 1339 2940 ω

90 2973 216 3020 omnem
232 2955 458 3021 obedientiam
474 2977 610 3040 prorsus
625 2976 750 3022 exuere
774 2959 806 3020 in
832 2955 985 3039 publicis,
1007 2955 1060 3020 vel
1087 2955 1189 3020 etiarn
1219 2955 1240 3001 ‘⁸'
1296 2955 1364 3001 ‘itm‘

90 3056 117 3119 in
148 3061 285 3141 privatis
307 3061 569 3144 domesticisque
595 3060 703 3138 rebus,
730 3060 817 3124 sicut
845 3060 996 3124 maxima
1026 3057 1190 3124 libertatis
1211 3015 1365 3143 ‘'diditi'‘

59 3166 289 3243 ·perversitas,
316 3165 364 3230 ita
388 3169 571 3249 pessimum
588 3164 804 3230 Liberalismi
816 3174 868 3228 est
891 3183 1021 3247 genus:
1037 3163 1190 3228 omnino·
1214 3147 1365 3304 “giam

89 3286 146 3349 que
160 3271 202 3333 de
219 3269 284 3333 hoc
300 3268 441 3352 intelligi
457 3271 583 3335 debent
597 3289 684 3353 quae
700 3269 864 3334 hactenus
891 3278 1008 3334 contra
1031 3266 1253 3332 diximus'm

127 3373 281 3438 Proxima
304 3385 357 3439 est
383 3395 498 3440 eorum
525 3373 712 3457 disciplina,
738 3373 795 3457 qui
823 3374 939 3457 utique
966 3373 1191 3448 consentiunt,

86 3475 214 3541 subesse
231 3478 348 3542 mundi
364 3477 477 3561 opifici
489 3499 527 3542 ac
540 3476 682 3561 principi
693 3477 771 3542 Deo
785 3489 950 3560 oportere,
959 3477 1084 3560 quippe
1096 3477 1189 3540 cuius

87 3598 124 3643 ex
136 3583 273 3646 numine
298 3593 373 3649 tota
397 3593 448 3648 est
472 3593 553 3666 apta
576 3593 716 3648 natura:
733 3582 792 3646 sed
816 3582 917 3647 iidem
943 3581 1034 3665 leges
1057 3579 1134 3646 fidei
1156 3589 1189 3644 et
1234 3626 1286 3658 secu
1270 3611 1349 3656 m„

87 3703 207 3750 morum
211 3707 319 3770 ,quas
334 3697 454 3754 natura
469 3707 537 3752 non
553 3687 676 3769 capiat,
691 3687 764 3769 ipsa
781 3687 845 3750 Dei
870 3687 1072 3751 auctoritate
1087 3685 1190 3750 tradi·
1211 3671 1294 3802 {22³⁸
1292 3684 1367 3776 ξωῖ

86 3796 140 3864 tas,
161 3789 322 3855 audacter
357 3791 544 3874 repudiant,
567 3790 618 3854 vel
645 3788 767 3854 saltem
793 3790 874 3854 nihil
906 3811 979 3854 esse
1002 3791 1107 3866 aiunt,
1132 3806 1190 3851 cur
1211 3789 1367 3900 {pemm-

91 3909 195 3958 earum
211 3893 386 3972 habeatur,
407 3894 604 3978 praesertim
630 3894 801 3978 publice
793 3915 825 3957 ιη
843 3893 988 3971 civitate,
1010 3894 1106 3958 ratio.
1121 3890 1189 3974 Qui

90 3997 204 4074 pariter
226 4006 356 4082 quanto
380 3999 413 4062 in
439 4017 549 4062 errore
578 4008 762 4076 versentur,
784 4009 817 4062 et
844 4019 946 4082 quarn
974 3996 1190 4078 sibimetipsis

90 4116 195 4177 parum
212 4101 423 4179 cohaereant,
437 4121 539 4184 supra
555 4101 707 4166 vidimus.
727 4101 772 4167 Et
788 4101 831 4164 ab
847 4102 910 4165 hac
926 4099 1089 4178 doctrina,
1103 4106 1189 4161 tam·

94 4219 215 4283 quanta
231 4205 343 4289 capite
358 4206 589 4290 principioque
605 4225 676 4281 suu,
692 4205 748 4269 illa
773 4215 889 4269 manat
915 4203 1103 4287 perniciosa
1118 4221 1191 4266 sen·

94 4307 187 4372 tentia
203 4311 245 4374 de
262 4309 448 4375 rationibus
461 4309 634 4374 Ecclesiae
649 4329 669 4373 a
686 4309 859 4392 republica
869 4307 1100 4392 disparandis:
1115 4326 1191 4371 cum

94 4420 200 4476 contra
226 4413 362 4498 liqueat,
377 4414 530 4496 geminas
546 4421 740 4497 potestates,
757 4413 789 4476 in
819 4431 955 4476 munere
982 4411 1135 4476 dissimili
1159 4423 1192 4476 et
