3194 4872
417 387 467 438 DE
491 387 661 439 SUBLATA
682 387 903 440 SERVlTUTE.
1158 380 1202 454 73

118 587 182 630 mus
200 568 329 647 Paulus,
344 589 411 652 qua
438 569 560 634 Christi
587 568 768 653 urgebatur
792 570 939 646 caritate,
955 589 999 631 ex
1026 566 1099 650 ipso
1121 563 1203 626 Eius
1295 591 1314 636 s

116 671 204 733 corde
211 669 376 748 hauserat,
388 673 444 754 qni
460 693 496 736 se
511 672 646 737 fratrem
660 673 798 756 singulis
814 673 1007 755 cunctisque
1016 666 1204 735 hominibus
1266 638 1345 734 litis

116 769 305 854 perbenigne
319 773 458 848 dedidit,
479 774 602 856 quique
625 775 668 838 de
701 793 737 838 se
763 795 889 852 omnes,
908 793 949 838 ne
974 793 1041 837 uno
1071 767 1203 851 quidem

115 875 242 955 dempto
256 885 315 938 aut
330 876 533 958 posthabito,
544 879 592 940 ita
608 878 797 942 nobilitavit
812 887 848 942 ut
860 886 1031 942 consortes
1046 873 1204 938 adscisce·
1251 850 1378 952 affin?

116 987 161 1040 ret
184 986 316 1043 naturae
340 981 482 1046 divinae.
505 981 556 1046 Ea
581 983 653 1064 ipsa
674 1002 741 1046 non
766 1002 861 1046 secus
876 982 967 1046 fuere
989 1001 1028 1044 ac
1046 977 1206 1040 divinitus
1226 967 1381 1071 ww

118 1079 247 1146 insertae
270 1085 485 1166 propagines,
506 1104 591 1167 quae
609 1086 728 1150 mirum
754 1086 787 1149 in
813 1086 962 1156 modum,
977 1080 1205 1166 provenientes
1230 1083 1381 1189 ssfm‘fssj

117 1181 316 1251 effloruerunt
353 1188 396 1252 ad
438 1208 531 1270 spem
568 1189 829 1272 felicitatemque
867 1189 1032 1271 publicam
1049 1206 1057 1263 ;
1075 1204 1205 1271 quum,
1232 1216 1268 1248 ra.

116 1285 241 1350 decursu
258 1309 367 1352 rerum
384 1299 417 1355 et
433 1301 632 1374 temporum,
652 1303 886 1374 perseverante
908 1309 1006 1374 opera
1027 1287 1206 1362 Ecclesiae,

115 1390 244 1455 societas
260 1393 433 1458 civitatum
450 1395 493 1459 ad
508 1395 760 1460 similitudinem
785 1395 933 1460 familiae
956 1400 1114 1456 renovata
1130 1410 1204 1454 coa-

116 1496 213 1574 luerit,
223 1499 404 1565 christiana
420 1511 454 1564 et
471 1502 582 1566 libera.

152 1601 315 1684 Principio
335 1605 423 1668 enim
440 1604 658 1670 solertissima
673 1626 751 1670 cura
768 1605 936 1670 Ecclesiae
958 1604 991 1667 in
1018 1621 1059 1666 eo
1074 1609 1204 1664 versata
1254 1613 1299 1684 'At
1316 1609 1403 1680 exos-0

113 1713 165 1780 est,
179 1716 213 1768 ut
227 1708 373 1789 populus
389 1707 588 1773 christianus
603 1709 646 1773 de
671 1709 735 1774 hac
752 1711 853 1774 etiam
871 1707 981 1789 magni
998 1705 1154 1788 ponderis
1170 1725 1204 1768 re
1231 1671 1380 1776 mm

114 1807 266 1871 sinceram
291 1808 414 1873 Christi
439 1821 473 1874 et
488 1810 731 1891 Apostolorum
748 1812 932 1876 doctrinam
950 1809 1113 1890 acciperet
1129 1828 1204 1890 pro·
1232 1795 1380 1906 ᾖξ’ξῧ-ζξ

113 1909 211 1992 beque
240 1923 379 1978 teneret.
412 1914 485 1977 lam
517 1935 606 1979 nunc
631 1936 689 1997 per
710 1916 882 1980 Adamum
910 1932 1043 1989 novum,
1072 1911 1129 1994 qui
1153 1919 1204 1974 est
1230 1908 1343 1967 ‘²0f‘i0t‘·

114 2012 265 2091 Christus,
280 2018 551 2081 communionem
565 2017 744 2082 fraternam
762 2028 795 2083 et
818 2015 961 2082 hominis
977 2033 1053 2078 cum
1069 2013 1204 2078 homine

113 2128 141 2180 et
155 2121 261 2201 gentis
277 2141 355 2184 cum
370 2130 471 2202 gente
486 2122 690 2188 intercedere
701 2147 708 2186 :
721 2123 809 2205 ipsis,
820 2120 905 2184 sicut
921 2139 1022 2182 unam
1035 2118 1205 2182 eamdem·

111 2239 177 2302 que,
191 2225 279 2288 intra
294 2234 433 2288 naturae
446 2224 537 2304 fines,
552 2227 724 2308 originem,
740 2227 793 2298 sic,
809 2242 910 2306 supra
933 2231 1095 2298 naturam,
1106 2221 1204 2302 origi·

112 2343 179 2389 nem
202 2347 304 2392 unam
328 2328 549 2411 eamdemque
564 2349 637 2392 esse
652 2330 769 2393 salutis
780 2337 814 2390 et
826 2325 903 2390 fidei
922 2349 929 2390 :
945 2343 1063 2388 omnes
1083 2343 1204 2406 aequa-

111 2426 211 2494 biliter
233 2432 267 2496 in
295 2433 513 2515 adoptionem
538 2434 635 2497 unius
661 2433 725 2498 Dei
746 2440 778 2495 et
803 2429 911 2494 Patris
935 2429 1068 2504 accitos,
1080 2427 1204 2510 quippe

111 2551 186 2612 quos
211 2535 331 2599 eodem
358 2537 430 2618 ipse
453 2537 560 2618 pretio
585 2557 708 2620 magno
740 2553 807 2596 una
833 2531 1029 2595 redemerit:
1054 2530 1202 2593 eiusdem
1229 2572 1339 2616 mma„

110 2640 247 2718 corporis
280 2640 430 2703 membra
460 2660 586 2716 omnes,
616 2657 797 2721 omnesque
840 2637 989 2700 eiusdem
1025 2633 1203 2716 participes

110 2761 236 2806 mensae
264 2743 419 2807 divinae:
448 2745 605 2808 omnibus
637 2743 763 2827 gratiae
788 2759 934 2816 munera,
950 2739 1105 2803 omnibus
1121 2739 1201 2802 item

110 2863 237 2910 munera
252 2849 342 2911 vitae
358 2847 555 2912 immortalis
578 2858 752 2936 patere3-
770 2845 874 2908 Hisce
884 2843 1012 2925 positis,
1027 2850 1202 2924 tamquam
1329 2930 1334 2938 .

109 2947 201 3012 initiis
217 2960 252 3014 et
278 2950 514 3029 fundamentis,
529 2951 700 3016 contendit
728 2947 879 3022 Ecclesia
902 2957 939 3012 ut
963 2945 1089 3010 servilis
1113 2945 1202 3008 vitae
1226 2929 1379 3046 mfflffl

108 3054 255 3118 oneribus
271 3065 305 3119 et
321 3055 524 3138 ignominiae
549 3054 791 3138 mitigationem
807 3053 954 3134 aliquam
979 3050 1069 3113 bona
1096 3056 1201 3111 mater
1228 3061 1264 3092 ⁷¹⁸0
1281 3047 1378 3106 mirisa·

1226 3119 1252 3150 rc
1276 3106 1376 3158 studuit,

111 3155 232 3222 afferret
245 3181 255 3239 ;
289 3160 359 3222 eius
375 3159 421 3222 rei
445 3178 562 3223 caussa
589 3159 659 3224 iura
674 3167 776 3239 atque
799 3155 909 3220 officia
934 3141 1089 3219 dominos
1116 3152 1201 3215 inter
1227 3165 1379 3234 ‹pecierun-

108 3277 279 3344 servosque
295 3263 490 3339 necessaria,
504 3274 603 3344 prout
624 3259 788 3326 affirmata
803 3267 881 3322 sunt
908 3258 941 3320 in
958 3254 1200 3338 Apostolorum
1234 3229 1364 3343 affigi,

108 3363 259 3441 epistolis,
266 3363 425 3428 definivit
441 3365 615 3448 valideque
630 3363 887 3427 commendavit.
897 3396 941 3408 -
956 3357 1199 3441 Apostolorum

107 3460 188 3524 enim
205 3463 370 3545 principes
397 3465 444 3528 ita
470 3483 581 3528 servos
601 3481 685 3546 quos
709 3462 936 3526 adiunxerant
961 3458 1096 3524 Christo
1111 3446 1213 3521 com·¹
1256 3443 1348 3547 ‘m‘

108 3567 304 3631 monebant:
321 3566 461 3632 Subditi
473 3576 568 3630 estote
584 3565 617 3628 in
640 3565 732 3628 omni
745 3565 871 3649 timore,
888 3583 951 3627 non
967 3572 1097 3625 tantum
1112 3560 1203 3624 bonis

107 3679 135 3730 et
147 3671 305 3750 modestis,
321 3672 485 3736 sedetiam
498 3671 633 3754 dyscolis
644 3670 695 3754 (1).
714 3671 844 3736 Obedite
859 3669 1002 3733 dominis
1015 3665 1203 3731 carnalibus

107 3792 172 3836 cum
199 3779 311 3840 timore
335 3786 368 3839 ct
391 3786 536 3854 tremore,
566 3775 601 3838 in
627 3775 834 3858 simplicitate
858 3773 964 3837 cordis
989 3771 1099 3848 vestri,
1120 3769 1204 3833 sicut

110 3878 232 3943 Christo
244 3904 259 3956 ,·
274 3903 335 3946 non
351 3881 399 3945 ad
410 3883 536 3946 oculum
565 3879 749 3958 servientes,
764 3878 864 3962 quasi
884 3871 1201 3955 hominibusplacen·

108 3991 156 4059 tes,
170 3985 229 4046 sed
240 3996 276 4048 ut
288 3987 378 4050 servi
395 3983 528 4063 Christi,
530 3985 696 4066 facientes
720 3985 923 4048 voluntatem
934 3980 1002 4044 Dei
1022 3999 1063 4042 ex
1083 3976 1201 4050 animo,

106 4106 172 4148 cum
186 4087 266 4164 bona
281 4089 448 4154 voluntate
462 4088 642 4167 servientes,
657 4089 743 4151 sicut
756 4087 907 4162 Domino,
920 4093 953 4148 et
974 4103 1036 4146 non
1062 4079 1200 4144 homini-

109 4187 160 4252 bus
168 4215 183 4267 ,·
193 4192 325 4257 scientes
332 4194 486 4276 quoniam
496 4191 716 4274 unusquisque
726 4190 942 4274 quodcumque
942 4185 1063 4268 fecerit
1076 4183 1201 4262 bonum,

109 4289 160 4353 froc
172 4294 297 4376 recipiet
309 4319 331 4362 a
345 4296 497 4374 Domina,
507 4296 577 4360 sive
590 4315 705 4360 servus
714 4293 784 4358 sive
806 4293 889 4356 liber
902 4291 952 4372 (2).
971 4290 1064 4353 Idem
1079 4288 1200 4351 Paulus

138 4447 156 4478 1.
169 4435 259 4491 1Petr.,
271 4449 298 4491 n,
309 4441 344 4487 ιθ.
355 4453 412 4486 -a
426 4439 499 4498 Eph..
511 4447 547 4489 vr.
555 4440 602 4497 5-8.
