3230 4874
138 742 170 813 ,a
196 717 246 780 ad
262 718 569 781 Maximillanum
586 719 680 779 zara
700 715 921 792 praesidem,
943 716 1166 790 sodalesque
1196 674 1223 793 {i

129 818 162 860 41,
1196 805 1218 841 ⁸*

125 974 161 1011 2¹4:
272 1008 315 1013 „-
1196 957 1217 1019 Ξ.

316 1183 347 1250 Ε
366 1183 529 1249 societate
543 1182 608 1249 ista
623 1192 743 1262 vestra,
760 1182 869 1248 Nobis
893 1183 1031 1269 quidem
1056 1186 1161 1269 probe
1175 1205 1230 1252 co·
1326 1198 1344 1242 8

121 1180 312 1560 [3
337 1287 442 1372 gnita,
470 1288 659 1370 gaudemus
684 1287 774 1370 quod
805 1307 932 1353 annum
963 1288 1031 1352 iam
1061 1289 1229 1354 decimum
1295 1257 1368 1367 iisssl

337 1391 505 1476 quintum,
534 1391 692 1456 navando
722 1390 850 1458 utiliter
881 1411 1029 1475 operam,
1069 1392 1231 1477 exegerit,
1292 1417 1408 1488 Ponuyex

338 1491 505 1578 simulque
515 1493 716 1560 confidimus
732 1493 802 1559 lore
818 1503 864 1572 ut,
888 1515 910 1560 a
925 1493 1062 1560 salutari
1075 1495 1229 1562 instituto
1253 1477 1398 1584 Ἅξῖᾖξζ,

118 1621 184 1667 suo
199 1599 281 1666 nibil
297 1599 484 1676 discedens,
498 1597 616 1663 florere
632 1609 751 1684 pergat
766 1607 801 1664 et
816 1600 860 1664 ad
874 1599 1002 1664 maiora
1016 1603 1229 1682 contendere.
1252 1595 1406 1702 mm

118 1700 343 1768 Voluntatem
359 1699 511 1782 prolecto
527 1697 672 1764 alacrem
689 1707 846 1782 recteque
861 1697 1005 1766 faciendi
1020 1701 1177 1784 cupidam
1194 1701 1226 1766 in
1398 1689 1405 1710 '

118 1823 163 1870 eo
199 1801 421 1888 perspicimus
458 1801 551 1885 quod
583 1802 686 1868 modo
713 1801 915 1878 decrevistis,
937 1804 1110 1888 quoddam
1136 1804 1229 1871 velut

118 1905 239 1972 loedus
256 1907 344 1972 inter
358 1904 542 1972 catholicos
558 1905 667 1971 iacere
682 1907 725 1971 ad
736 1925 915 1989 pravorum
925 1906 1086 1992 cuiusque
1097 1907 1228 1992 generis

118 2009 320 2094 scriptorum
336 2008 547 2094 prohibenda
560 2009 729 2094 contagia.
753 2008 931 2094 Optimum
955 2030 1037 2076 sane
1051 2011 1228 2078 consilium
1253 2009 1392 2065 consuram,

117 2135 159 2180 ac
173 2123 460 2200 peropportunum
476 2137 484 2180 ι
498 2133 600 2179 nemo
615 2114 705 2178 enim
732 2133 799 2178 non
815 2111 908 2181 videt
922 2113 1056 2197 qualem
1080 2116 1228 2183 moribus

118 2214 242 2300 labem,
276 2229 439 2304 quantam
471 2217 623 2302 religioni
662 2217 838 2302 ordinique
874 2218 1010 2303 publico
1046 2220 1227 2304 perniciem

115 2321 263 2389 inserant
288 2321 478 2388 istiusmodi
501 2320 666 2406 flagitiose
682 2322 850 2406 impieque
866 2323 999 2406 scripta,
1020 2342 1108 2406 quae
1123 2323 1227 2388 incre-

115 2426 214 2492 dibili
240 2427 337 2511 copia
347 2425 559 2492 disseminari
569 2427 603 2492 in
619 2425 740 2510 vulgus
755 2426 906 2510 quotidie
921 2426 1085 2494 solent-
1099 2426 1227 2512 Quam·
1246 2467 1356 2528 sm,

115 2547 221 2612 quam
252 2549 332 2594 vero
358 2539 455 2596 tanta
479 2528 559 2595 mali
591 2529 641 2594 vis
661 2549 701 2594 ac
738 2528 939 2614 magnitudo
971 2539 1022 2594 est
1053 2540 1090 2595 ut
1117 2529 1228 2616 stirpi·

116 2641 174 2700 tus
189 2633 323 2700 extrahi
350 2633 528 2720 penitusue
542 2632 711 2718 prohiberi
732 2633 824 2698 nulla
848 2635 998 2699 humana
1022 2655 1088 2720 ope
1112 2637 1228 2720 possit,

115 2745 251 2823 oportet
266 2746 381 2803 tamen
398 2757 461 2821 pro
476 2736 562 2804 virili
579 2747 675 2823 perte
691 2738 844 2804 resistere
861 2762 870 2804 ε
889 2738 996 2804 minui
1012 2738 1102 2804 enim
1118 2750 1153 2804 et
1168 2738 1227 2804 ali-

115 2849 285 2926 quatenus
319 2839 547 2906 circumscribi
571 2841 639 2906 acri
670 2860 749 2907 eura
776 2840 1007 2926 industriaque
1032 2849 1153 2926 potest
1184 2879 1228 2892 -—

117 2942 234 3030 Quare
256 2945 358 3029 agite,
383 2944 497 3010 dilecti
524 2943 593 3025 lilii,
619 2945 829 3030 propositum
856 2945 1009 3010 animose
1036 2945 1113 3011 Deo
1141 2944 1228 3011 bene
1252 2928 1404 3035 ’Ῑξζῖξζξζ

116 3049 255 3114 iuvante
280 3047 444 3114 insistite:
467 3057 663 3135 quantoque
690 3049 798 3133 magis
824 3049 966 3116 lectores
990 3050 1184 3116 studueritis
1207 3072 1227 3114 a
1251 3047 1315 3096 ¹⁸⁸·

115 3153 284 3238 corruptis
307 3151 459 3219 lontibus
485 3173 650 3234 revocare,
680 3155 724 3220 ad
754 3153 904 3220 salubres
927 3153 1104 3233 adducere,
1129 3163 1226 3220 tanto

116 3256 239 3322 melius
252 3277 313 3322 vos
328 3258 373 3323 de
398 3255 559 3342 religione
580 3258 797 3344 honestisque
815 3257 974 3338 moribus,
988 3259 1058 3324 irno
1083 3258 1128 3324 de
1153 3257 1227 3341 ipsa

116 3359 339 3446 prosperitate
354 3359 491 3446 publica
515 3363 675 3427 meruisse
699 3371 863 3446 putatote.
880 3360 1085 3430 Caelestium
1108 3380 1225 3426 mune-

116 3485 191 3530 rum
214 3465 385 3550 auspicem
408 3474 443 3530 et
469 3465 725 3533 benevolentiae
752 3466 899 3532 Nostrae
925 3475 1047 3532 testem
1077 3464 1229 3548 accipite,

117 3567 231 3635 dilecti
246 3566 315 3648 lilii,
329 3567 568 3653 Apostolicam
583 3570 863 3651 benedictionem,
887 3590 989 3656 quam
1014 3569 1109 3635 vobis
1132 3589 1227 3655 pera·

118 3682 251 3740 menter
265 3672 484 3758 impertimus

161 3771 292 3840 Datum
309 3774 441 3840 Romae
455 3776 546 3860 apud
565 3777 600 3844 S.
618 3779 753 3844 Petrum
768 3779 824 3844 die
840 3777 1019 3862 8Augusti
1035 3778 1127 3856 1890,
1141 3778 1227 3842 Pon-

117 3876 264 3946 tificatus
280 3879 396 3946 Nostri
412 3881 650 3949 nonodecimo
666 3882 774 3950 tertio.

524 4065 621 4135 LEO
646 4067 709 4134 PP.
732 4067 835 4135 xm.
878 4121 881 4128 .
