3336 4870
194 399 273 462 Qun
301 395 553 448 UNIVERSITAS
581 391 840 444 WASHINGTON
867 393 1160 446 CONSTITUITUR.
1231 395 1297 444 221

194 575 303 639 iustae
318 593 357 636 ac
373 571 542 655 legitimae
568 569 805 636 Universitatis
821 571 1007 634 studiorum
1025 571 1096 634 iura
1114 567 1302 634 tribuimus.
1328 569 1479 690 illvm

195 678 403 743 Potestatem
420 677 533 758 itaque
557 673 751 738 academiae
767 683 896 738 vestrae
920 673 1071 750 iacimus,
1086 682 1128 737 ut·
1147 671 1302 736 alumnos
1327 703 1365 758 eas
1400 689 1479 760 ous-

193 800 337 866 quorum
367 778 521 844 doctrina
547 778 789 861 experimentis
816 776 958 861 probata
978 777 1087 856 luerit,
1107 777 1150 840 ad
1179 777 1302 859 gradus
1328 751 1479 854 ἥψω

192 904 280 968 quos
295 893 417 948 vocant
440 882 650 947 academicos
662 881 846 964 provehere
857 881 972 964 possit,
995 882 1144 963 itemque
1163 881 1206 944 ad
1233 898 1303 944 ma·

193 986 321 1070 gisterii
336 983 495 1061 lauream,
510 995 582 1047 tum
600 986 632 1047 in
650 983 890 1067 philosophicis
911 994 945 1048 et
966 982 1164 1066 theologicis
1180 982 1301 1047 doctri·

196 1091 257 1168 nis,
272 1100 344 1152 turn
358 1089 391 1152 in
418 1089 489 1152 iure
505 1085 678 1170 pontificio
699 1087 905 1169 caeterisque
915 1085 1101 1169 disciplinis
1128 1085 1162 1148 in
1178 1083 1301 1168 quibus

193 1195 320 1276 gradus
335 1201 369 1257 et
385 1191 532 1256 lauream
549 1190 691 1256 conferri
709 1211 781 1255 mos
804 1199 865 1267 est,
880 1209 956 1254 cum
984 1210 1098 1254 earum
1125 1191 1158 1252 in
1183 1192 1302 1254 acade-

195 1298 284 1361 miae
294 1297 374 1360 sede
385 1295 677 1379 progredientibus
688 1294 784 1358 annis
797 1293 920 1358 suerint
931 1293 1126 1376 magisteria
1139 1292 1302 1358 instituta.

194 1439 238 1452 -
253 1401 422 1465 Volumus
437 1409 549 1464 autem
563 1410 606 1476 te,
621 1399 743 1464 dilecte
768 1399 832 1462 Fili
860 1397 993 1476 Noster,
1002 1417 1138 1480 vosque,
1152 1397 1302 1463 Venera-
1350 1435 1479 1497 Aug-„g

195 1507 281 1572 biles
297 1505 442 1583 Fratres,
456 1515 567 1569 rectae
582 1504 770 1570 studiorum
788 1503 909 1567 rationi
925 1512 958 1568 et
982 1501 1180 1585 disciplinae
1196 1505 1302 1569 alum·
1357 1503 1450 1554 “W

196 1631 316 1676 norum
333 1611 366 1675 in
377 1619 488 1675 vestra
501 1609 729 1674 Universitate
745 1607 898 1686 tuendae,
914 1608 1007 1690 vigili
1029 1628 1109 1672 cura
1141 1628 1303 1690 praeesse,
1348 1555 1465 1664 saw

196 1718 267 1780 sive
292 1735 352 1801 per
372 1735 433 1779 vos
457 1715 557 1798 ipsos,
572 1714 643 1777 sive
670 1734 730 1796 per
748 1712 896 1777 delectos
920 1733 964 1776 ex
989 1713 1084 1777 vobis
1113 1712 1303 1792 Antistites,
1327 1674 1470 1803 caim-¹

194 1841 281 1906 quos
296 1821 375 1886 huic
401 1818 531 1884 muneri
546 1815 788 1902 praeficiendos
803 1818 1009 1884 censueritis.
1027 1854 1066 1867 -
1082 1816 1169 1883 Cum
1202 1839 1301 1902 porro
1328 1806 1384 1897 {221
1407 1797 1479 1838 ‘’m‘'

194 1928 351 2011 princeps
367 1929 453 1988 inter
466 1922 685 2008 Episcopales
701 1922 947 1987 foederatorum
973 1921 1152 1987 Americae
1169 1936 1301 2007 septen·

193 2029 347 2095 trionalis
378 2036 527 2092 statuum
551 2026 648 2090 sedes
685 2026 940 2091 Baltimorensis
985 2025 1038 2102 sit,
1065 2025 1302 2091 Baltimorensi

194 2130 461 2216 Arehiepiscopo
485 2129 623 2213 eiusque
647 2130 893 2194 successoribus
910 2149 1031 2193 munus
1061 2130 1248 2207 tribuimus,
1264 2137 1301 2195 ut

195 2237 343 2320 supremi
359 2233 552 2300 academiae
568 2233 788 2298 moderatoris
804 2254 863 2297 seu
890 2232 1078 2297 cancellarii
1100 2233 1301 2299 auctoritate
1348 2284 1478 2331 neroum

195 2338 363 2422 iungatur.
379 2336 543 2420 Cepimus
558 2346 731 2418 praeterea
750 2347 787 2400 ut
813 2335 1000 2400 studiorum
1027 2334 1208 2400 methodus
1234 2354 1299 2398 ser·
1325 2342 1470 2446 prauum„

195 2444 317 2520 nanda,
344 2462 402 2506 seu
423 2450 676 2526 programmata
702 2442 964 2524 disciplinarum,
989 2441 1130 2525 quaein
1157 2440 1299 2507 Univer·
1326 2412 1392 2507 aff
1409 2409 1476 2462 ‘m

196 2547 297 2612 sitate
314 2556 423 2610 vestra
438 2546 621 2624 tradentur,
636 2565 676 2610 ac
703 2546 736 2609 in
768 2545 884 2629 primis
914 2545 960 2610 rei
991 2543 1243 2630 philosophicae
1267 2555 1301 2608 et

194 2650 416 2734 theologicae,
431 2649 507 2715 huic
529 2650 748 2733 Apostolicae
771 2649 851 2716 Sedi
867 2651 1103 2732 cognoscenda
1118 2649 1302 2714 exhibean-

195 2765 260 2833 tur,
275 2775 343 2838 quo
372 2755 443 2819 eius
469 2755 716 2840 approbatione
737 2753 833 2818 firma
857 2765 890 2820 et
925 2764 997 2818 rata
1018 2755 1094 2833 sint,
1121 2763 1222 2839 atque
1254 2757 1302 2821 uti

195 2859 437 2925 Universitatis
452 2859 601 2924 eiusdem
619 2860 810 2942 magisteria
826 2861 858 2923 in
877 2861 968 2924 omni
996 2860 1224 2924 doctrinarum
1245 2879 1302 2944 ge·

193 2983 275 3028 nere
301 2963 349 3027 ita
375 2963 442 3028 sint
468 2963 661 3040 constituta,
678 2973 715 3028 ut
738 2963 849 3028 clerici
876 2963 1012 3027 iuvenes
1036 2983 1075 3027 ac
1096 2964 1171 3027 laici
1196 2984 1302 3049 aeque

194 3067 484 3151 opportunitatem
524 3067 682 3145 habeant,
706 3088 773 3153 qua
818 3067 949 3150 possint
990 3069 1091 3151 pleno
1125 3068 1300 3133 doctrinae

194 3171 322 3256 pabulo
338 3171 483 3236 nobilem
501 3171 660 3236 scientiae
672 3171 892 3255 cupiditatem
903 3172 1048 3254 explere.
1060 3172 1100 3236 In
1117 3172 1169 3235 his
1185 3183 1298 3237 autem

195 3274 397 3358 magisteriis
412 3275 576 3352 volumus,
592 3285 628 3338 ut
640 3275 721 3339 iuris
735 3295 870 3359 quoque
890 3274 1054 3357 pontificii
1078 3285 1113 3340 et
1143 3276 1223 3340 iuris
1247 3297 1298 3341 ec·

192 3379 371 3444 clesiastici
393 3377 517 3462 publici
541 3379 713 3444 doctrinae
737 3381 921 3444 tradendae
951 3379 1066 3445 schola
1097 3381 1299 3461 instituatur,

195 3502 297 3566 quam
314 3481 502 3546 doctrinam
519 3482 571 3545 his
586 3482 765 3565 praecipue
781 3483 989 3566 temporibus
1004 3485 1119 3568 magni
1136 3486 1299 3550 momenti

195 3605 269 3649 esse
281 3585 523 3668 cognoscimus.
537 3623 582 3634 -
599 3587 786 3651 Hortamur
800 3607 901 3670 porro
921 3607 981 3651 vos
993 3607 1120 3666 omnes,
1136 3599 1174 3652 ut
1188 3598 1300 3654 vestra

195 3690 384 3768 seminaria,
393 3689 544 3774 collegia,
560 3690 692 3773 aliaque
704 3691 868 3756 catholica
898 3692 1061 3768 instituta,
1078 3692 1299 3760 Universitati
1354 3731 1398 3778 Aa
1416 3732 1476 3778 ,m

194 3803 327 3858 vestrae
342 3801 442 3876 prout
461 3793 494 3858 in
516 3793 652 3858 statutis
668 3794 826 3872 innuitur,
840 3796 984 3860 adscribi
996 3798 1127 3874 curetis,
1146 3798 1299 3862 omnium
1325 3792 1413 3850 ’ΨΜ
1451 3797 1475 3837 ‘l

193 3910 312 3966 tamen
333 3900 489 3967 libertate
520 3900 614 3966 salva
643 3910 677 3967 et
704 3901 872 3968 incolumi.
893 3901 971 3987 Quo
992 3914 1106 3970 autem
1131 3905 1299 3971 uberiores
1322 3851 1478 3957 32⁸1?ch

195 4005 323 4071 fructus
339 4025 384 4070 ex
405 4006 504 4070 variis
521 4005 626 4089 Lycei
643 4005 759 4090 Magni
775 4006 960 4090 disciplinis
970 4008 1004 4071 in
1020 4007 1133 4090 plures
1148 4009 1298 4075 deriven·
1321 3975 1477 4100 {mm

193 4121 259 4188 tur,
273 4110 383 4193 placet
400 4120 438 4176 ut
451 4111 494 4174 ad
512 4129 569 4174 eas
584 4110 716 4175 scholas
746 4112 941 4195 praesertim
957 4111 1165 4195 theologicas
1178 4126 1211 4179 et
1227 4116 1299 4198 phi·
1326 4088 1446 4136 'mm'

192 4212 394 4296 losophicas,
411 4232 453 4278 ne
468 4215 548 4278 dum
565 4213 789 4298 admittantur
800 4214 822 4278 ii
835 4215 893 4297 qui
908 4233 948 4278 ea
960 4216 1072 4281 studia
1087 4217 1301 4298 absolverint,

188 4327 232 4381 ut
242 4314 383 4381 Concilii
393 4315 533 4399 plenarii
544 4317 634 4381 tertii
646 4315 900 4382 Baltimorensis
916 4317 1050 4382 decreta
1064 4318 1300 4400 serunt,verum

191 4428 229 4483 et
243 4417 266 4483 ii
279 4420 380 4485 etiam
397 4421 453 4504 qui
469 4419 521 4485 vel
543 4419 740 4505 incipiendis
756 4420 808 4486 vel
831 4422 1072 4506 prosequendis
1096 4427 1167 4490 eius
1190 4429 1295 4494 scien·
