3140 4866
309 359 361 410 os
378 358 410 410 a.
432 360 472 410 u.
493 357 527 410 u.
549 356 727 410 enraoun
740 355 858 408 coum
876 357 983 410 sato.
1116 359 1186 432 255

85 537 150 603 Dei
162 553 286 619 easque
301 532 405 596 nobili
429 532 551 596 sudore
576 529 767 596 fecundant
793 531 914 616 Itaque
929 551 1005 597 cum
1022 533 1187 600 bonorum
1238 549 1331 647 JU²L1H

81 641 233 707 omnium
248 637 359 702 datori
380 635 456 700 Deo
479 634 605 718 gratias
625 634 765 717 agimus,
788 643 860 698 tum
889 636 1016 700 meritis
1033 636 1188 704 laudibus
1258 626 1337 707 18ss

84 746 226 810 libenter
253 740 485 825 prosequimur
512 747 721 822 praestantes
759 739 858 815 viros,
887 740 944 822 qui
987 740 1189 808 christianae

85 850 244 914 Afrorum
261 845 409 910 culturae
426 852 600 926 praesunt;
623 853 657 906 et
686 842 798 925 placet
813 844 847 907 in
863 843 979 928 primis
1004 867 1189 913 memorare

89 953 247 1019 dilectum
264 948 369 1013 filium
382 946 568 1014 Osvaldum
582 946 726 1011 Mariam
742 945 818 1011 Van
828 947 872 1010 de
888 947 1019 1030 Berghe
1030 950 1190 1016 ecclesiae

91 1057 209 1125 Sancti
228 1051 583 1136 losephiAntuerpiae
604 1050 797 1134 parochum,
811 1049 869 1133 qui
884 1053 1009 1134 primas
1028 1055 1190 1121 stationes

86 1161 268 1245 religiosas,
284 1157 366 1222 utile
380 1156 517 1238 quidem
534 1173 572 1220 ac
584 1154 792 1218 fructuosum
817 1173 913 1238 opus,
938 1157 1051 1221 studio
1076 1179 1190 1245 sump-

81 1279 184 1350 tuque
199 1283 261 1328 suo
276 1259 529 1327 constituendas
552 1259 690 1324 curavit.
720 1259 903 1342 Participes
931 1281 1007 1324 curn
1039 1281 1079 1326 eo
1105 1265 1189 1329 sicut

85 1369 210 1454 operis,
243 1366 289 1430 ita
304 1363 439 1446 gloriae,
468 1363 623 1426 novimus
649 1381 722 1425 esse
751 1361 892 1426 dilectos
922 1361 1008 1428 filios
1040 1364 1190 1432 Comites

87 1473 288 1538 Mauritium
303 1471 347 1534 de
363 1469 511 1534 Ramaix
527 1477 561 1532 et
571 1467 827 1533 Florimundum
839 1469 883 1533 de
900 1469 1074 1554 Bergeyck
1098 1492 1191 1556 egre-

85 1579 139 1661 gie
154 1586 188 1642 et
207 1577 298 1659 ipsos
313 1575 356 1638 de
372 1571 450 1636 fidei
473 1592 533 1655 per
558 1570 714 1653 Congum
746 1573 990 1656 propagatione
1017 1587 1192 1655 merentes,

85 1701 221 1766 unaque
231 1699 307 1743 cum
323 1679 363 1742 iis
376 1676 586 1742 Ludovicum
616 1696 682 1740 van
706 1675 912 1754 Ockerhout,
922 1679 980 1761 qui
990 1678 1189 1762 hospitalem

84 1786 228 1850 domum
254 1784 287 1847 in
315 1799 497 1866 egenorum
528 1780 713 1845 subsidium
741 1801 802 1846 sua
839 1781 992 1864 impensa
1022 1785 1193 1856 excitauit.

88 1890 219 1956 Verum
237 1888 309 1952 Nos
326 1905 393 1951 non
420 1887 468 1950 ita
483 1885 663 1968 Belgarum
679 1886 792 1950 studio
817 1886 851 1950 in
877 1885 986 1969 Congi
1002 1888 1194 1972 regionibus

88 1993 255 2076 evangelii
286 1989 361 2054 luce
390 1989 625 2053 collustrandis
649 2009 891 2072 permovemur,
917 2010 1018 2073 quam
1050 1995 1194 2060 iucunde

90 2095 256 2161 afficimur
271 2091 430 2176 singulari
452 2112 566 2156 eorum
583 2092 719 2174 pietate,
733 2111 865 2156 summa
877 2091 942 2156 fide
958 2103 992 2157 et
1007 2115 1067 2177 spe
1091 2117 1192 2179 quam

89 2200 124 2263 in
138 2199 216 2264 Deo
230 2197 374 2283 positam
386 2196 519 2260 habent.
535 2196 689 2278 Ipsorum
706 2195 794 2260 enim
815 2195 950 2279 plurimi
971 2197 1060 2260 haud
1086 2201 1193 2282 ignari

1242 2252 1369 2296 Postulan-

91 2304 224 2367 labores
234 2322 313 2366 suos
331 2302 365 2366 in
387 2301 529 2365 colendo
540 2321 623 2383 agro
635 2300 817 2365 Dominico
840 2308 910 2364 tam
938 2301 1071 2367 deserto
1093 2312 1194 2386 atque
1219 2309 1282 2380 saus
1295 2309 1370 2413 ffl-

91 2427 213 2490 aspero
228 2406 490 2504 haudquaquam
517 2425 615 2488 pares
641 2404 779 2482 futuros,
808 2405 872 2469 nisi
902 2405 1056 2473 caelestis
1077 2409 1195 2472 vineae
1217 2383 1315 2499 ffis'sssa
1333 2383 1370 2414 ‘a'

91 2509 263 2574 Dominus
274 2509 361 2573 vires
370 2507 752 2591 suppeditarit,divinam
762 2508 833 2574 eius
842 2508 1194 2592 opemimplorandam
1220 2487 1371 2594 mat?

92 2621 126 2676 et
143 2614 360 2697 interpretem
377 2621 531 2677 votorum
548 2611 812 2696 adiutricemque
826 2612 1053 2678 adhibendam
1072 2615 1195 2680 Imma·
1218 2605 1371 2726 m'gff‘

92 2717 241 2783 culatam
273 2716 417 2780 Mariam
454 2715 630 2798 Virginem
654 2717 810 2781 concordi
837 2718 950 2781 studio
988 2730 1197 2785 censuerunt.
1222 2728 1333 2772 Patrona

90 2817 186 2886 Nihil
210 2823 315 2886 immo
346 2820 415 2885 lore
439 2821 550 2902 aptius
573 2829 676 2902 atque
702 2821 924 2905 opportunius
951 2822 990 2885 iis
1008 2823 1117 2888 visum
1137 2835 1197 2901 est,
1219 2787 1348 2899 mlum*

91 2941 194 3005 quam
212 2933 250 2990 ut
276 2926 309 2988 in
330 2923 538 2989 abducendis
567 2925 612 2988 ab
627 2945 773 2989 errorum
790 2925 1026 3009 superstitione
1041 2929 1197 3010 gentibus

92 3025 205 3112 Congi
218 3030 325 3112 iisque
334 3028 377 3092 ad
393 3047 507 3092 veram
519 3026 643 3093 Christi
660 3027 859 3110 sapientiam
872 3029 1086 3108 advocandis,
1100 3031 1197 3096 item-

91 3133 204 3203 quein
220 3133 379 3196 servitute
396 3131 604 3214 Nigritarum
619 3131 928 3209 delenda‚eamdem
944 3133 1007 3196 sibi
1020 3133 1198 3200 caelestem

95 3231 278 3300 Patronam
295 3235 518 3300 adsciscerent
534 3233 738 3299 Genitricem
756 3233 833 3298 Filii
863 3235 938 3312 Dei,
956 3255 976 3299 a
996 3255 1066 3318 quo
1086 3237 1198 3304 lumen

90 3339 256 3403 mentium
273 3348 307 3404 et
319 3337 462 3404 filiorum
479 3337 666 3402 libertatem
694 3337 893 3422 accepimus.
910 3337 1042 3421 Quibus
1057 3360 1076 3403 e
1100 3340 1199 3407 rebus

90 3438 237 3508 dilectus
253 3443 357 3507 Filius
369 3443 493 3508 Noster
510 3443 626 3507 Petrus
642 3443 844 3510 Lambertus
858 3441 892 3509 S.
907 3442 947 3508 R.
964 3443 1005 3509 E.
1022 3444 1201 3529 Presbyter

94 3539 284 3610 Cardinalis
297 3545 467 3612 Goossens
483 3565 528 3610 ex
544 3547 795 3630 dispensatione
812 3545 1012 3629 Apostolica
1025 3548 1199 3634 Archiepi·

93 3663 219 3732 scopus
234 3651 486 3715 Mechliniensis
498 3659 533 3715 et
548 3671 682 3734 praeses
697 3651 893 3716 honorarius
909 3649 997 3714 illius
1013 3655 1199 3738 coetus,qui

93 3765 181 3832 opus
197 3753 274 3819 fidei
291 3755 325 3819 in
342 3755 461 3842 Congo
476 3754 616 3839 Belgico
639 3756 834 3820 dilatandae
848 3755 1044 3820 omnimode
1066 3778 1200 3842 promo-

94 3861 162 3933 vet,
173 3868 209 3924 et
224 3858 442 3924 Venerabiles
456 3858 589 3923 Fratres
601 3859 727 3941 Belgici
740 3857 921 3924 Antistites
937 3879 1004 3923 una
1019 3879 1095 3925 cum
1112 3861 1201 3929 clero

93 3965 127 4019 et
147 3963 314 4045 supremis
339 3961 607 4028 moderatoribus
630 3962 749 4046 Congi,
780 3981 839 4026 nec
868 3982 937 4026 non
970 3961 1114 4030 illustres
1144 3968 1200 4032 alii

90 4059 219 4136 pietate
241 4074 277 4131 ct
295 4065 453 4132 munifica
469 4064 667 4130 liberalitate
679 4066 749 4144 viri,
770 4085 855 4149 quos
880 4065 968 4130 inter
990 4065 1083 4132 lubet
1109 4089 1201 4134 com-

92 4169 255 4234 mendare
280 4171 441 4236 dilectum
472 4167 577 4233 filium
603 4169 773 4235 Comitem
802 4168 983 4252 losephum
1011 4169 1053 4233 de
1070 4170 1200 4256 Hemp·

93 4263 191 4334 tinne
204 4274 382 4342 memorati
398 4282 514 4339 coetus
529 4273 784 4338 solertissimum
809 4272 1007 4357 praesidem,
1033 4274 1200 4358 supplices

94 4371 142 4434 ad
161 4373 235 4443 Nos
244 4379 367 4446 dedere
377 4377 503 4444 litteras
519 4377 641 4462 quibus
656 4379 790 4464 petitur,
805 4387 842 4446 ut
854 4376 1076 4444 Immaculata
1095 4381 1201 4468 Virgo
