3250 4876
368 381 442 452 320
726 375 847 426 tuoax
865 371 1114 426 autuurtcus

436 585 577 642 inclinans
590 583 627 638 ad
640 583 769 642 debitum
778 593 875 642 actum
884 594 912 641 et
925 583 1011 640 linem
1024 599 1071 639 101
1087 603 1093 639 :
1107 583 1145 640 ad
1157 585 1218 654 ejus
1231 581 1407 639 obseruatio·
1420 531 1477 582 m

434 683 501 722 nem
512 665 592 736 juvat
606 663 707 734 gratia,
719 681 784 736 quae
796 664 905 720 arbitrii
924 664 1086 720 libertatem
1107 664 1226 720 minime
1247 664 1325 718 laedit
1347 677 1405 718 101.

434 775 470 788 -
484 747 591 814 Legem
604 745 761 798 naturalem
784 743 829 799 lex
850 745 976 798 bumana
995 745 1087 799 sancit
1105 757 1161 812 101,
1180 743 1225 798 vel
1238 743 1364 814 applicat
1376 752 1406 797 et

434 823 607 882 determinat
624 835 693 877 102:
716 823 783 879 hinc
803 825 848 878 lex
868 833 977 880 aeterna
989 839 1064 878 rerae
1076 823 1215 879 libertatis
1229 839 1330 878 norma
1346 835 1406 890 102,

434 917 495 962 turn
509 903 537 958 in
551 902 682 971 subditis,
694 913 755 958 tum
768 903 797 958 in
810 901 1017 974 imperantibus
1029 917 1086 972 102,
1099 913 1160 958 turn
1174 903 1202 958 in
1216 903 1335 972 singulis
1344 918 1408 973 per·

434 985 521 1053 sonis,
535 994 596 1037 turn
609 982 638 1036 in
651 981 825 1038 consociatis
838 982 1055 1052 roa-Religio
1067 982 1223 1038 christiana
1232 992 1261 1036 et
1276 981 1408 1038 Ecclesia

435 1063 579 1120 catholica
598 1079 698 1118 veram
718 1061 880 1120 libertatem
902 1073 1068 1117 constanter
1088 1071 1291 1132 promoverunt
1304 1070 1365 1117 turn
1377 1061 1407 1116 in

436 1141 590 1200 individuis
603 1140 777 1208 homiuibus,
801 1151 862 1198 turn
875 1139 904 1194 in
917 1139 1031 1212 populis
1045 1154 1106 1210 103,
1117 1138 1153 1209 a)
1166 1139 1261 1195 deleta
1274 1139 1411 1196 servitute

443 1238 501 1294 103,
514 1223 549 1291 d)
560 1220 698 1276 civilitate
710 1221 768 1276 late
784 1231 944 1290 propagata
954 1230 983 1276 et
996 1231 1166 1276 conservata
1181 1234 1240 1290 103,
1254 1233 1311 1288 104,
1324 1219 1356 1288 c)
1367 1219 1411 1274 in·

436 1304 548 1359 culcata
570 1301 648 1371 justa
681 1299 845 1356 obedientia
881 1313 940 1368 104,
969 1297 1005 1370 d)
1030 1299 1204 1371 praescriptis
1228 1296 1408 1355 auctoritatis

438 1384 573 1438 bumana
591 1377 730 1436 limitibus
755 1393 860 1446 104-
880 1378 965 1434 Paua
982 1390 1138 1436 secunus.
1162 1379 1408 1434 Lrnaanursuus.

436 1469 463 1518 1⁰
474 1466 563 1516 varii
577 1465 703 1527 gradun
714 1465 921 1516 llberalleml.
939 1458 1092 1516 Libertatis
1105 1461 1213 1515 abusus
1223 1470 1252 1516 et
1264 1457 1409 1530 corruptio

437 1550 482 1597 est
492 1537 683 1594 liberalismus
700 1553 757 1604 104
772 1538 843 1592 -Α
861 1537 1040 1594 Liberalismi
1061 1537 1184 1593 absoluti
1197 1547 1353 1594 sectatores
1366 1553 1408 1592 re·

432 1619 536 1692 jiciuut
556 1633 671 1673 ornnem
692 1617 747 1672 Dei
768 1617 967 1673 auctoritatem
988 1629 1015 1672 et
1033 1618 1126 1686 legem
1143 1630 1201 1688 105,
1220 1627 1251 1673 ut
1263 1616 1409 1672 bominem

435 1698 543 1756 iaciant
556 1695 685 1767 suijuris,
696 1696 842 1752 societatis
853 1697 1113 1752 constitutionema
1124 1697 1301 1767 singulorum
1312 1696 1411 1752 voluu-

435 1788 496 1834 tate
508 1786 647 1846 repetant,
669 1788 697 1831 et
718 1793 860 1832 summam
880 1787 1052 1848 potestatem
1064 1777 1222 1832 attribuant
1235 1774 1411 1832 multitudini

441 1871 510 1924 104:
523 1855 608 1926 hujus
620 1855 786 1912 liberalismi
800 1856 931 1912 doctrina
942 1857 980 1925 a)
992 1873 1057 1911 curn
1070 1853 1181 1911 ratione
1193 1865 1310 1926 pugnat,
1324 1855 1411 1926 siqui-

437 1936 505 1993 dem
518 1942 650 1990 creatura
659 1934 875 1991 essentialitera
886 1935 1022 1992 Creatore
1032 1935 1138 2006 pendet
1151 1947 1212 2005 ¹⁰53
1226 1947 1364 2006 praeterea
1376 1933 1412 2002 l)

436 2015 571 2089 periculis
584 2015 670 2085 plena
688 2023 742 2083 est,
758 2031 863 2085 nempe
883 2019 911 2082 α)
932 2014 999 2070 boni
1022 2014 1148 2086 malique
1170 2013 1326 2070 discrimen
1339 2013 1412 2070 tollit

441 2108 500 2166 105,
514 2093 542 2163 β)
556 2093 634 2151 ducit
656 2093 694 2148 ad
716 2109 829 2150 morum
848 2095 1049 2165 corruptelam,
1062 2093 1090 2164 γ)
1104 2092 1248 2164 tyrannidi
1261 2093 1338 2148 favet
1350 2094 1413 2162 106,

443 2173 470 2244 δ)
483 2174 753 2230 indifferentisrnum
774 2173 865 2245 gignit
888 2174 946 2243 106,
961 2174 984 2242 ε)
1007 2173 1196 2230 seditionibus
1216 2182 1245 2229 et
1267 2172 1414 2228 societatis

441 2253 703 2326 perturbationibus
715 2271 834 2310 causam
847 2253 955 2324 praebet
973 2253 1029 2309 106.
1044 2283 1078 2294 -
1091 2253 1119 2307 B
1130 2252 1197 2321 Alii,
1211 2249 1339 2308 admissa
1350 2251 1415 2320 lege

443 2333 499 2390 Dei
512 2333 644 2402 naturali,
657 2333 809 2402 positivam
822 2343 850 2389 et
864 2334 1108 2404 supernaturalem
1121 2331 1251 2402 rejiciunt
1266 2345 1315 2397 107
1328 2351 1335 2386 :
1348 2330 1415 2386 doc·

442 2413 517 2470 trina
539 2410 594 2468 ista
619 2413 807 2480 incohaerens,
830 2411 972 2484 siquidem
992 2413 1030 2482 a)
1049 2421 1193 2482 praecepta
1217 2411 1273 2466 Dei
1292 2409 1417 2482 positiva

442 2510 500 2548 uon
514 2491 632 2548 minoris
645 2490 824 2547 auctoritatis
842 2503 909 2547 sunt
931 2507 1018 2563 quam
1039 2491 1180 2547 naturalia
1197 2491 1255 2560 ron,
1268 2499 1295 2545 et
1308 2488 1343 2558 d)
1355 2506 1416 2546 nou

442 2574 537 2628 minus
559 2581 638 2627 certo
657 2581 790 2626 constant
806 2584 865 2638 107.
878 2599 914 2610 -
929 2569 953 2626 C
966 2571 1095 2626 Mitiores
1117 2570 1165 2626 alii
1180 2571 1272 2640 legem
1287 2569 1416 2624 divinam

441 2651 597 2707 admittunt
610 2667 663 2720 pro
677 2650 806 2720 personis
825 2649 953 2720 privatis,
966 2649 1096 2720 rejiciunt
1109 2666 1162 2719 pro
1172 2649 1287 2705 civitate
1302 2663 1351 2716 107
1366 2649 1416 2704 :hi

445 2730 513 2786 inde
524 2730 690 2785 refelluntur
702 2729 769 2800 quia
781 2729 815 2798 a)
827 2731 912 2786 debet
922 2729 1045 2784 societas
1055 2730 1132 2783 cives
1142 2728 1277 2799 adjuvare
1285 2727 1322 2782 ad
1331 2737 1417 2797 recte,

444 2827 483 2866 sc.
497 2809 655 2864 secundum
677 2807 756 2878 leges
776 2809 890 2864 divinas
911 2807 1065 2864 vivendum
1089 2821 1148 2875 107,
1169 2809 1200 2877 l)
1222 2807 1305 2863 bonis
1326 2806 1417 2862 animi

443 2889 600 2956 consulere,
613 2886 651 2943 ad
668 2904 733 2959 quae
754 2888 825 2944 nibil
844 2887 957 2959 legibus
974 2886 1079 2942 divinis
1098 2886 1194 2957 aptius
1210 2888 1268 2955 108,
1285 2885 1316 2956 c)
1329 2886 1358 2942 in
1371 2903 1418 2940 or·

442 2967 510 3024 dine
532 2967 569 3021 ad
591 2965 677 3021 finem
695 2967 827 3022 ultimum
839 2965 1021 3022 concorditer
1032 2982 1097 3021 curn
1113 2966 1244 3021 Ecclesia
1255 2981 1341 3035 agere
1357 2965 1417 3020 108.

445 3075 480 3086 -
491 3051 525 3100 2⁰
538 3051 706 3102 Modernae
727 3051 905 3102 libertates.
917 3047 945 3100 A
968 3044 1136 3115 Rejicienda
1147 3045 1279 3101 cultuum
1291 3045 1416 3114 libertas,

446 3133 473 3181 1⁰
485 3124 580 3197 quoad
593 3124 721 3196 privatos
734 3124 803 3195 quia
811 3125 849 3192 a)
860 3124 961 3195 religio
973 3133 1018 3179 est
1032 3123 1208 3194 praecipuum
1220 3123 1345 3180 bominis
1355 3123 1418 3178 offi-

442 3205 519 3262 cium
538 3215 566 3260 et
587 3205 721 3275 princeps
743 3205 872 3260 omnium
892 3203 1027 3260 virtutum
1043 3205 1093 3258 108
1108 3222 1114 3259 :
1128 3203 1162 3272 b)
1174 3221 1209 3259 ea
1221 3212 1317 3259 autem
1330 3203 1418 3274 proli-

443 3283 530 3341 tenda
551 3284 652 3354 religio
673 3300 760 3354 quam
774 3285 854 3340 Deus
864 3283 950 3355 J'ussit
966 3283 1015 3338 108
1028 3299 1035 3338 t
1058 3290 1087 3338 2⁰
1100 3281 1255 3352 rejicienda
1269 3283 1371 3340 eadem
1383 3282 1417 3338 li·

443 3366 538 3421 bertas
552 3363 648 3434 quoad
660 3363 807 3418 civitatem
829 3361 889 3431 108,
910 3362 948 3432 a)
967 3361 1134 3434 quinetiam
1147 3363 1270 3420 societas
1283 3379 1335 3418 sua
1346 3379 1418 3433 erga

444 3444 539 3498 Deum
552 3441 647 3497 officia
666 3443 753 3498 babet
773 3443 832 3510 108,
853 3441 886 3513 b)
898 3460 963 3515 quae
985 3452 1121 3514 praestare
1134 3452 1246 3499 tenetur
1258 3440 1418 3498 secundum

442 3522 564 3577 sormam
574 3522 639 3577 Deo
647 3532 797 3592 acceptam
805 3537 867 3592 1093
876 3527 906 3590 3⁰
912 3538 986 3578 verae
997 3521 1143 3592 religionis
1151 3522 1291 3593 professio
1300 3521 1419 3593 prodest

443 3599 567 3657 libertati
580 3600 615 3671 a)
628 3611 689 3655 turn
702 3602 880 3656 subditorum
896 3617 954 3671 110,
973 3602 1008 3671 l)
1020 3612 1080 3658 tum
1092 3601 1255 3674 principum
1271 3616 1328 3657 1101
1341 3629 1376 3642 -
1389 3599 1418 3654 B

446 3681 555 3736 Pariter
564 3678 718 3750 rejicienda
725 3681 868 3738 illimitata
876 3682 992 3736 libertas
1004 3681 1141 3752 loquendi
1149 3696 1208 3750 110,
1225 3680 1367 3754 siquidem
1379 3683 1419 3749 a)

444 3760 552 3815 nullum
565 3777 630 3816 esse
643 3770 737 3831 potest
746 3761 793 3831 jus
806 3761 1015 3816 disseminandi
1025 3761 1128 3817 falsum
1140 3775 1200 3832 110,
1210 3759 1304 3828 sedb)
1316 3773 1418 3814 contra

445 3838 602 3896 necessitas
611 3849 692 3910 urget
699 3840 869 3910 protegendi
879 3839 1091 3896 multitudinem
1100 3840 1240 3896 adversus
1253 3838 1415 3911 praestigias

444 3927 473 3974 et
492 3917 641 3988 captiones
662 3918 952 3990 dialecticas110,c)
972 3936 1010 3974 ne
1031 3936 1127 3976 errore
1149 3919 1324 3986 dominante,
1345 3933 1414 3972 vera

444 3995 560 4052 libertas
572 3996 775 4053 detrimentum
788 3997 883 4068 capiat
898 3997 1033 4054 ιιι-Ε
1045 3999 1119 4054 Item
1130 3996 1285 4068 rejicienda
1295 3997 1414 4051 libertas

442 4075 582 4147 quidlibet
591 4075 714 4146 docendi,
727 4076 794 4146 quia
802 4076 837 4146 a)
848 4075 877 4130 in
890 4077 1009 4133 veritate
1019 4089 1063 4134 est
1072 4077 1288 4146 intelligentium
1297 4085 1411 4130 natura·

445 4169 508 4208 rum
520 4155 656 4224 perfectio
669 4165 697 4210 et
718 4155 791 4224 finis,
810 4155 940 4227 adeoque
961 4156 993 4226 l)
1014 4173 1049 4212 ea
1067 4157 1130 4212 sola
1150 4165 1260 4212 mentes
1282 4155 1412 4210 imbuere

446 4231 531 4288 debet
547 4248 606 4288 111.
617 4263 653 4273 -
665 4233 778 4290 Veritas
791 4235 887 4307 inqua
899 4237 961 4291 sola
970 4236 1076 4292 versari
1087 4237 1172 4292 debet
1184 4233 1411 4307 praecipientium

445 4311 586 4380 doctrina,
605 4321 648 4368 est
669 4312 706 4381 a)
723 4313 870 4384 naturalis,
889 4333 952 4388 quae
973 4325 1017 4370 est
1036 4331 1189 4370 commune
1207 4313 1411 4386 patrimonium

446 4391 559 4460 generis
579 4392 697 4447 bumani
713 4407 772 4464 112,
792 4403 821 4450 et
840 4393 873 4467 b)
885 4396 1107 4469 supernaturalis
1120 4411 1207 4466 quam
1219 4393 1301 4450 Deris
1312 4392 1411 4451 docuit
