3172 4874
103 360 989 440 muenmfflufflfflss
1003 386 1019 404 ·.
1040 387 1055 405 ·.
1076 376 1087 397 ··
1191 374 1208 405 a·

142 424 1185 445 ................................................................................

370 442 581 451 μ--ω-ῌ-ῳ
610 446 620 449 -
665 446 734 449 ,..-.

138 538 145 551 θ

138 566 145 577 ι

138 590 144 601 ι

138 639 145 651 ο

138 666 146 679 0

138 691 146 705 0

138 715 146 729 0

138 739 146 753 Ι

234 691 300 752 DE
325 689 497 752 SACRIS
520 689 839 752 SOLEMNIBUS
863 687 1093 754 PROXIMO

107 739 132 802 bl

138 765 145 781 0

138 792 145 805 0

308 1289 568 1358 PPORTUNE
588 1291 724 1373 quidem
737 1299 771 1354 et
791 1291 965 1374 auspicato
987 1294 1162 1378 contingit,
1177 1306 1213 1360 ut
1308 1319 1324 1350 1

136 1349 263 1599 [9]
294 1379 295 1382 ¹
328 1394 507 1460 undecimo
535 1393 692 1459 calendas
710 1393 812 1458 Iulias
839 1394 902 1460 hoc
927 1415 1017 1460 anno
1043 1417 1139 1463 sacra
1161 1421 1213 1464 so·
1241 1364 1382 1474 anqppn.

118 1505 121 1510 '
269 1439 1211 1587 BlemniainhonoremSanctiAloisiiGonzagae,trium
1275 1525 1392 1585 Pontifex

328 1601 772 1668 saeculorumabeatissimo
781 1603 876 1667 exitu
886 1602 956 1667 eius
968 1603 1083 1685 elapso
1093 1607 1203 1688 spatio
1238 1585 1338 1630 “mm
1350 1598 1392 1630 ’θ’

1205 1659 1212 1684 ³
1238 1644 1336 1690 eulatia
1369 1659 1391 1689 e·

111 1708 181 1774 sint
196 1709 335 1774 memori
362 1707 702 1790 pietateperagenda.
730 1704 932 1771 Nuntiatum
958 1707 1066 1772 Nobis
1092 1718 1153 1788 est,
1168 1729 1212 1774 ex
1238 1703 1392 1809 ζξζῧᾶξζ

108 1813 281 1877 laustitate
307 1811 406 1875 huius
421 1820 561 1875 eventus
582 1808 725 1874 mirabili
740 1829 855 1874 amore
878 1811 1079 1896 pietatisque
1101 1814 1213 1877 studio
1239 1825 1319 1891 tutu⁸
1340 1821 1390 1881 lie·

109 1915 276 1980 exarsisse
292 1914 422 1978 animos
434 1912 690 1977 christianorum
707 1911 980 1992 adolescentium,
991 1915 1112 1998 quibus
1127 1917 1214 1999 opti·
1239 1885 1293 1985 lili
1308 1894 1392 1986 Ὗῖἶεζ

113 2036 169 2082 ma
185 2037 265 2081 sane
281 2016 473 2080 huiusmodi
496 2014 628 2078 occasio
642 2014 714 2079 visa
729 2025 789 2094 est,
814 2025 851 2081 ut
866 2037 961 2082 suam
977 2017 1011 2081 in
1035 2019 1213 2084 caelestem
1234 1998 1348 2104 {2}ssss

112 2121 296 2186 iuventutis
323 2119 505 2185 Patronum
521 2117 729 2182 voluntatem
744 2128 779 2182 et
794 2120 1012 2185 reverentiam
1040 2122 1214 2207 multiplici

114 2222 360 2307 significatione
375 2229 583 2286 testarentur.
597 2219 643 2286 Et
658 2219 692 2285 id
708 2220 844 2302 quidem
860 2223 990 2287 evenire
1005 2225 1137 2290 videtur
1146 2246 1213 2291 non

110 2327 152 2392 iis
168 2337 301 2392 tantum
318 2327 518 2410 regionibus,
533 2343 619 2408 quae
635 2323 797 2390 Sanctum
814 2324 983 2391 Aloisium
996 2329 1091 2393 terris
1106 2329 1215 2394 caelo·

112 2452 180 2516 que
196 2451 348 2520 genuere,
373 2431 431 2494 sed
447 2430 515 2494 late
531 2428 732 2510 ubicumque
757 2427 879 2493 Aloisii
905 2449 1027 2494 nomen
1043 2441 1078 2496 et
1093 2433 1215 2498 sancti·

110 2535 193 2601 tatis
208 2535 298 2600 ianua
325 2533 520 2618 percrebuit
536 2532 620 2608 Nos,
635 2531 702 2597 iam
719 2552 739 2596 a
754 2541 869 2598 tenera
884 2543 995 2598 aetate
1009 2535 1213 2618 Angelicum

115 2642 277 2706 iuvenem
302 2657 436 2703 summo
463 2637 597 2721 pietatis
613 2637 725 2702 studio
749 2635 857 2701 colere
880 2638 1014 2718 assueti,
1037 2658 1113 2704 curn
1133 2641 1215 2706 haec

107 2745 263 2809 novimus
275 2741 481 2827 periucundo
493 2740 640 2806 laetitiae
651 2759 750 2806 sensu
762 2735 873 2806 affecti
890 2743 1091 2808 sumus.Deo
1100 2754 1213 2810 autem
1251 2769 1394 2819 sumam

111 2843 514 2932 opitulante,conlidimus
530 2843 694 2909 eiusmodi
709 2842 885 2908 sollemnia
900 2864 968 2909 non
983 2865 1089 2911 vacua
1104 2847 1215 2914 sutura
1238 2829 1391 2935 ffgss‘ssss'i

112 2951 222 3016 fructu
236 2947 423 3014 christianis
439 2947 640 3026 horninibus,
656 2947 854 3014 nominatim
870 2949 1148 3028 adolescentibus,
1158 2951 1214 3035 qui
1240 2961 1299 3002 Μ’
1332 2948 1391 3007 Ψῑ·

112 3053 261 3119 Patrono
273 3052 406 3118 tutelari
416 3072 477 3117 suo
489 3051 632 3116 honores
650 3070 727 3117 cum
740 3051 964 3131 habebuntffin
974 3055 1213 3138 cogitationem
1233 3009 1392 3125 fiiri-'lali'

111 3155 210 3222 facile
226 3158 433 3223 deducentur
447 3156 705 3222 clarissimarum
720 3157 893 3236 virtutum,
903 3158 1024 3242 quibus
1036 3158 1092 3224 ille
1102 3161 1213 3244 quoad
1239 3126 1393 3244 liirllllllf

111 3261 200 3326 vixit
223 3261 342 3326 ceteris
368 3260 612 3343 inexemplum
640 3261 769 3327 enituit.
795 3260 890 3345 Quas
916 3262 1051 3345 quidem
1076 3263 1215 3328 virtutes
1236 3243 1330 3304 gendos.

113 3385 192 3430 cum
207 3383 321 3430 secum
336 3363 486 3446 cogitent
501 3373 535 3428 et
550 3363 766 3442 admirentur,
789 3366 993 3449 sperandum
1009 3375 1061 3432 est
1075 3366 1146 3432 iore
1170 3377 1216 3444 ut,

113 3467 295 3532 adiuvante
319 3465 404 3544 Deo,
424 3465 573 3530 animum
601 3474 817 3550 mentemque
842 3488 938 3533 suam
963 3470 1006 3534 ad
1031 3488 1087 3534 eas
1113 3469 1216 3534 velint

118 3569 298 3636 informare
332 3571 555 3653 studeantque
582 3567 651 3635 fieri
684 3571 873 3637 imitatione
903 3572 1064 3638 meliores.
1095 3573 1216 3659 Neque

114 3685 205 3740 certe
221 3674 393 3740 catholicis
420 3675 594 3739 iuvenibus
620 3677 761 3760 proponi
785 3687 897 3761 potest
922 3677 1146 3761 praestantius
1172 3678 1215 3742 ad

118 3780 321 3845 imitandum
346 3779 551 3864 exemplum,
574 3779 705 3864 illisque
720 3780 918 3864 locupletius
943 3782 1120 3848 virtutibus
1135 3803 1216 3866 qua·

117 3903 191 3950 rum
219 3884 319 3951 laude
342 3883 459 3950 florere
482 3883 660 3950 iuvenilem
686 3893 831 3948 aetatem
862 3883 1042 3950 desiderari
1068 3885 1216 3950 maxime

117 3987 214 4054 solet.
230 3988 287 4053 Ex
302 3987 372 4054 vita
387 3989 522 4054 enimet
536 3987 683 4053 moribus
697 3987 820 4052 Aloisii
831 3997 973 4072 possunt
987 3988 1216 4054 adolescentes
1272 4007 1394 4058 Juvenum

113 4094 319 4158 documenta
334 4091 478 4177 plurima
493 4111 620 4176 capere,
635 4093 724 4156 unde
740 4091 899 4170 ediscant,
910 4111 977 4176 qua
992 4112 1070 4157 cura
1085 4101 1119 4158 et
1134 4093 1216 4174 vigi·
1241 4067 1393 4172 imin.

116 4193 222 4260 lantia
237 4195 326 4260 vitae
341 4195 516 4279 integritas
532 4204 565 4259 et
586 4195 775 4260 innocentia
791 4195 835 4260 sit
858 4196 1031 4275 servanda,
1056 4214 1125 4279 qua
1139 4213 1216 4258 con·
1241 4187 1304 4234 Μ’·

120 4299 246 4364 stantia
261 4300 494 4382 castigandum
510 4318 630 4384 corpus
656 4299 699 4363 ad
715 4299 970 4382 restinguendos
993 4298 1216 4383 cupiditatum

113 4403 261 4478 ardores,
281 4421 350 4484 quo
374 4402 478 4466 modo
501 4402 735 4485 despiciendae
757 4401 894 4466 divitiae
914 4401 1218 4486 contemnendique
