3140 4866
373 361 444 448 296
724 369 846 422 rnnsx
872 367 1119 420 amanuncus

437 597 563 651 serviens
576 593 720 666 duplicem
732 604 832 650 notam
841 593 982 651 continet:
996 592 1084 650 aliam
1093 591 1317 661 personalitatis,
1324 589 1399 661 juxta

435 691 522 748 quam
535 675 629 744 opifex
649 681 743 745 potest
756 673 845 730 libere
861 673 898 729 de
909 673 1076 742 angustiore
1088 673 1221 728 mercede
1234 674 1398 736 convenire:

435 753 522 810 ailant
544 755 725 822 necessitatis,
736 754 816 823 juxta
832 769 918 824 qnam
931 753 994 822 lege
1006 761 1115 806 natura
1135 753 1216 808 labor
1228 752 1325 824 nequit
1337 768 1398 807 esse

436 833 630 889 sustentandae
656 833 721 888 vitae
743 834 836 904 impar
861 847 982 902 tppaoo.
1004 859 1040 872 -
1060 831 1164 886 Nullus
1186 841 1230 886 est
1254 831 1398 886 habmdns

436 921 599 968 contractus
614 913 642 966 in
660 928 717 984 quo
729 913 791 968 haec
804 913 848 968 lex
861 913 983 968 violatur
996 925 1056 965 eoo
1069 939 1105 952 —
1119 910 1227 966 Caveat
1241 921 1336 966 tameo
1351 927 1397 980 po·

436 1003 525 1049 testas
533 993 648 1064 publica
660 1009 696 1048 ne
709 991 899 1063 importunius
916 1007 980 1046 sese
993 989 1022 1044 in
1034 989 1097 1046 hac
1106 989 1208 1044 inferat
1220 1009 1229 1056 3
1241 1007 1304 1060 qua:
1313 991 1397 1044 satim

437 1071 557 1144 privatis
570 1071 699 1142 collegiis
711 1071 839 1128 curanda
852 1069 1044 1140 relinquentur
1053 1083 1114 1124 ιω.
1126 1097 1161 1110 -
1173 1068 1207 1138 δ’)
1221 1069 1397 1125 Procurando

436 1163 465 1208 ut
475 1151 600 1222 opifices,
614 1151 797 1221 parcimoniae
810 1150 965 1210 studentes.
978 1147 1020 1202 nd
1028 1147 1167 1202 matium
1180 1164 1293 1204 aarum
1300 1151 1395 1218 ,tow-

434 1231 520 1286 m'orrt
533 1245 591 1286 201.
604 1259 640 1270 -
653 1231 696 1286 Ex
715 1247 771 1302 quo
784 1231 864 1302 plura
878 1230 953 1284 bona
966 1237 1136 1300 sequentur:
1156 1225 1197 1294 α’)
1211 1228 1318 1300 aequior
1337 1245 1395 1298 pm-

433 1308 496 1364 titio
508 1309 649 1364 bonorum
662 1319 690 1364 et
703 1309 822 1380 proinde
835 1309 1015 1364 imminutum
1034 1307 1187 1364 discrimen
1200 1307 1274 1364 inter
1295 1318 1394 1363 utrum·

433 1405 489 1458 que
501 1389 631 1444 ordinem
642 1408 649 1454 ς
665 1386 704 1456 β’)
718 1388 809 1458 major
825 1387 1003 1444 abundantia
1015 1401 1117 1454 rerum,
1128 1402 1202 1456 quas
1214 1397 1290 1441 terra
1301 1385 1393 1456 gignit,

433 1468 579 1538 duplicata
591 1467 745 1524 voluntatis
755 1467 901 1524 alacritate
913 1487 920 1533 ;
930 1467 970 1538 γ’)
989 1465 1098 1523 civibus
1111 1465 1232 1521 facultas
1245 1465 1356 1520 felicem
1368 1465 1392 1518 ia

434 1547 526 1616 patria
539 1547 661 1604 ducendi
683 1547 771 1602 vitam
784 1562 844 1602 zor.
857 1577 893 1588 -
905 1548 951 1602 Ad
965 1547 1027 1602 haec
1049 1545 1206 1601 obtinenda
1227 1547 1340 1600 modica
1359 1545 1391 1600 sit

433 1627 587 1683 auctoritas
600 1625 714 1696 publica
727 1627 756 1681 in
769 1626 928 1682 statuendis
941 1625 1053 1681 tributis
1063 1638 1123 1678 201.

470 1699 505 1766 al
521 1700 606 1767 Quin
618 1709 651 1750 ru
662 1709 1040 1753 uacariossrrtrnornur
1051 1705 1248 1750 moereret-:s
1259 1695 1391 1750 tustinus

432 1775 518 1832 variis
527 1777 645 1832 multum
655 1785 783 1846 possunt,
793 1777 845 1832 sed
855 1775 1021 1848 praesertim,
1035 1785 1065 1830 ut
1077 1775 1162 1828 docet
1174 1775 1302 1841 historia,
1315 1775 1390 1830 soda-

434 1856 501 1911 litiis
510 1855 652 1925 opiiicum,
663 1857 797 1925 praesenti
808 1855 927 1926 tempori
937 1851 1169 1921 accommodatis,
1178 1853 1237 1908 sive
1245 1869 1280 1908 ex
1289 1871 1345 1908 uno
1353 1869 1390 1906 or-

431 1935 508 2004 dine,
516 1935 576 1989 sive
588 1951 622 1990 ex
635 1945 755 2005 utroque
768 1935 899 1990 conflatis
912 1949 971 1990 zoa.
985 1961 1021 1974 -
1041 1933 1112 1988 Haec
1132 1932 1264 1988 sodalitia
1286 1939 1313 1986 ιθ
1329 1933 1389 2002 legi·

432 2015 504 2066 timo
522 2013 829 2070 suntFundarnentum
843 2013 1005 2084 habentius
1019 2015 1146 2070 naturale
1158 2011 1280 2068 coeundi
1294 2012 1390 2064 admu-

431 2103 511 2148 tuum
524 2093 654 2149 levamen
669 2108 728 2148 roa.
740 2121 776 2132 -
793 2093 865 2148 Sunt
879 2108 953 2147 verre
965 2091 1127 2162 societates,
1137 2093 1204 2148 licet
1216 2089 1389 2160 imperfecto,

431 2173 595 2229 differentes
609 2189 626 2226 a
650 2171 796 2243 republica
808 2188 843 2227 ex
856 2171 912 2226 line
924 2171 1052 2242 proximo
1071 2186 1132 2241 ²03·
1145 2199 1180 2210 -
1198 2170 1283 2224 Proin
1297 2169 1389 2224 ciuitas

432 2250 693 2322 nequitvinlarejus
702 2249 823 2306 coeundi
835 2267 918 2320 aquo
930 2259 959 2305 et
969 2250 1033 2320 ipsa
1042 2261 1085 2306 est
1093 2249 1228 2313 ortaanisi
1238 2248 1388 2304 institutum

432 2347 498 2388 cum
508 2330 626 2402 justitia,
639 2347 704 2388 cum
713 2331 856 2402 aequitate,
869 2345 932 2384 cum
944 2329 1045 2386 ordine
1059 2329 1173 2401 publico
1185 2327 1388 2400 pugnet-Sed

431 2419 459 2466 et
471 2423 536 2466 tunc
547 2420 629 2466 caute
637 2409 871 2481 proscribendum
881 2408 1128 2476 203.-Interhaec
1137 2409 1266 2464 instituta
1275 2409 1387 2477 primum

431 2489 525 2544 locum
539 2499 635 2544 tenent
646 2489 761 2544 ordines
774 2487 908 2558 religiosi,
917 2489 993 2542 bono
1006 2488 1150 2544 commoni
1164 2487 1306 2558 perutiles,
1314 2501 1386 2556 quos,

430 2579 459 2622 ut
473 2567 597 2637 religiosi
611 2579 685 2636 sunt,
698 2569 735 2624 ad
751 2567 910 2623 Ecclesiam
930 2579 1102 2638 spectantes,
1115 2579 1146 2623 ut
1165 2565 1300 2620 sodalitia
1321 2577 1387 2628 sunt,

430 2665 447 2702 a
461 2647 574 2714 publica
587 2657 729 2718 potestate
742 2663 855 2718 aequum
865 2657 908 2702 est
921 2647 1047 2715 gaudere
1060 2648 1190 2704 libertate
1200 2661 1323 2714 summa,
1331 2645 1387 2714 jure

431 2743 560 2796 personae
573 2727 688 2782 moralis
701 2743 735 2782 ac
745 2727 865 2782 fortunis
879 2741 945 2781 vere
958 2727 1018 2782 suis
1031 2742 1091 2794 ²0⁴·
1106 2757 1140 2766 -
1150 2727 1313 2780 Damnatur
1324 2724 1385 2780 abu-

430 2823 477 2860 sus
491 2806 656 2873 contrarius,
669 2816 699 2861 ut
712 2805 863 2876 dupliciter
875 2805 996 2876 injustus
1010 2821 1070 2873 204
1080 2835 1116 2846 —
1137 2812 1165 2860 2⁰
1177 2805 1386 2876 peropportuno

430 2897 495 2940 sunt
508 2885 569 2940 haec
583 2885 717 2940 sodalitia
736 2885 877 2940 catholica
896 2899 956 2952 204.
968 2913 1005 2924 —
1019 2887 1113 2957 Quum
1133 2883 1210 2940 enim
1228 2883 1289 2954 jam
1308 2882 1387 2936 mutu

430 2963 512 3034 hujus
521 2963 634 3032 generis
645 2981 702 3018 non
712 2965 868 3020 christiano
878 2964 996 3034 nomini,
1007 2983 1064 3021 non
1077 2965 1160 3020 saluti
1171 2963 1319 3020 civitatum
1328 2977 1387 3016 con·

429 3051 565 3098 sentanea
594 3042 726 3112 existant,
748 3044 865 3114 opifices
887 3043 1044 3114 christiani,
1066 3063 1084 3102 a
1106 3044 1232 3114 periculo
1254 3038 1385 3098 liberandi

427 3133 492 3176 sunt
506 3123 578 3177 inter
591 3139 621 3178 se
644 3123 773 3178 coeundo
795 3138 920 3194 204·205.
935 3155 969 3166 -
984 3125 1056 3182 lnde
1075 3123 1212 3182 laudandi
1232 3123 1324 3191 ualde,
1342 3119 1385 3192 qui

427 3200 464 3256 ad
477 3201 594 3255 meliora
607 3203 723 3272 opifices
737 3202 872 3259 reducere
887 3213 1034 3274 conantur,
1046 3220 1167 3274 quorum
1179 3219 1285 3273 scopus
1297 3215 1386 3272 persa-

427 3279 525 3334 lutaris
536 3299 544 3345 ;
557 3281 692 3336 laudandi
705 3281 799 3354 alqui
813 3285 911 3350 verbo,
928 3283 960 3352 h)
973 3284 1021 3355 qui
1034 3300 1130 3354 opere,
1147 3280 1178 3353 c)
1189 3281 1238 3354 qui
1252 3282 1311 3336 zelo
1322 3297 1387 3351 apo·

427 3358 535 3423 stolico,
547 3357 583 3428 d)
592 3360 640 3430 qui
651 3361 770 3432 pecunia
780 3363 949 3418 adlaborant
959 3363 1082 3418 adhunc
1092 3361 1387 3432 peroptandumtinem

427 3452 487 3507 ²05·
500 3467 535 3478 -
549 3439 688 3496 Feliciora
702 3451 830 3512 tempora
843 3442 905 3497 haec
918 3443 1048 3512 collegia,
1060 3442 1148 3497 modo
1165 3452 1304 3508 crescant,
1316 3451 1387 3496 certe

426 3519 566 3587 parabunt
588 3533 648 3588 205.
661 3519 885 3590 -·Reipublicae
898 3533 941 3576 est
960 3521 1053 3577 sinere
1071 3521 1109 3576 ad
1128 3521 1191 3575 ltaec
1211 3519 1290 3576 cives
1308 3519 1387 3586 coire,

425 3611 514 3664 eaque
528 3613 579 3650 sua
591 3597 680 3654 libere
699 3617 796 3671 regere
809 3613 869 3669 205.
882 3627 917 3638 -
930 3607 959 3670 3⁰
976 3600 1152 3671 Temperatur
1172 3609 1270 3654 autem
1292 3599 1387 3653 horum

425 3673 608 3744 collegiorum
621 3678 658 3732 ad
672 3679 734 3749 ipsa
747 3689 865 3750 spectat.
883 3689 911 3734 et
924 3697 941 3734 a
953 3680 1039 3736 variis
1056 3677 1199 3751 adjunctis
1213 3677 1319 3749 pendet
1332 3675 1388 3732 ιώ.

425 3783 461 3795 -
473 3755 591 3811 Summa
603 3757 641 3811 ad
654 3757 804 3828 sequentia
825 3759 969 3814 reducitur
981 3777 988 3816 ι
1000 3758 1036 3830 o)
1057 3759 1098 3814 Ut
1111 3773 1231 3828 scopum
1253 3755 1387 3828 principa·

426 3833 482 3888 lem
495 3835 619 3891 habeant
626 3837 827 3907 perfectionem
835 3839 955 3907 pr'etotr's
966 3855 1000 3894 ac
1012 3855 1125 3892 morant
1135 3837 1195 3892 206.
1209 3865 1245 3874 -
1260 3837 1324 3892 Hoc
1336 3833 1386 3906 pri·

425 3929 473 3968 mo
485 3915 616 3985 quaesito,
629 3929 733 3972 caetera
749 3917 918 3988 adjicientur
931 3919 990 3973 206.
1004 3947 1039 3958 ·-
1054 3915 1126 3973 lnd'e
1145 3917 1278 3972 colantur
1294 3915 1387 3970 inillis

424 3992 546 4048 eruditio
560 3994 701 4064 religiosa,
715 3997 807 4052 cultus
822 3997 886 4066 Dei,
899 3997 1009 4053 dierum
1021 3996 1169 4066 festorum,
1188 3995 1335 4064 Ecclesiae,
1347 4011 1387 4050 sa·

426 4081 635 4126 erameniorum
649 4075 709 4129 206.
722 4105 758 4116 -
769 4073 801 4146 b)
816 4077 901 4145 Quod
913 4075 951 4132 ad
968 4081 1068 4131 catera
1081 4085 1200 4147 spectat,
1213 4075 1309 4132 officia
1320 4077 1387 4132 bene

425 4149 591 4217 partienda3
612 4167 764 4208 commune
782 4157 892 4224 integre
913 4155 1172 4212 administrandum
1185 4174 1192 4222 ς
1203 4155 1270 4226 jura
1291 4163 1388 4212 cuncta

425 4228 573 4295 servanda,
586 4231 738 4287 arbitratus
752 4234 861 4303 integer
873 4235 909 4290 ad
929 4234 1104 4291 dirimendas
1118 4234 1183 4291 lites
1202 4236 1231 4290 in
1254 4236 1317 4306 ipso
1335 4235 1387 4289 col·

425 4303 500 4371 legio
518 4305 702 4374 lonnandus;
721 4311 856 4366 membris
879 4311 963 4383 copia
984 4313 1078 4386 operis
1100 4313 1288 4384 procuranda,
1307 4323 1387 4384 atque

425 4383 545 4450 vectigal
558 4384 595 4437 ad
608 4384 832 4444 subveniendum
845 4391 1064 4448 necessitatibus
1077 4406 1138 4459 207.
1156 4421 1191 4434 -
1208 4399 1237 4458 4⁰
1250 4393 1384 4448 Fructum
