3258 4880
421 368 472 417 us
499 367 620 418 ussus
649 365 848 416 unvamma.
1141 362 1185 432 27

122 569 183 622 recte
201 558 331 636 dixeris,
354 577 441 640 quae
472 558 514 621 ad
543 557 717 621 arbitrium
749 555 990 638 libidinemque
1013 555 1188 636 opiniones
1215 575 1364 649 „Ecffiffl

121 675 293 729 consectatur
322 675 357 728 et
373 665 511 748 spargit,
532 665 637 728 immo
652 684 731 727 vero
755 663 923 727 licentiam
940 661 1190 744 nequissimam,
1262 657 1319 706 ¹⁸³⁷·

121 773 279 836 mendacem
304 781 339 836 et
369 771 522 836 fallacem
539 772 724 848 scientiam,
744 771 889 835 dedecus
914 769 1017 833 animi
1041 777 1075 834 et
1091 769 1189 832 servi-

119 891 202 944 tutem.
229 880 289 944 llle
316 900 433 963 reapse
464 879 731 962 sapientissimus
771 877 900 943 Ductor
930 877 1017 941 intra
1042 876 1191 960 veritatis

120 984 178 1049 ines
201 989 357 1070 graditur,
386 985 444 1070 qui
471 1006 539 1050 non
570 987 673 1050 modo
697 1005 773 1049 cum
798 985 882 1063 Deo,
904 985 1014 1048 omnis
1042 984 1191 1048 veritatis

119 1093 249 1177 principio
274 1104 309 1158 et
333 1113 475 1172 summa,
496 1112 667 1176 nunquam
684 1094 843 1170 decertat,
866 1094 924 1156 sed
946 1091 1009 1175 ipsi
1031 1090 1191 1155 adhaeret

119 1219 219 1283 semper
240 1201 426 1266 arctissime
449 1221 648 1284 semperque
669 1199 872 1282 obsequitur,
887 1219 1007 1264 arcana
1028 1218 1086 1262 sua
1108 1218 1188 1280 quo·
1215 1209 1363 1317 garama}-

119 1325 167 1388 quo
187 1310 281 1374 modo
297 1308 511 1391 patefacienti
531 1308 611 1390 ;qui
636 1303 743 1390 neque
770 1317 885 1371 sancte
910 1307 1019 1370 minus
1037 1304 1190 1370 Pontifici
1216 1345 1312 1382 ,mm
1329 1331 1366 1374 a,

119 1433 228 1479 romano
242 1427 293 1480 est
319 1417 411 1481 dicto
425 1417 577 1493 audiens,
593 1430 626 1479 et
653 1415 886 1479 auctoritatem
913 1414 947 1478 in
967 1434 1007 1477 eo
1026 1424 1192 1477 reveretur
1216 1393 1368 1496 222222‘252

119 1517 246 1598 divinam,
259 1531 293 1586 et
305 1521 432 1585 subesse
447 1541 581 1584 romano
590 1519 748 1603 Pontifici
756 1513 848 1584 tenet
860 1513 997 1582 omnino
1012 1519 1052 1583 de
1063 1518 1191 1582 necessi·

119 1629 168 1683 tale
178 1623 311 1706 salutis(
329 1627 349 1706 ).
368 1659 407 1670 -
423 1624 505 1688 Eius
521 1623 623 1706 igitur
637 1625 671 1686 in
682 1623 796 1687 schola
807 1623 977 1687 adolescat
990 1633 1023 1684 et
1038 1641 1192 1686 exercea-

118 1733 158 1786 tur
170 1728 263 1792 clerus
289 1730 333 1793 ad
349 1727 609 1812 philosophiam,
621 1729 665 1791 ad
690 1727 922 1810 theologiam:
953 1727 1077 1791 existet
1103 1727 1191 1790 enim

118 1849 178 1894 sero
196 1833 308 1897 doctus
323 1842 357 1897 et
372 1833 416 1897 ad
433 1853 527 1898 sacra
552 1833 677 1916 praelia
692 1831 808 1895 valens
831 1852 933 1915 quam
952 1833 1010 1914 qui
1034 1832 1193 1895 maxime.

151 1935 215 1999 Lux
226 1946 337 2001 tamen
353 1935 527 2001 doctrinae
544 1956 564 2000 a
580 1935 668 1998 clero
685 1935 717 1998 in
735 1935 905 1999 christiani
930 1935 1044 2018 populi
1060 1935 1193 1999 ordines
1219 1971 1272 2015 L„
1283 1967 1369 2014 Μή,

118 2037 383 2106 diffundendavix
398 2041 463 2105 dici
495 2049 607 2123 potest
621 2059 723 2121 quam
741 2061 898 2124 magnam
930 2043 1052 2107 habeat
1068 2042 1192 2105 utilita-
1219 2027 1369 2136 2¹52&ssss

117 2151 177 2218 ten,
190 2145 213 2207 si
223 2147 349 2228 quasie
376 2143 578 2208 candelabro
595 2144 725 2208 virtutis
752 2143 919 2210 effulserit.
935 2182 979 2194 -
997 2146 1035 2209 In
1061 2163 1192 2228 praece·
1219 2147 1369 2206 nseffurgear.

117 2247 167 2325 ptis
181 2251 271 2326 enim,
286 2270 374 2333 quae
401 2259 479 2314 sunt
495 2249 537 2312 ad
554 2249 769 2331 corrigendos
792 2251 968 2315 hominum
984 2271 1103 2326 mores,
1118 2248 1192 2332 plus

117 2346 167 2412 sere
181 2363 320 2434 possunt,
336 2372 439 2436 quarn
449 2353 548 2430 dicta,
559 2352 648 2416 sacta
664 2354 899 2435 magistrorum
915 2376 923 2433 ;
938 2375 999 2418 nec
1015 2354 1192 2437 quisquam
1220 2379 1371 2437 stagnaret

116 2455 229 2536 negotio
255 2468 325 2522 tam
351 2457 439 2522 facili
467 2458 641 2522 habiturus
666 2469 716 2521 est
746 2460 776 2522 ei
804 2458 916 2538 fidem,
937 2461 1030 2524 cuius
1061 2457 1194 2522 adictis
1235 2438 1357 2542 fflj-ssss

115 2562 343 2644 praeceptisque
367 2561 557 2644 discrepent
573 2561 670 2626 sacta.
685 2563 723 2626 ln
754 2564 873 2629 IESUM
891 2565 1093 2630 CHRISTUM
1125 2560 1194 2623 Do·
1221 2558 1260 2602 ΩΨ·

115 2661 223 2728 minum
246 2664 362 2730 oculos
392 2667 606 2729 intendamus
638 2676 671 2730 et
699 2678 847 2732 mentes:
863 2668 931 2752 qui,
946 2677 983 2732 ut
998 2667 1122 2730 veritas
1137 2673 1197 2741 est,

115 2769 266 2843 perdocuit
282 2789 344 2833 nos
367 2788 454 2852 quae
469 2769 603 2833 credere
618 2769 826 2848 deberemus,
841 2781 878 2835 ut
893 2772 964 2834 vita
980 2780 1032 2834 est
1061 2779 1095 2832 et
1132 2768 1197 2849 via,

116 2873 312 2954 semetipsum
329 2872 503 2954 proposuit
520 2873 616 2938 nobis
631 2873 807 2955 exemplar
822 2873 1119 2949 absolutissimum,
1131 2893 1199 2954 quo

115 2975 201 3038 modo
214 2995 388 3059 ageremus
404 2975 544 3040 honeste
558 2976 663 3039 vitam
680 2986 714 3040 et
730 2978 855 3041 bonum
879 2977 1033 3041 ultimum
1051 2978 1200 3040 studiose

114 3089 336 3156 appeteremus
355 3078 506 3160 Ipsemet
519 3079 701 3160 discipulos
718 3100 795 3143 suos
817 3079 864 3144 ita
879 3081 922 3144 de
937 3100 973 3143 se
985 3079 1091 3144 voluit
1107 3079 1199 3142 insti-

114 3185 191 3244 tutos
204 3192 238 3246 et
264 3181 430 3266 perfectos
444 3205 450 3245 :
465 3181 514 3244 sic
540 3183 646 3246 luceat
670 3183 730 3246 lux
753 3193 871 3261 vestra,
886 3183 949 3246 hoc
973 3193 1024 3246 est
1040 3183 1200 3259 doctrina,

113 3301 205 3347 coram
218 3285 410 3362 dominibus,
425 3299 461 3348 ut
483 3285 618 3349 videant
641 3297 735 3368 opera
761 3297 878 3364 vestra,
895 3287 985 3364 bona,
1011 3307 1077 3351 non
1106 3305 1201 3349 secus

114 3397 201 3467 atque
227 3389 399 3454 doctrinae
429 3400 636 3468 argumenta,
651 3399 683 3452 et
706 3389 890 3474 glorificent
903 3390 1042 3454 Patrem
1056 3397 1201 3452 vestrum

114 3487 163 3565 qui
175 3489 206 3552 in
221 3493 313 3556 caelis
329 3501 378 3554 est
391 3489 445 3573 (2),
460 3490 647 3555 doctrinam
665 3492 697 3554 in
715 3513 818 3556 unum
831 3504 865 3557 et
880 3492 1066 3556 bonitatem
1090 3492 1200 3555 Evan-

113 3590 181 3668 gelii
195 3596 399 3678 complexus,
413 3594 504 3677 quod
521 3594 601 3676 ipsis
616 3596 659 3658 ad
685 3598 941 3678 propagandum
958 3595 1200 3660 committebat.
1223 3663 1225 3670 ,

113 3727 150 3740 -
163 3694 245 3760 Sunt
258 3701 340 3762 haec
358 3717 478 3780 nempe
494 3697 647 3763 instituta
663 3700 786 3778 divina,
801 3702 922 3783 quibus
953 3700 1022 3764 vita
1049 3698 1201 3763 sacerdo·

113 3803 176 3860 tum
191 3809 408 3883 componatur
422 3811 457 3866 et
482 3802 646 3884 dirigatur
671 3812 811 3886 oportet.
830 3803 981 3869 Omnino
1003 3813 1137 3884 oportet
1167 3811 1201 3864 et
1255 3854 1369 3900 assecuto

115 3917 236 3965 necesse
248 3914 297 3968 est
312 3903 435 3968 habere
451 3923 508 3967 eos
523 3905 587 3968 sibi
608 3925 804 3987 persuasum
820 3926 860 3970 ac
876 3927 980 3990 prope
996 3905 1199 3986 insculptum
1229 3915 1280 3974 Ipso
1294 3886 1377 3958 vocares

115 3997 143 4060 in
158 4003 278 4084 animis,
292 4027 327 4072 se
353 4008 420 4070 iarn
445 4027 512 4072 non
539 4009 582 4072 de
597 4009 720 4073 saeculi
736 4029 807 4073 esse
835 4012 1055 4086 consortione,
1069 4017 1105 4072 at
1123 4026 1202 4070 vero
1229 3981 1256 4084 ll.
1269 3985 1380 4078 {3232

118 4101 175 4167 Dei
190 4111 321 4176 consilio
336 4111 460 4176 electos
485 4132 567 4189 esse,
581 4113 648 4195 qui,
664 4113 696 4176 in
713 4116 950 4179 communione
966 4111 1088 4175 saeculi
1112 4119 1201 4173 aeta·
1228 4093 1380 4211 ffl'ff‘vssfgf

119 4213 179 4270 tem
195 4225 332 4295 agentes,
347 4219 450 4282 vitam
478 4227 590 4282 tamen
620 4218 744 4283 Christi
770 4219 908 4282 Domini
936 4218 1057 4282 vivant.
1075 4213 1152 4297 Qui,
1175 4213 1202 4275 Si
1223 4217 1376 4332 ,misus-⁰¹²

123 4336 280 4356 ’“““’-·---.

150 4407 168 4440 ¹·
180 4399 259 4460 Opusc.
273 4407 358 4456 Contra
368 4423 461 4456 errores
472 4411 624 4457 Graecomm.
635 4435 664 4444 -
675 4425 696 4456 2.
711 4412 808 4462 Matth..
822 4421 847 4462 v,
862 4411 896 4457 16.
