3172 4874
381 399 432 450 on
450 399 691 451 counitionis
710 401 903 454 on1n1cn1u.
1121 403 1191 477 179

72 596 148 661 que
166 576 388 641 necessarias:
404 576 546 659 ideoque
571 596 616 640 ex
632 597 737 659 opera
764 580 844 642 data
870 581 922 643 ius
946 600 1061 645 verum
1088 581 1193 664 perie—
1261 595 1341 684 MgH

72 682 317 764 ctumquesibi
330 681 461 764 quaerit
480 701 547 745 non
570 681 673 746 modo
696 683 886 764 exigendae
903 685 1074 764 mercedis,
1086 687 1144 751 sed
1161 697 1194 752 et
1266 693 1323 752 1891

71 783 300 850 collocandae
309 785 358 849 uti
373 785 461 849 velit
476 785 568 868 Ergo
580 785 608 848 si
620 787 787 851 tenuitate
799 797 995 870 sumptuum
1011 789 1193 873 quicquam
1219 803 1313 872 aaran
1326 817 1372 872 mq-

71 889 153 971 ipse
161 891 355 972 comparsit,
364 887 577 972 fructumque
589 891 816 972 parcimoniae
830 911 919 970 suae,
929 912 996 975 quo
1007 895 1110 957 tutior
1122 914 1193 959 esse
1220 864 1292 980 iffi
1301 868 1373 966 Ἥ

71 995 236 1058 custodia
265 995 380 1077 possit,
395 995 429 1058 in
456 995 594 1076 praedio
625 994 811 1073 collocavit,
838 994 989 1078 proiecto
1020 998 1193 1082 praedium
1220 982 1346 1087 §ff‘i'm'

71 1097 271 1162 istiusmodi
287 1098 369 1161 nihil
396 1107 448 1162 est
472 1097 574 1177 aliud,
590 1119 692 1180 quam
721 1119 846 1162 merces
863 1100 936 1182 ipsa
958 1100 1059 1166 aliam
1077 1103 1195 1166 induta

72 1203 228 1284 speciem
245 1213 512 1285 :proptereaque
528 1213 704 1285 coemptus
716 1205 763 1266 sic
775 1203 886 1287 opifici
910 1205 1033 1271 fundus
1058 1216 1128 1270 tam
1146 1219 1195 1270 est

71 1307 109 1369 in
124 1307 201 1369 eius
213 1315 381 1389 potestate
391 1305 530 1383 futurus,
541 1327 644 1388 quam
666 1317 763 1389 parta
786 1307 899 1372 labore
922 1330 1058 1374 merces
1076 1309 1144 1375 Sed
1162 1311 1192 1374 in

72 1409 141 1474 hoc
155 1410 267 1492 plane,
278 1421 315 1473 ut
326 1408 421 1473 facile
434 1409 642 1491 intelligitur,
653 1431 761 1474 rerum
775 1411 962 1476 dominium
983 1413 1036 1476 vel
1059 1433 1193 1480 moven-

70 1515 161 1580 tium
183 1513 237 1576 vel
253 1513 434 1577 solidarum
450 1513 610 1576 consistit.
628 1514 668 1576 In
687 1533 727 1577 eo
743 1514 845 1596 igitur
859 1517 952 1597 quod
977 1515 1067 1579 bona
1084 1518 1191 1598 priva-

70 1629 190 1684 torum
206 1615 384 1681 transferre
401 1615 594 1680 Socialistae
609 1619 651 1681 ad
670 1637 848 1683 commune
864 1619 1026 1697 nituntur,
1041 1623 1191 1684 omnium

70 1721 360 1786 mercenariorum
374 1721 501 1785 iaciunt
512 1722 741 1786 conditionem
753 1722 1088 1807 deteriorem‚quippe
1101 1745 1195 1808 quos,

72 1827 298 1892 collocandae
315 1827 476 1890 mercedis
505 1825 660 1891 libertate
684 1827 825 1904 sublata,
840 1827 904 1892 hoc
928 1829 1001 1911 ipso
1017 1833 1191 1912 augendae

72 1933 121 1996 rei
155 1930 332 1996 familiaris
362 1931 615 2014 utilitatumque
645 1931 708 1995 sibi
739 1935 1040 2014 comparandarum
1074 1955 1134 2018 spe
1160 1947 1192 1998 et

70 2035 240 2101 facultate
255 2036 453 2117 despoliant.

116 2141 263 2216 Verum,
276 2141 368 2222 quod
386 2141 492 2204 maius
509 2149 569 2218 est,
586 2141 769 2204 remedium
787 2153 981 2223 proponunt
1005 2163 1082 2207 cum
1099 2145 1190 2210 iusti·
1235 2156 1359 2208 2⁰¹ntu⁸ta

72 2245 122 2308 tia
148 2252 267 2326 aperte
292 2263 455 2326 pugnans,
472 2245 550 2326 quia
575 2245 746 2325 possidere
771 2264 822 2306 res
853 2245 1009 2326 privatim
1039 2256 1076 2311 ut
1105 2268 1191 2326 suas,
1217 2240 1371 2351 jssffsidej'fm

72 2349 126 2412 ius
143 2358 198 2411 est
214 2347 342 2412 homini
367 2369 387 2411 a
413 2358 532 2412 natura
560 2350 687 2413 datum.
703 2387 747 2398 -
760 2350 891 2412 Revera
907 2351 969 2414 hac
986 2352 1088 2416 etiam
1106 2354 1139 2415 in
1158 2375 1191 2417 re
1218 2352 1370 2456 faurgag-

72 2452 231 2516 maxime
243 2452 328 2514 inter
337 2451 506 2516 hominem
520 2462 554 2517 et
577 2473 683 2535 genus
705 2453 842 2516 interest
863 2455 1086 2518 animantium
1103 2467 1191 2521 cete·
1216 2473 1257 2525 rus
1277 2474 1312 2514 est
1331 2471 1370 2514 ro·

72 2554 281 2640 rarumNon
295 2555 383 2619 enim
397 2576 432 2618 se
448 2557 541 2638 ipsae
553 2567 674 2640 regunt
684 2557 884 2635 belluae,sed
898 2570 1058 2642 reguntur
1069 2560 1189 2643 guber·
1218 2543 1283 2635 W
1294 2544 1309 2574 α
1327 2543 1370 2632 Ξῖ.

72 2671 268 2743 nanturque
294 2661 420 2744 duplici
447 2669 587 2726 naturae
614 2663 795 2727 instinctu:
822 2666 879 2746 qui
906 2674 976 2750 tum
994 2666 1189 2730 custodiunt
1218 2655 1369 2753 mamm,

73 2775 310 2849 experrectam
328 2767 424 2829 ineis
450 2765 644 2830 facultatem
672 2768 805 2849 agendi,
819 2770 973 2850 viresque
998 2779 1188 2852 opportune
1217 2767 1371 2885 Jjgtug'lgf

72 2871 245 2948 evolvunt,
275 2877 347 2933 tum
378 2871 481 2934 etiarn
512 2869 661 2952 singulos
693 2891 806 2936 earum
839 2883 950 2936 motus
982 2876 1190 2938 exsuscitant
1218 2887 1322 2932 ornans

73 2975 178 3038 iidem
196 2983 229 3037 et
245 2974 478 3039 determinant.
491 2974 611 3039 Altero
622 2975 781 3039 instinctu
799 2976 890 3039 adse
906 2979 1077 3061 vitamque
1094 2989 1188 3044 tuen·
1217 2951 1369 3063 {mrim

71 3078 165 3154 dam,
178 3077 286 3142 altero
295 3078 338 3141 ad
349 3080 638 3142 conservationem
652 3082 783 3161 generis
795 3082 962 3146 ducuntur
975 3083 1035 3147 sui.
1050 3084 1190 3149 Utrum·
1217 3065 1371 3169 fflsm‘ssss

73 3200 141 3262 que
170 3201 248 3245 vero
274 3183 452 3246 commode
477 3192 700 3265 assequuntur
726 3205 841 3249 earum
875 3206 982 3250 rerum
1018 3207 1078 3251 usu
1105 3207 1192 3270 qnae
1217 3184 1369 3301 mutim

74 3286 209 3362 adsunt,
219 3307 372 3369 quaeque
393 3297 584 3368 praesentes
606 3298 683 3352 sunt
696 3312 703 3352 :
717 3309 778 3352 nec
790 3310 871 3353 sane
882 3293 1037 3373 progredi
1059 3292 1191 3374 longius
1219 3316 1299 3346 rerum
1320 3315 1368 3346 cvr·

74 3399 223 3471 possent,
238 3389 318 3473 quia
344 3391 417 3454 solo
441 3410 539 3454 sensu
567 3403 744 3456 moventur
768 3395 932 3476 rebusque
963 3397 1191 3478 singularibus
1214 3369 1369 3478 {filma

74 3511 173 3558 sensu
191 3495 365 3576 perceptis.
381 3531 425 3542 -
442 3494 560 3578 Longe
589 3497 654 3560 alia
679 3495 828 3561 hominis
844 3510 973 3564 natura.
992 3499 1084 3563 Inest
1101 3501 1134 3562 in
1151 3521 1191 3564 eo
1218 3487 1291 3589 {¹227
1315 3485 1370 3582 ‘2232

74 3603 146 3661 tota
157 3597 256 3662 simul
269 3618 308 3662 ac
320 3598 468 3680 perlecta
480 3600 530 3663 vis
553 3609 692 3664 naturae
715 3602 904 3680 animantis,
926 3602 1069 3685 ideoque
1086 3605 1190 3668 tribu·
1217 3604 1369 3716 mpii:

74 3709 146 3764 tum
165 3722 210 3765 ex
222 3702 284 3764 hac
297 3712 391 3784 parte
407 3702 535 3767 homini
551 3712 611 3781 est,
622 3713 713 3768 certe
738 3726 804 3768 non
830 3707 940 3769 minus
962 3727 1063 3789 quam
1077 3710 1190 3790 generi
1218 3719 1295 3775 ticeps,
1331 3717 1369 3760 iu-

74 3805 297 3871 animantium
310 3808 413 3885 omni,
425 3817 462 3870 ut
473 3828 582 3872 rerum
595 3829 832 3890 corporearum
856 3810 983 3874 fruatur
994 3812 1106 3878 bonis.
1122 3815 1189 3879 Sed
1217 3785 1368 3880 liiiersrarfr‘}

75 3917 195 3974 natura
225 3911 378 3975 animans
408 3913 625 3994 quantumvis
658 3913 826 3977 cumulate
863 3934 1027 3996 possessa,
1058 3927 1188 3983 tantum
1214 3895 1353 4016 {fimf

74 4011 171 4078 abest
201 4025 238 4079 ut
268 4025 422 4079 naturam
454 4016 704 4081 circumscribat
735 4017 929 4097 humanam,
945 4031 983 4084 ut
1014 4023 1122 4086 multo
1148 4029 1191 4089 sit
1335 3990 1340 4001 Ι

75 4113 223 4182 humana
236 4129 355 4183 natura
365 4117 543 4196 inferior,et
553 4121 596 4183 ad
608 4121 799 4202 parendum
808 4121 884 4185 huic
898 4122 1192 4209 obediendumque

77 4225 166 4283 nata.
191 4218 292 4302 Quod
319 4221 446 4284 eminet
471 4234 572 4304 atque
588 4221 725 4286 excellit
751 4223 783 4286 in
811 4226 917 4304 nobis,
934 4230 1024 4308 quod
1064 4230 1192 4295 homini

78 4320 193 4385 tribuit
206 4333 241 4388 ut
254 4324 357 4390 homo
368 4327 421 4402 sit,
433 4335 467 4390 et
478 4348 498 4391 a
508 4326 627 4392 belluis
650 4325 785 4392 differat
796 4349 917 4410 genere
928 4343 1010 4413 toto,
1025 4355 1119 4401 mens
1132 4357 1189 4401 seu

82 4425 166 4489 ratio
177 4437 236 4494 est.
248 4431 294 4495 Et
304 4430 349 4495 ob
360 4429 446 4496 hanc
456 4451 609 4498 caussam
631 4434 723 4516 quod
735 4433 843 4499 solum
857 4436 919 4500 hoc
934 4440 1059 4504 animal
1073 4452 1123 4507 est
1140 4465 1189 4508 ra-
