3310 4868
255 1178 1187 1238 WWWWWWWWW

368 1261 528 1328 LURES
545 1261 701 1328 catholici
717 1262 809 1326 orbis
825 1283 995 1328 sacrorum
1012 1264 1196 1328 Antistites
1210 1285 1290 1350 sup·
1365 1297 1396 1348 νι

176 1255 365 1631 {wi}
387 1367 486 1448 plicia
501 1376 582 1429 vota
611 1367 834 1432 Sanctissimo
862 1367 1012 1430 Domino
1029 1369 1156 1433 Nostro
1182 1369 1290 1432 Leoni
1315 1335 1469 1425 nowen

387 1473 501 1556 Papae
532 1473 624 1538 XIII
657 1475 847 1558 nuperrime
874 1484 1098 1558 porrexerunt
1128 1486 1289 1558 expostu-

387 1578 505 1657 lantes,
529 1589 567 1644 ut
587 1599 707 1644 omnes
732 1579 904 1643 Ecclesiae
930 1578 998 1656 filii,
1020 1580 1077 1662 qui
1104 1578 1168 1642 hoc
1191 1598 1291 1656 anno,

177 1686 348 1752 adfinem
375 1703 465 1748 nunc
491 1696 702 1766 properante.
719 1684 881 1748 Eiusdem
909 1683 1122 1751 Sanctissimi
1148 1683 1289 1747 Domini
1348 1688 1468 1793 Plurgzm

176 1789 295 1856 Nostri
312 1788 499 1852 lubllaeum
517 1787 734 1854 Sacerdotale
755 1788 864 1852 ubivis
892 1789 1043 1853 unanimi
1059 1798 1094 1853 et
1114 1788 1290 1869 impensis·
1315 1755 1470 1854 vIIIsunon’e'f

177 1894 266 1958 simo
280 1891 470 1956 dilectionis
485 1912 525 1955 ac
541 1891 712 1974 religionis
728 1893 842 1956 studio
864 1891 1152 1969 concelebrarunt,
1167 1891 1289 1956 iterum
1316 1868 1470 1974 SYff'Z,

177 2001 426 2076 congregentur
455 1993 499 2056 ad
530 1991 714 2074 gratiarum
746 1992 896 2056 actiones
922 1991 1159 2057 Sacratissimo
1186 1992 1289 2056 Cordi
1316 1987 1388 2032 ΧΠ]
1408 1987 1468 2056 uur-

1316 2059 1470 2104 moanmju-

178 2099 269 2164 IESU
296 2097 545 2180 persolvendas,
559 2096 649 2161 unde
675 2097 802 2161 fluenta
829 2097 963 2161 divinae
991 2097 1239 2161 misericordiae
1255 2097 1289 2161 in
1316 2104 1469 2222 wear&

176 2223 296 2266 omues
312 2202 526 2266 abundanter
540 2211 710 2266 emanant.
729 2201 834 2266 Hisce
850 2222 950 2284 porro
965 2202 1053 2265 votis
1077 2212 1111 2267 et
1127 2202 1290 2283 precibus,
1315 2223 1420 2269 actiones
1440 2221 1469 2267 in

178 2326 267 2390 quae
291 2315 327 2369 et
353 2305 500 2369 eximiae
515 2306 549 2368 in
567 2304 678 2369 Deum
696 2306 843 2387 pietatis,
859 2314 893 2368 et
919 2325 999 2387 erga
1017 2307 1105 2370 IESU
1129 2304 1289 2370 CHRISTI
1315 2282 1471 2400 ‘ffssmpssffss‘

178 2409 352 2474 Vicarium
369 2410 402 2471 in
419 2409 516 2472 terris
532 2405 640 2472 filialis
656 2409 809 2490 obsequii
826 2409 1151 2490 praestantissimum
1167 2415 1290 2470 extant
1318 2401 1471 2506 ffidafm·

179 2521 427 2596 argumentum,
442 2511 487 2576 ab
510 2511 724 2594 infrascripto
750 2531 922 2575 sacrorum
945 2513 1068 2575 rituum
1095 2509 1290 2592 Congrega-
1419 2494 1425 2513 ’

178 2617 282 2682 tionis
298 2614 486 2682 Secretario
501 2617 623 2692 relatis,
639 2615 810 2681 Sanctitas
827 2615 898 2681 Sua
919 2616 1164 2693 obsecundans,
1178 2616 1290 2680 decla-

178 2741 252 2785 rare
267 2720 408 2802 dignata
424 2729 475 2783 est
490 2739 510 2784 a
527 2719 572 2785 Se
589 2721 739 2785 maxime
755 2720 889 2803 probari
905 2729 938 2784 et
954 2720 1193 2796 commendari,
1210 2721 1290 2784 utin

179 2824 342 2888 Ecclesiis
364 2825 647 2906 Metropolitanis,
674 2824 943 2902 Cathedralibus,
968 2823 1174 2906 Collegiatis,
1190 2825 1291 2888 Paro-

179 2928 345 2994 chialibus
360 2937 394 2992 et
410 2928 484 2993 aliis
500 2928 533 2992 in
552 2928 682 3012 quibus,
694 2929 738 2994 de
755 2928 1124 2996 Reverendissimorum
1145 2927 1292 2994 Ordioa-
1341 2953 1448 2999 quarum

179 3036 304 3098 riorum
320 3053 495 3112 consensu,
507 3033 679 3115 placuerit,
694 3045 865 3118 postrema
881 3034 945 3111 die,
958 3051 1079 3114 nempe
1091 3050 1128 3112 31
1143 3032 1292 3115 proximi
1318 3001 1470 3112 ,wolff

181 3138 306 3204 mensis
328 3139 536 3216 Decembris,
552 3140 595 3202 ad
613 3139 728 3202 Divini
745 3138 864 3204 Cordis
886 3137 1013 3201 cultum
1032 3137 1291 3202 Sanctissimum

181 3239 415 3304 Eucharistiae
446 3237 705 3304 Sacramentum
736 3238 891 3321 publicae
921 3237 1069 3301 fidelium
1101 3239 1294 3303 adorationi

181 3365 241 3428 per
265 3343 403 3426 aliquod
419 3342 582 3424 temporis
606 3343 753 3425 spatium
780 3351 916 3406 maneat
931 3343 1126 3424 expositum
1143 3363 1150 3420 ;
1167 3343 1294 3409 Beatae

182 3448 313 3512 Mariae
346 3447 498 3530 Virginis
529 3446 663 3510 Rosarii
693 3449 841 3529 quinque
864 3446 1008 3510 decades
1033 3449 1223 3526 recitentur,
1254 3470 1293 3513 ac

182 3555 320 3618 demum
336 3560 414 3634 post
437 3559 575 3615 cantum
597 3549 714 3633 hymni
735 3550 965 3628 Ambrosiani,
984 3560 1019 3615 et
1049 3549 1194 3615 Tantum
1210 3573 1294 3634 crgo,

181 3657 308 3721 additis
332 3654 552 3721 Orationibus
577 3655 677 3732 Deus,
700 3655 794 3718 cuius
819 3653 1070 3732 misericordiae,
1093 3653 1294 3720 —Concede

183 3781 251 3839 nos,
266 3758 425 3825 Collectis
440 3781 503 3843 pro
519 3761 612 3842 Papa
623 3769 658 3824 et
670 3779 731 3843 pro
748 3759 909 3834 Ecclesia,
924 3758 1052 3841 populo
1067 3779 1144 3822 cum
1167 3760 1293 3825 Divina

185 3865 311 3929 Hostia
330 3865 557 3930 benedicatur.
573 3864 722 3946 Singulis
743 3885 822 3929 vero
839 3861 1121 3930 christifidelibus
1136 3865 1199 3928 rite
1214 3885 1292 3931 con·
1328 3872 1460 3942 quibusque

182 3969 280 4034 sessis
295 3989 334 4033 ac
350 3987 444 4032 sacra
455 3967 587 4052 Synaxi
603 3969 744 4046 relectis,
759 3969 816 4052 qui
826 3967 992 4032 eiusmodi
1009 3967 1163 4049 publicae
1175 3970 1292 4052 depre-
1319 3933 1470 4050 ιῖἷάᾯῖῗα

183 4071 310 4136 cationi
333 4072 389 4154 pie
410 4070 630 4149 interfuerint,
657 4082 691 4135 et
717 4071 948 4136 dulcissimum
975 4070 1162 4136 Servatoris
1187 4075 1292 4139 nostri
1316 4052 1469 4158 {Imm

184 4177 275 4241 IESU
292 4174 450 4241 CHRISTI
466 4175 535 4241 Cor
545 4197 607 4259 pro
622 4177 804 4259 gratiarum
818 4177 950 4240 actione
966 4185 1130 4258 utsupra,
1145 4196 1207 4240 nec
1224 4199 1291 4244 non

183 4301 247 4364 pro
262 4289 399 4344 sanctae
415 4279 530 4344 matris
547 4279 720 4344 Ecclesiae
729 4291 763 4345 et
778 4279 1000 4364 Apostolicae
1017 4277 1115 4342 Sedis
1131 4283 1294 4365 tranquil-

185 4384 282 4448 litate
304 4392 337 4447 et
353 4401 436 4465 pace
455 4402 494 4446 ac
517 4403 580 4467 pro
603 4394 817 4467 peccatorum
842 4381 1062 4446 conversione
1078 4402 1154 4446 cum
1171 4381 1238 4450 fide
1259 4396 1293 4452 et

249 4520 326 4565 Acen
342 4517 445 4564 Leonis
461 4518 532 4564 XIII.
1099 4518 1145 4569 111.
1157 4543 1187 4554 -
1198 4533 1232 4568 12.
