3250 4876
319 380 371 430 Its
400 377 549 444 IIIIQIIIS
574 376 735 430 LEGIBUS
764 378 892 432 NUPER
918 381 1036 436 LATIS.
1160 386 1231 459 305

124 557 237 622 haberi
251 559 381 622 caduca
395 568 430 622 ct
445 576 560 634 vacua,
580 557 733 638 aliosque
756 558 789 620 in
806 577 886 622 usus
901 561 1051 626 converti
1067 570 1232 644 oportere.
1259 585 1410 667 ascfssmrs

126 661 163 726 ln
179 681 247 745 quo
262 662 476 745 perspicuum
492 669 554 739 est,
573 669 749 726 auctorum
764 661 881 726 violari
896 664 1117 743 voluntatem,
1133 683 1232 747 prop·
1301 673 1372 731 188⁹·

122 776 213 832 terea
226 765 319 850 quod
335 785 431 830 suam
448 766 496 829 illi
520 763 700 849 pecorum
716 763 835 846 utique
861 765 894 832 in
911 786 969 832 eas
983 787 1130 846 caussas,
1144 787 1233 852 quae

122 879 328 937 memoratae
352 880 440 948 sunt,
455 889 517 934 nec
543 869 614 934 ullo
638 879 740 952 pacto
764 870 797 932 in
826 869 918 948 alias,
932 871 1120 937 addixere:
1146 889 1235 956 quae

121 993 259 1040 caussae
280 994 358 1040 cum
375 974 418 1040 ad
436 973 643 1056 religionem,
658 971 701 1036 ad
719 973 850 1059 piorum
877 976 1028 1040 manium
1044 975 1175 1054 solatia,
1190 974 1233 1040 ad

122 1078 360 1163 perfectionem
377 1078 509 1144 virtutis
524 1077 726 1160 pertineant,
742 1085 812 1142 tam
838 1088 917 1143 sunt
933 1083 1054 1144 natura
1076 1079 1236 1144 immuta-

122 1183 207 1249 biles
232 1204 272 1248 ac
298 1192 491 1266 perpetuae,
519 1201 623 1266 quam
651 1181 723 1246 iura
745 1191 779 1246 et
806 1181 925 1260 officia,
946 1202 1034 1266 quae
1060 1183 1233 1248 hominem

122 1287 267 1371 iungunt
282 1286 369 1354 Deo.
383 1323 428 1338 -
442 1285 493 1352 At
518 1305 600 1351 vero
616 1305 659 1350 ne
686 1283 768 1349 illud
785 1285 922 1368 quidem
945 1287 1127 1369 praeterire
1141 1285 1237 1350 taciti
1294 1291 1416 1354 pruritur

122 1411 311 1477 possumus,
326 1392 361 1456 in
374 1390 538 1456 Decurias
554 1390 824 1474 praepositorum
837 1389 884 1454 rei
896 1389 1116 1456 subsidiariae
1128 1389 1237 1455 admi·
1262 1352 1416 1472 mm

123 1497 318 1562 nistrandae
345 1494 522 1580 plerosque
548 1513 667 1559 omnes
693 1494 856 1576 cooptari,
872 1514 914 1558 ne
937 1494 1071 1559 feminis
1097 1495 1237 1577 quidem
1263 1473 1416 1580 {ssf'mn'

122 1602 287 1685 exceptis,
313 1599 422 1678 licere,
453 1598 622 1663 Parochos
652 1617 720 1663 non
748 1599 855 1663 licere.
888 1597 990 1682 Quod
1021 1599 1158 1682 quidem
1192 1600 1240 1664 ita

122 1706 290 1791 placuisse
317 1724 545 1769 memoravere
570 1701 616 1767 ob
641 1703 814 1786 cognitam
840 1702 973 1768 illorum
989 1705 1023 1767 in
1048 1703 1241 1788 Episcopos

124 1831 205 1874 suos
231 1827 477 1890 romanumque
504 1805 701 1872 Pontificem
718 1807 948 1873 voluntatem:
965 1807 1012 1872 ita
1033 1817 1071 1872 ut
1093 1807 1239 1879 dubitari

125 1935 196 1980 non
211 1915 329 1996 possit,
337 1891 410 1997 'qua
433 1920 555 1990 mente,
570 1913 666 1976 cuius
681 1912 728 1976 rei
744 1911 865 1994 gratia,
879 1912 976 1990 hanc,
991 1912 1035 1977 dc
1050 1931 1117 1995 qua
1134 1911 1242 1996 loqui·

124 2039 212 2096 mur,
237 2019 347 2102 legem
372 2017 570 2082 invenerint.
598 2052 643 2066 -
673 2015 803 2099 Utique
832 2016 955 2080 laicam
985 2017 1141 2100 inquiunt
1170 2037 1243 2082 esse

127 2120 386 2187 beneficentiam
397 2131 561 2203 oportere,
574 2128 611 2184 ut
626 2131 728 2204 queat
744 2140 818 2184 esse
833 2121 980 2203 gratior:
996 2140 1075 2185 narn
1092 2121 1243 2205 accipere

127 2225 359 2303 verecundius,
386 2227 604 2309 animumque
629 2225 839 2306 despondere
863 2224 1080 2289 calamitosos
1102 2244 1243 2289 consue·

128 2333 229 2408 visse,
254 2331 311 2395 ubi
335 2331 510 2395 caritatem
538 2329 754 2393 christianam
772 2329 835 2393 sibi
857 2329 1005 2393 sentiant
1030 2330 1157 2393 adesse.
1174 2328 1242 2395 Sed
1299 2345 1421 2407 uiriles-

128 2434 290 2498 miserum
317 2443 368 2498 est
398 2435 432 2497 in
463 2433 652 2497 christianis
677 2431 823 2514 reperiri,
848 2433 907 2514 qul
932 2441 1003 2496 tam
1027 2432 1244 2496 vehementer
1262 2405 1424 2512 stssffiff

127 2545 242 2600 errent
262 2533 296 2598 in
321 2533 393 2597 eius
417 2532 653 2598 aestimatione
678 2532 821 2609 virtutis,
842 2551 929 2616 quae
954 2533 1110 2616 princeps
1134 2542 1185 2595 est
1210 2539 1245 2597 et
1270 2537 1423 2643 mmm

129 2638 249 2720 regina
262 2633 746 2720 ceterarquuandoquldem
757 2635 886 2698 sincera
898 2635 1056 2699 voluntas
1066 2635 1243 2700 hominum
1270 2643 1423 2712 cerafrsl‘r·

129 2743 354 2808 iuvandorum
371 2761 438 2807 non
456 2751 569 2824 potest
593 2741 657 2805 nisi
673 2760 718 2804 ex
733 2740 852 2804 intima
872 2741 1108 2808 benevolentia
1132 2742 1245 2807 nasei:
1272 2717 1305 2750 Μ
1321 2705 1419 2749 cantas.

128 2851 219 2914 hanc
234 2869 315 2912 vero
330 2857 389 2911 aut
415 2848 512 2912 unice
527 2857 586 2911 aut
611 2847 761 2912 maxime
788 2847 932 2912 insidere
948 2849 981 2912 in
998 2867 1114 2914 eorum
1130 2850 1247 2914 ammo

131 2972 270 3020 necesse
284 2963 346 3031 est,
361 2953 418 3035 qul
446 2950 595 3036 singulos
623 2951 778 3016 homines
794 2972 901 3034 paene
917 2973 953 3016 se
976 2952 1100 3017 alteros
1116 2963 1248 3037 putent,

133 3056 345 3140 fratrumque
362 3055 505 3139 diligant
522 3056 615 3121 loco:
638 3057 696 3139 qui
713 3065 842 3120 ceteros
869 3076 975 3139 aeque
1000 3078 1040 3121 ac
1055 3077 1092 3123 se
1108 3078 1153 3123 ex
1172 3057 1248 3124 Deo

133 3173 310 3245 tamquam
326 3169 423 3244 patre
437 3162 579 3243 genitos,
594 3161 786 3244 pariterque
803 3161 893 3226 IESIJ
910 3161 1069 3228 CHRISTI
1082 3163 1249 3245 sanguine

134 3267 339 3348 redemptos
350 3273 384 3328 et
400 3265 443 3328 ad
454 3265 609 3329 eamdem
621 3265 652 3327 in
664 3263 765 3328 caelis
776 3262 969 3328 felicitatem
980 3275 1118 3330 vocatos
1132 3265 1250 3330 sciant.

136 3369 229 3453 Quin
269 3367 387 3449 inopes
429 3376 532 3451 atque
569 3386 788 3431 aerumnosos
829 3374 900 3430 tam
943 3377 1096 3432 amanter
1140 3365 1249 3434 IESUS

136 3472 331 3538 CHRISTUS
355 3471 599 3554 complectitur,
615 3480 652 3534 ut
678 3470 837 3535 collatam
854 3471 887 3534 in
910 3490 967 3535 eos
990 3469 1249 3537 beneficentiam

137 3576 240 3658 plane
264 3574 465 3638 collocatam
493 3576 582 3656 apud
608 3593 653 3651 se,
668 3593 771 3656 seque
786 3573 859 3656 ipse
881 3573 1070 3657 obligatum
1087 3573 1251 3640 beneficio

137 3681 288 3759 deputet.
315 3678 380 3743 His
409 3680 563 3742 sensibus
589 3679 752 3742 comitata
778 3679 898 3743 caritas
929 3687 1063 3742 tantum
1091 3679 1187 3743 abest
1214 3687 1252 3744 ut

140 3781 273 3846 animos
299 3783 433 3866 frangat
459 3783 666 3860 miserorum,
682 3792 718 3845 ut
745 3783 859 3865 potius
885 3781 1031 3846 extollat
1051 3782 1094 3845 ad
1119 3790 1250 3846 tantam

145 3905 310 3970 personae
324 3885 537 3968 dignitatern,
548 3893 710 3970 quantam
721 3885 825 3950 homo
835 3886 908 3948 sine
917 3884 1069 3950 caelestis
1079 3885 1252 3950 doctrinae

144 3989 272 4054 lumine
296 4009 339 4054 ne
362 3988 488 4074 fingere
511 3990 648 4072 quidem
675 3987 881 4068 cogitatione
907 3998 1029 4072 posset.
1046 3989 1147 4052 Nunc
1173 4009 1253 4053 vero
1307 3999 1366 4046 Hac
1384 4012 1429 4046 aa

147 4094 285 4160 huiusce
299 4095 422 4160 indolis
444 4096 565 4160 caritas
590 4095 710 4159 frustra
731 4095 917 4178 requiratur
940 4104 1038 4158 extra
1067 4092 1252 4158 Ecclesiam
1278 4061 1429 4190 ‘iguem

149 4195 223 4275 Dei,
252 4217 355 4279 quam
384 4197 541 4263 videlicet
569 4218 671 4264 unam
701 4198 810 4263 IESUS
837 4196 1030 4263 CHRISTUS
1060 4197 1255 4278 sapientiae,
1279 4177 1429 4248 ΜΨ

148 4299 353 4384 disciplinae,
368 4301 608 4367 charismatum
625 4321 761 4366 suorum
773 4301 907 4385 reliquit
919 4301 1255 4383 heredemzquaeque

147 4403 248 4468 divini
264 4407 410 4472 auctoris
433 4408 484 4471 sui
512 4426 614 4491 quam
640 4407 725 4471 bene
749 4415 783 4471 et
798 4405 1032 4490 obtemperare
1050 4404 1199 4470 consiliis
1221 4411 1256 4469 et

234 4541 311 4589 Aera
323 4541 425 4590 Leonis
437 4543 508 4592 xm.
1065 4542 1112 4590 111.
1125 4555 1199 4591 -ao,

1280 4238 1426 4300 requiratur.
1506 4307 1508 4312 Ι
