3336 4870
416 409 632 462 nuuocumo
661 396 803 474 “Quon
831 411 999 474 uorsa„
1074 458 1077 464 .
1197 421 1214 467 2
1222 419 1268 490 59

161 598 306 674 arguunt
320 589 495 671 turpisque
510 586 749 652 materialismr‘
760 597 972 668 sectatorem,
993 591 1187 676 vulgaribus
1209 595 1271 659 im·
1325 617 1450 678 Granum.

161 694 322 777 plicatum
337 691 514 769 erroribus,
535 711 556 756 a
571 691 755 776 semetipso
771 713 838 756 non
855 713 931 758 raro
945 694 1176 766 dissidentem.
1190 699 1270 765 Non
1299 681 1346 782 222
1355 677 1454 796 ,²22¹ssss

161 805 360 866 ornamenta
386 796 559 873 virtutum,
585 815 662 860 curn
694 806 811 860 contra
837 817 946 864 mores
972 799 1043 864 eius
1068 801 1273 868 documento
1299 796 1443 902 [mim.-

161 899 351 988 posteritati
382 899 450 962 sint
481 907 656 963 extremae
686 899 857 982 nequitiae
886 903 1172 989 corruptelaeque,
1204 927 1272 989 quo
1291 870 1452 975 sarlj‘fm

161 1007 334 1072 hominem
351 1012 494 1086 possunt
511 1022 579 1066 non
600 1002 751 1068 domitae
778 1004 981 1086 cupiditates
997 1006 1174 1091 impellere
1192 1011 1271 1076 Non
1300 1005 1454 1112 ssffss‘g

162 1107 332 1194 praeclare
347 1107 446 1184 iacta,
462 1127 530 1172 non
547 1106 683 1190 egregia
696 1107 729 1170 in
746 1127 817 1172 rem
830 1109 1001 1191 publicam
1013 1113 1147 1178 merita:
1158 1124 1273 1180 suetae
1299 1120 1454 1224 ww

163 1215 211 1279 illi
226 1223 325 1290 artes,
346 1209 516 1288 simulare,
532 1210 676 1288 mentiri,
692 1210 755 1274 sibi
771 1231 844 1276 esse
859 1212 1012 1278 deditum
1030 1215 1097 1293 uni,
1112 1237 1174 1282 nec
1189 1207 1274 1282 serre
1302 1251 1348 1282 non
1396 1246 1453 1298 pra

162 1323 189 1384 si
220 1317 278 1402 qui
309 1335 405 1380 secus
435 1315 584 1392 sentiret,
613 1313 753 1390 adulari,
782 1315 915 1380 abiecto
951 1318 1066 1382 animo
1103 1339 1274 1405 pravoque
1296 1299 1453 1416 {25⁷}ss

163 1421 310 1506 ingenio.
328 1420 509 1484 Honorum
535 1418 646 1502 igitur,
662 1438 747 1502 quos
774 1411 833 1483 ta'li
850 1419 921 1484 viro
947 1431 1060 1486 tantos
1076 1422 1274 1504 habuerunt,
1301 1415 1453 1533 uldini

161 1548 203 1590 ea
219 1526 279 1602 vis,
293 1543 333 1588 ea
349 1543 454 1608 prope
480 1543 550 1588 vox
567 1531 628 1600 est,
643 1541 795 1587 seorsum
812 1523 880 1588 iam
908 1544 928 1588 a
943 1525 1097 1591 doctrina
1112 1527 1274 1595 divinitus
1321 1535 1432 1605 aarum:

162 1631 296 1708 tradita,
316 1648 466 1693 seorsum
492 1647 512 1692 a
539 1625 607 1691 fide
633 1625 816 1691 christiana
842 1627 947 1694 vitam
972 1649 1107 1696 omnem
1136 1631 1276 1711 institui,
1301 1595 1455 1758 selrmflllllr

163 1743 360 1817 mentesque
386 1731 562 1796 hominum
594 1752 615 1795 a
639 1739 808 1814 potestate
839 1733 927 1798 IESU
952 1733 1113 1802 CHRISTI
1140 1740 1275 1821 penitus
1301 1713 1453 1820 ssl‘llfflf

160 1838 322 1904 vindicari
335 1845 500 1918 oportere.
517 1833 677 1919 -Quod
695 1836 797 1918 plane
812 1837 902 1901 idem
919 1847 970 1902 est
986 1849 1152 1905 sectarum
1170 1843 1274 1908 mala·
1300 1845 1360 1937 2322
1387 1892 1454 1938 secus

159 1963 235 2008 rum
261 1939 437 2004 consilium
465 1948 569 2020 atque
592 1957 689 2021 opus,
715 1958 810 2022 quae,
833 1959 1046 2025 quacumque
1076 1945 1109 2006 vi
1135 1945 1277 2028 possint,
1297 1937 1392 2010 graui.

158 2047 308 2110 alienare
324 2063 343 2107 a
360 2041 437 2106 Deo
452 2041 663 2106 contendunt
678 2050 769 2106 totas
784 2025 938 2108 civitates
952 2066 961 2123 ;
977 2055 1011 2109 et
1028 2067 1104 2110 cum
1123 2045 1275 2112 EcclesIa

159 2167 370 2231 romanoque
386 2143 588 2211 Pontificatu
614 2144 746 2210 infinito
762 2147 843 2212 odio
868 2156 970 2230 atque
993 2149 1113 2215 ultima
1135 2151 1272 2216 dimica·

157 2255 254 2318 tione
268 2249 464 2333 confligunt.
480 2286 524 2299 -
540 2247 619 2333 Quo
635 2259 748 2313 autem
766 2259 800 2314 et
815 2250 936 2316 iniuria
957 2252 1043 2317 soret
1061 2253 1225 2336 insignior
1239 2262 1273 2317 et
1330 2269 1451 2316 Aureum

157 2375 278 2421 caussa
302 2353 423 2430 notior,
438 2351 687 2416 dedicationem
711 2350 781 2415 fieri
808 2373 933 2435 magno
949 2366 1124 2438 apparatu,
1147 2357 1272 2421 maiore
1300 2330 1452 2434 ,myli

159 2459 348 2543 frequentia
375 2457 511 2539 placuit.
537 2455 792 2520 Multitudinem
818 2477 884 2522 non
914 2460 1074 2542 exiguam
1100 2480 1161 2524 sua
1184 2461 1272 2526 intra
1292 2447 1337 2506 sus
1358 2449 1451 2494 diffisa·

72 2581 75 2588 .
159 2565 294 2632 moenia
310 2562 460 2646 undique
474 2562 617 2626 accitam
633 2581 693 2644 per
709 2580 766 2625 eos
781 2561 854 2626 dies
870 2562 981 2627 Roma
1005 2564 1109 2630 vidit:
1131 2565 1271 2629 circum,
1299 2512 1387 2553 lonas.

156 2675 263 2737 ducta
278 2668 494 2751 impudenter
502 2665 624 2730 infesta
640 2664 792 2748 religioni
802 2667 942 2732 vexilla:
953 2668 1111 2752 quodque
1122 2670 1271 2736 maxime
1326 2701 1418 2748 mma

157 2773 318 2839 horribile
332 2781 394 2848 est,
409 2790 471 2833 nec
492 2768 627 2833 defuere
653 2770 751 2852 signa
766 2789 842 2833 curn
869 2771 1054 2837 simulacris
1070 2774 1270 2857 mquissimi,
1294 2759 1387 2865 mg
1401 2775 1449 2866 ’,ζ’ζῗ

156 2877 218 2962 qui
234 2874 370 2940 subesse
385 2875 418 2962 iu
433 2873 533 2936 caelis
549 2871 729 2936 Altissimo
745 2874 918 2952 recusavit,
929 2876 1085 2959 princeps
1095 2877 1268 2942 seditioso·
1296 2881 1436 2984 Rpffisinss

158 2979 245 3055 rum,
268 2987 464 3042 cunctarum
493 2975 720 3040 instimulator
743 2975 1022 3059 perduellionum.
1046 3017 1091 3028 -
1117 2980 1269 3046 Scelesto
1295 2999 1446 3068 tramenta

157 3083 299 3148 facinori
329 3080 509 3146 insolentia
540 3081 740 3145 concionum
771 3081 1039 3166 scriptorumque
1070 3086 1197 3165 addita,
1234 3088 1267 3152 in
1294 3058 1394 3208 Ἕω
1418 3153 1447 3198 de

157 3188 281 3270 quibus
317 3205 427 3249 rerum
458 3185 685 3248 maximarum
716 3184 887 3249 sanctitati
917 3187 990 3250 sine
1026 3189 1164 3271 pudore,
1196 3191 1268 3255 sine
1312 3211 1431 3256 concioni-

158 3293 262 3356 modo
278 3289 438 3366 illuditur,
452 3288 736 3372 vehementerque
761 3287 819 3352 illa
845 3290 1022 3356 extollitur
1045 3293 1149 3357 exlex
1176 3297 1267 3380 cogi.
1288 3268 1446 3398 Ξζξάῖζζ·

156 3395 253 3460 tandi
270 3396 415 3472 libertas,
431 3413 518 3477 quae
533 3413 711 3476 pravarum
736 3394 932 3476 opinionum
954 3394 1098 3462 secunda
1114 3418 1266 3481 procrea·
1292 3402 1365 3492 {¹522
1373 3389 1446 3494 2222·

157 3500 227 3564 trix
261 3507 321 3576 est,
351 3500 485 3580 unaque
515 3515 592 3560 cum
631 3495 780 3559 moribus
818 3495 1007 3561 christianis
1046 3499 1266 3564 fundamenta
1293 3506 1418 3553 unurrar

158 3602 269 3686 quatit
285 3599 482 3684 disciplinae
498 3600 736 3683 socletatisque
752 3599 869 3666 civilis.

202 3704 289 3768 Tam
305 3704 400 3768 triste
409 3713 524 3768 autern
536 3721 621 3784 opus
631 3702 732 3786 longa
745 3705 1000 3786 praeparatione
1009 3705 1126 3782 curari,
1137 3705 1266 3784 instrui,
1323 3733 1381 3791 0„ae
1396 3749 1443 3780 w..

157 3809 269 3892 perflci
287 3805 389 3886 licuit,
405 3827 471 3872 non
499 3805 602 3870 modo
627 3806 809 3888 scientibus
825 3807 882 3889 qui
908 3817 1077 3890 praesunt,
1092 3810 1149 3873 sed
1174 3809 1265 3876 favo·
1292 3793 1444 3904 2302?st

157 3933 227 3977 rem
244 3923 346 3995 atque
362 3912 582 3976 incitamenta
597 3910 728 3994 prolixe
744 3921 926 3994 aperteque
941 3911 1187 3996 praebentibus.
1306 3911 1435 3980 ”millu

201 4016 373 4082 Acerbum
389 4015 493 4093 dictu,
503 4035 543 4080 ac
559 4014 667 4078 simile
683 4013 829 4097 portenti
843 4025 903 4094 est,
921 4016 965 4079 ab
979 4015 1043 4080 hac
1058 4015 1149 4081 alma
1161 4017 1266 4096 Urbe,
1289 3983 1354 4076 llllr
1380 3978 1444 4030 m·

158 4123 191 4185 in
207 4142 274 4204 qua
284 4119 491 4186 domicilium
508 4119 635 4184 Vicarii
651 4118 703 4183 sui
720 4119 814 4182 Deus
827 4118 1013 4197 collocavit,
1029 4120 1220 4186 rebellantis
1231 4123 1264 4186 in

160 4220 269 4284 Deum
286 4219 424 4284 rationis
447 4217 616 4284 humanae
644 4237 780 4282 manare
806 4205 1021 4301 praeconium
1035 4244 1043 4285 :
1057 4232 1159 4306 atque
1175 4224 1265 4288 unde
1306 4239 1443 4289 summ

159 4325 350 4408 incorrupta
378 4322 554 4406 Evangelii
578 4333 758 4406 praecepta
785 4331 818 4386 ct
846 4322 986 4388 consilia
1011 4323 1130 4390 salutis
1152 4338 1265 4412 petere
1290 4301 1444 4409 mm

123 4427 129 4436 '
160 4429 247 4494 orbis
258 4439 423 4494 terrarum
448 4427 632 4504 consuevit,
647 4427 703 4504 ibi,
718 4426 886 4491 conversis
906 4428 1020 4512 inique
1043 4430 1151 4511 rebus,
1174 4433 1264 4497 nela-
1290 4417 1444 4528 {paracaras-
