3282 4876
400 397 468 466 104
495 397 592 452 Lm.
612 399 740 452 apost.
763 389 784 418 ‘¹
804 399 927 452 RELIG.
952 399 1057 452 ORDO
1075 399 1281 450 BENEDlCTl
1300 399 1425 450 PATRIS
1442 432 1461 460 .,

392 574 532 658 obsequi
549 586 584 639 et
599 573 775 659 diligentia
790 575 1002 642 satisfacere:
1018 594 1087 658 quo
1102 574 1233 639 nullum
1248 574 1384 658 quidem
1398 572 1484 638 exbi-

392 679 543 744 buissent
557 678 789 746 testimonium
815 689 875 746 aut
900 697 960 762 per
984 699 1020 743 se
1036 678 1237 762 praeclarius
1252 687 1312 744 aut
1327 677 1483 759 acceptius

393 781 502 847 Nobis
513 783 649 866 pietatis
660 781 831 867 studiique
843 783 894 846 sui
910 801 991 866 erga
1002 781 1109 865 ipsam
1126 779 1360 865 Apostolicam
1373 779 1483 846 Sedem

215 875 368 984 duffii
391 893 494 969 atque
519 905 600 968 erga
622 894 795 968 parentem
823 883 1139 969 Congregationem.
1153 921 1198 936 -
1213 883 1284 950 Sed
1299 883 1389 950 enim
1403 899 1487 946 mens

215 1001 350 1100 εγω
391 997 426 1054 et
440 987 596 1053 voluntas
612 987 737 1052 Nostra
750 989 889 1071 cognita
903 988 984 1053 satis
995 987 1233 1073 declarataque
1242 997 1315 1053 erat
1330 1008 1375 1052 ex
1390 985 1486 1052 subie-
1544 1001 1548 1010 ·
1598 1051 1599 1066 ,

215 1067 368 1173 aarum
390 1093 454 1158 ctis
478 1093 523 1158 ad
549 1103 661 1158 cetera
686 1093 800 1176 capita
823 1093 1058 1176 quaestionum
1089 1091 1267 1174 responsis
1293 1091 1426 1160 Scilicet
1450 1089 1486 1154 ad
1598 1083 1599 1096 ¹

390 1204 492 1280 caput
507 1196 692 1262 secundum
707 1195 772 1261 hoc
785 1197 889 1261 modo
903 1197 1051 1280 positum
1068 1220 1075 1260 ε
1089 1210 1107 1266 ‹
1120 1196 1246 1263 Utrum
1257 1196 1487 1264 consulendum

392 1313 411 1370 t
426 1309 461 1366 et
475 1317 624 1384 quonam
636 1309 738 1383 pacto
749 1299 964 1366 missionibus
975 1309 1010 1367 et
1022 1299 1143 1366 ratiom
1155 1302 1356 1380 studiorum,
1365 1299 1488 1382 eiusque

393 1417 413 1474 t
427 1404 474 1468 rei
489 1403 598 1486 gratia
613 1403 788 1469 retinenda
803 1423 847 1470 ne
860 1403 1039 1488 disciplina
1060 1405 1105 1470 de
1126 1423 1195 1471 uno
1218 1405 1406 1490 eodemque
1419 1402 1488 1468 tiro·

395 1507 505 1576 (cinii
519 1505 716 1572 domicilio?
732 1522 751 1578 s
768 1525 966 1591 responsum
981 1517 1053 1574 est:
1071 1507 1242 1578 (Placere
1264 1511 1313 1576 ita
1329 1505 1489 1594 consulen-

392 1613 520 1690 (dum,
535 1619 573 1676 ut
596 1630 640 1676 ne
665 1610 752 1676 aliae
775 1621 895 1696 postea
917 1613 1143 1697 suscipiantur
1163 1615 1352 1694 missiones,
1372 1612 1432 1678 nisi
1453 1609 1490 1675 de
1599 1651 1600 1688 ,

395 1713 649 1799 (Apostolicae
666 1713 764 1782 Sedis
779 1717 889 1794 venia,
899 1715 1105 1802 delectisque
1116 1717 1160 1782 ad
1177 1717 1211 1784 id
1226 1737 1316 1802 opus
1331 1711 1489 1783 monachis
1599 1783 1600 1812 ,

398 1818 584 1888 (doctrina
612 1827 647 1883 et
670 1817 832 1902 exemplo
860 1819 1036 1902 probatis;
1062 1829 1100 1885 ut
1125 1839 1272 1904 praeses,
1302 1819 1490 1889 definitores.

394 1919 651 2005 (provinciales
675 1920 709 1984 in
737 1920 950 1986 monasteriis
974 1921 1121 1988 habeant
1146 1922 1265 2004 sedes;
1281 1931 1322 1988 ut
1335 1939 1445 1988 cursus
1462 1925 1496 1982 et·

396 2024 517 2093 (ratio
538 2022 726 2090 studiorum
750 2022 795 2088 ad
822 2043 976 2090 normam
1000 2023 1290 2092 Constitutionum
1307 2025 1396 2110 (cap.
1408 2021 1491 2102 xvtl)

395 2130 621 2214 (exigantur,
645 2128 710 2196 hoc
735 2139 909 2213 praeterea
934 2149 1044 2210 suaso,
1067 2139 1105 2197 ut
1134 2129 1263 2196 alumni
1293 2131 1423 2217 optima
1442 2143 1493 2211 spe

395 2234 671 2317 (praelucentes,
702 2233 850 2299 Romam
883 2234 1113 2300 doctrinarum
1150 2235 1347 2319 cognitione
1377 2232 1492 2318 plenius

396 2352 416 2407 (
432 2338 677 2424 perfectiusque
700 2337 874 2404 imbuendi
899 2339 1077 2405 mittantur
1090 2361 1099 2421 ;
1113 2349 1152 2406 ut
1176 2339 1276 2404 unica
1289 2338 1443 2406 omnbus
1456 2333 1493 2398 sit

398 2442 580 2527 ‹ponend
606 2442 751 2508 tirocinii
780 2441 924 2520 domus;
948 2451 985 2506 ut
1014 2451 1200 2508 conventus
1231 2461 1289 2508 seu
1321 2435 1492 2525 capitulum

398 2563 417 2617 t
432 2545 589 2631 generale
602 2566 649 2611 ex
671 2545 712 2610 iis
727 2545 910 2610 dumtaxat
923 2543 1116 2611 titularibus
1132 2543 1191 2610 fiat
1206 2545 1264 2630 qui
1279 2542 1494 2612 iurisdictione

401 2649 615 2735 (potiantur.
631 2662 649 2719 )
667 2647 765 2733 Quae
786 2648 951 2726 consulta,
964 2657 999 2712 et
1015 2647 1199 2715 voluntatis
1220 2649 1369 2715 Nostrae
1383 2639 1494 2730 signill-

397 2755 557 2832 cationes,
577 2755 621 2819 ad
646 2753 680 2818 id
705 2751 796 2836 quod
824 2751 933 2817 Nobis
957 2761 1136 2838 tantopere
1157 2762 1230 2819 erat
1245 2763 1280 2820 et
1294 2765 1349 2820 est
1364 2755 1397 2818 in
1412 2747 1495 2823 vous.

397 2855 611 2924 concordiam
643 2873 765 2939 nempe
801 2865 837 2922 et
866 2855 1053 2940 proiectum
1092 2857 1267 2923 universae
1300 2849 1496 2926 Sodalitatis,

260 2981 375 3041 quarm
399 2959 582 3028 rectissime
596 2958 730 3043 singula
743 2958 987 3026 conducebant
1002 2997 1047 3010 -
1063 2961 1176 3026 Primo
1201 2961 1301 3038 enim,
1316 2981 1362 3026 ne
1377 2971 1497 3024 monae·
1601 2945 1602 2970 l

220 3042 335 3162 mm
351 3112 374 3146 ,.
398 3065 490 3131 teriia
518 3060 622 3130 onera
647 3062 853 3129 adderentur
876 3064 920 3130 ad
946 3083 987 3130 ea
1017 3065 1140 3150 quibus
1169 3063 1311 3149 fatigata
1343 3075 1379 3130 et
1402 3074 1497 3147 paene

223 3159 375 3280 {wm-
398 3188 559 3254 oppressa
584 3167 816 3251 languescunt,
837 3168 1019 3250 provisum,
1044 3169 1154 3236 nullas
1179 3177 1299 3253 postea
1324 3167 1497 3236 missiuusst

224 3279 375 3385 ww
400 3273 463 3339 nisi
488 3271 695 3337 concedente
718 3269 919 3354 Apostoliea
946 3270 1045 3352 Sede,
1074 3272 1315 3357 suscipiendas
1341 3271 1498 3346 tumne

224 3411 278 3444 ms
301 3396 375 3444 mes
400 3377 529 3444 iuniore
539 3381 651 3440 aetate
667 3373 833 3452 monachi,
841 3393 946 3458 quum
959 3393 1026 3441 non
1042 3377 1125 3442 satis
1140 3377 1192 3441 vel
1205 3375 1347 3442 scientia
1357 3361 1497 3439 instructi

222 3455 332 3516 'm'
401 3479 453 3545 vel
469 3477 620 3562 legitima
635 3475 812 3562 disciplina
826 3490 939 3544 essem
953 3478 1164 3558 conformati,
1179 3477 1365 3545 missionali
1381 3463 1498 3542 muneri

242 3614 377 3662 ,2„,·„,·,
401 3581 644 3658 addicerentur,
670 3597 753 3644 neve
778 3581 812 3646 in
836 3581 1008 3648 coenobiis
1037 3583 1085 3648 ob
1110 3583 1277 3648 sodalium
1302 3579 1497 3667 paucitatem

90 3735 95 3748 .
226 3676 310 3722 ’m
318 3675 377 3722 Ml·
401 3683 594 3750 communia
622 3681 733 3748 officia
763 3683 918 3764 iacerent,
953 3685 1207 3770 praescriptum,
1237 3695 1275 3752 ut
1305 3686 1340 3751 id
1363 3674 1498 3748 muneris

222 3736 319 3796 ‘m'
403 3785 576 3854 monachis
587 3787 815 3870 imponeretur
828 3787 1001 3854 doctrinae
1016 3788 1117 3855 laude
1132 3799 1167 3855 et
1182 3790 1378 3874 integritate
1390 3799 1498 3851 exem·

402 3889 449 3975 pli
461 3889 618 3976 probatis
641 3923 685 3938 -
703 3891 801 3968 Item,
811 3890 856 3957 ad
868 3891 1052 3958 excitanda
1063 3893 1176 3960 studia
1191 3893 1376 3977 sapientiae
1398 3899 1431 3954 et
1457 3881 1496 3948 ad

226 3991 378 4100 ssjfucssg·
402 3993 579 4080 pristinum
604 3994 707 4062 decus
729 3993 919 4062 revehema
942 3996 1197 4081 praescriptum,
1219 4006 1257 4062 ut
1282 4013 1396 4062 eorum
1421 3985 1498 4056 ratio

401 4099 447 4166 ad
469 4099 617 4182 optimas
647 4117 783 4166 normas
805 4099 1085 4166 constitutionum
1126 4101 1329 4185 exigeretur,
1363 4089 1496 4166 domnis

403 4212 515 4269 autem
528 4201 825 4286 praestantioribus
841 4203 949 4270 maior
963 4203 1132 4287 quaedam
1149 4205 1296 4289 petenda
1326 4209 1411 4268 esset
1434 4197 1496 4263 Ro·

403 4324 479 4373 mae
502 4301 672 4388 perfectio.
703 4303 761 4371 Sic
784 4305 898 4385 etiarn,
923 4308 1172 4374 coniunctionis
1187 4310 1310 4374 caussa
1323 4300 1493 4372 raronacltttt

403 4409 490 4474 inter
515 4408 753 4475 conventuales
776 4419 811 4477 et
841 4409 1080 4493 missionarios,
1104 4421 1208 4497 utque
1239 4412 1428 4478 missionum
1448 4411 1494 4470 tu·
