3140 4866
395 339 467 432 258
494 359 676 412 ssrsrosa
695 345 715 376 ¹‘
733 357 940 412 sruoucsar
957 357 1038 409 cuu
1057 355 1358 410 ususvonaurrs
1374 391 1397 422 ..

391 545 448 610 dia
464 545 497 609 in
514 543 645 609 diversa
659 541 807 620 trabunt,
828 542 938 606 omnis
952 541 1170 612 dissensionis
1193 562 1263 606 vox
1286 541 1489 608 conticescat

391 656 493 729 atque
504 647 655 712 omnium
668 667 726 712 cor
738 665 842 711 unum
854 647 899 710 sit
909 655 943 710 et
955 645 1069 710 anima
1081 665 1158 722 una,
1172 665 1276 728 quum
1290 647 1335 710 de
1352 645 1395 707 iis
1405 645 1487 708 bonis

391 751 525 816 tuendis
547 751 658 834 agitur
673 750 794 836 quibus
809 750 938 834 patriae
953 748 1043 814 salus
1062 761 1097 814 et
1117 749 1287 833 religionis
1302 751 1411 816 decus
1423 767 1487 812 con·

213 837 366 954 &3⁶¹
391 857 523 922 tinetur.
538 895 583 906 -
598 855 678 940 Quo
693 855 820 922 firmius
840 873 919 920 vero
939 855 1022 920 baec
1037 855 1216 920 concordia
1230 865 1367 920 constet
1383 873 1487 936 persp

211 957 327 1012 mim
391 969 572 1046 portunum
586 960 694 1026 Nobis
709 959 840 1024 videtur
851 959 969 1025 breves
982 959 1146 1042 quasdam
1162 960 1340 1042 designare
1357 976 1487 1026 normas.

211 1013 334 1122 53ἶῖἶῖῗὲ
388 1065 514 1150 quaesi
530 1065 707 1148 diligenter
722 1072 875 1130 servatae
890 1062 1014 1128 luerint
1026 1081 1046 1126 a
1057 1063 1217 1128 societate
1233 1073 1356 1140 vestra,
1372 1062 1485 1146 duplex

205 1137 344 1242 {2:122}
387 1169 497 1234 eidem
509 1169 665 1234 obveniet
677 1169 814 1232 utilitas.
828 1166 985 1250 Namque
1000 1176 1034 1231 et
1049 1166 1169 1231 liberas
1185 1167 1312 1250 poterit
1327 1167 1486 1249 explicare

209 1253 322 1360 {wc
384 1273 470 1338 vires
486 1273 519 1336 in
537 1273 576 1337 iis
592 1272 691 1336 rebus
706 1271 860 1356 gerendis
885 1288 974 1353 quae
998 1270 1120 1334 rationi
1140 1269 1348 1336 conveniunt
1365 1270 1484 1334 institu-

384 1375 485 1440 tionis
500 1395 581 1441 suae
594 1395 635 1440 ac
651 1374 817 1438 sociorum
834 1373 948 1451 aetati,
963 1382 998 1438 et
1013 1373 1191 1438 commode
1213 1373 1349 1456 poterit,
1372 1373 1421 1436 uti
1436 1393 1484 1455 par

383 1490 443 1556 est,
457 1499 560 1562 opera
575 1479 697 1557 iuvare,
711 1477 853 1543 consilio
866 1486 902 1542 ct
917 1477 1026 1560 gratia
1042 1477 1085 1540 ad
1102 1475 1228 1540 maiora
1244 1476 1384 1558 incepta
1399 1475 1484 1558 pefi-

381 1579 500 1646 cienda
511 1583 689 1646 societates
705 1581 788 1645 alias
804 1581 837 1644 in
852 1597 937 1664 quas
952 1579 1085 1644 coivere
1101 1577 1268 1662 perfectae
1284 1581 1410 1644 aetatis
1424 1579 1483 1642 viri

202 1675 354 1780 Saum!
382 1683 456 1748 Has
471 1684 558 1749 inter
572 1683 709 1750 excellit
725 1683 868 1748 societas
891 1701 977 1766 quae
1000 1701 1021 1744 a
1036 1679 1257 1746 conventibus
1273 1689 1310 1746 et
1325 1681 1484 1745 comitati-

198 1795 351 1900 ww
379 1787 441 1850 bus
456 1787 631 1852 catholicis
656 1807 779 1853 nomen
806 1787 918 1864 babet,
933 1785 1060 1868 quippe
1085 1803 1172 1868 quae
1187 1805 1249 1868 pro
1264 1785 1483 1867 amplitudine

197 1911 287 1982 turnus
311 1927 349 1958 ca·
376 1891 626 1955 constitutionis
638 1911 718 1956 suae
731 1899 765 1954 et
777 1889 893 1954 finium
904 1908 989 1970 quos
1002 1889 1106 1954 habet
1115 1890 1318 1972 propositos,
1330 1909 1372 1952 ea
1383 1899 1483 1973 potest

196 1971 292 2076 222⁸?
311 1973 349 2018 ᾖ·
374 1995 513 2077 aggredi
528 2015 671 2078 quorum
693 1995 821 2059 utilitas
836 1993 957 2058 celsius
974 1994 1101 2058 eminet
1121 2013 1162 2057 ac
1189 2014 1294 2078 prope
1317 1996 1482 2058 universos

373 2099 520 2182 attingit.
532 2099 640 2184 Atqui
653 2099 750 2163 lacile
762 2099 934 2164 intellectu
947 2107 998 2161 est
1013 2098 1212 2162 societatem
1227 2109 1388 2176 vestram,
1402 2119 1481 2181 quae

372 2201 451 2266 solis
466 2211 601 2268 constat
616 2203 792 2268 iuvenibus
807 2203 850 2266 ad
867 2201 1083 2266 christianam
1100 2202 1205 2266 vitam
1222 2201 1427 2279 excolendis,
1437 2201 1476 2264 ad

370 2315 440 2372 tam
457 2307 598 2372 arduum
615 2328 701 2372 onus
721 2307 915 2372 obeundum
938 2325 1006 2369 non
1030 2325 1103 2370 sese
1127 2305 1298 2388 porrigere
1323 2307 1415 2390 quod
1436 2305 1476 2370 ad

370 2411 552 2493 perlectam
568 2421 714 2476 aetatem
731 2409 892 2494 pertinet;
907 2409 1041 2474 tametsi
1067 2410 1173 2493 possit
1196 2430 1236 2473 ac
1251 2411 1378 2476 debeat
1406 2429 1474 2474 cum

369 2516 441 2580 aliis
457 2516 584 2580 conniti
600 2536 668 2598 quo
684 2515 812 2599 plenior
824 2516 867 2579 sit
883 2514 1077 2580 coniunctio
1093 2523 1128 2580 et
1142 2515 1350 2598 conspiratio
1365 2516 1474 2580 carbo

368 2621 505 2685 licarum
521 2622 652 2699 virium,
668 2640 769 2703 quam
785 2621 905 2684 suadet
921 2620 1048 2685 utilitas
1065 2628 1100 2683 et
1115 2621 1298 2683 necessitas
1314 2621 1430 2704 exigit.

238 2728 343 2774 Societas
413 2725 490 2788 Hoc
506 2725 619 2807 itaque
634 2727 791 2808 primum,
812 2725 933 2806 capitis
957 2723 1071 2800 instar,
1087 2723 1289 2806 principium
1306 2725 1360 2802 sit,
1376 2723 1473 2788 socie·

187 2788 326 2905 §wize
367 2838 470 2894 tatem
487 2842 643 2906 vestram,
654 2849 741 2912 quae
757 2829 808 2892 sui
825 2829 904 2892 iuris
920 2837 954 2891 et
969 2827 1148 2910 potestatis
1164 2836 1225 2903 est,
1236 2836 1365 2892 statum
1381 2845 1472 2890 snum

192 2919 343 3011 Zir'lrssnssssf
367 2952 498 2996 servare
521 2941 686 3014 oportere,
713 2951 773 2996 nec
801 2931 986 3014 quidquam
1018 2931 1269 2995 immutandum
1300 2933 1344 2995 de
1374 2931 1472 3013 ipsius

194 3030 256 3071 mi·
367 3035 606 3100 constitutione
616 3043 673 3100 aut
686 3035 931 3100 detrahendum
945 3036 987 3100 de
997 3035 1152 3098 libertate
1167 3033 1291 3118 agendi
1303 3055 1344 3099 ea
1356 3035 1473 3108 omnia.

368 3160 454 3224 quae
484 3140 618 3204 statutis
648 3141 744 3224 queis
774 3141 880 3205 utitur
905 3148 1106 3222 congruunt.
1138 3137 1277 3204 Scilicet
1306 3159 1413 3222 quum
1437 3158 1474 3201 eo

367 3252 496 3327 spectet
512 3243 676 3325 imprimis
692 3243 884 3307 institutum
904 3253 1053 3307 vestrum
1071 3250 1108 3306 ut
1131 3241 1268 3306 iuvenes
1284 3249 1473 3306 assuescam

368 3346 515 3430 profiteri
531 3349 700 3432 impavide
716 3346 917 3410 catholicam
943 3345 1044 3410 fidem
1066 3353 1101 3408 et
1116 3343 1196 3409 fidei
1215 3357 1471 3409 consentaneam

368 3471 467 3534 agere
479 3453 594 3528 vitam,
605 3460 706 3534 atque
718 3451 765 3514 ita
774 3448 972 3532 aequalibus
981 3460 1016 3514 et
1031 3449 1160 3532 populo
1175 3449 1304 3532 praeire
1320 3445 1473 3529 exemplo

220 3586 346 3647 Reum·
368 3566 406 3621 ut
421 3557 532 3636 vigeat
548 3556 581 3618 in
599 3555 720 3620 animis
735 3554 905 3637 religionis
921 3554 1071 3618 studium
1099 3563 1202 3637 atque
1228 3552 1427 3634 obsequium
1442 3549 1471 3612 in

194 3647 346 3762 {alm
369 3659 603 3723 auctoritatem
628 3657 800 3723 Ecclesiae
824 3669 858 3722 ct
884 3659 957 3723 iura
984 3658 1114 3722 romani
1132 3656 1316 3734 Pontificis,
1331 3665 1473 3722 vestrum

195 3765 242 3810 mis
276 3766 345 3811 addi·
368 3768 419 3825 est
429 3762 640 3844 potissimum
652 3761 710 3843 (ad
723 3782 763 3825 ea
775 3762 866 3844 quod
877 3761 1000 3826 attinet
1011 3762 1134 3844 quibus
1150 3759 1323 3842 perficitur
1332 3755 1473 3834 animus)

194 3829 241 3876 Μ’
368 3885 487 3930 vacare
500 3864 653 3949 precibus
669 3873 702 3928 et
718 3863 867 3928 studiose
892 3864 1089 3929 christianas
1106 3865 1247 3928 virtutes
1262 3863 1383 3940 colere,
1396 3861 1473 3925 inire

369 3970 511 4034 invicem
538 3977 674 4032 sanctae
697 3975 732 4032 et
756 3969 882 4031 veracis
907 3969 1075 4032 amicitiae
1097 3965 1233 4031 foedera
1257 3974 1293 4031 et
1307 3985 1350 4030 ea
1375 3965 1472 4028 vitare

369 4073 487 4137 sedulo
510 4072 629 4154 quibus
645 4070 763 4154 religio
791 4071 934 4136 laeditur
950 4082 1008 4136 aut
1023 4071 1234 4136 verecundia.
1250 4069 1293 4132 In
1309 4069 1351 4134 iis
1366 4079 1469 4133 antem

368 4196 454 4260 quae
470 4177 596 4240 bonum
612 4175 759 4240 alienum
773 4176 962 4257 respiciunt,
973 4196 1032 4240 eae
1044 4195 1142 4240 curae
1153 4173 1356 4259 praecipuae
1370 4169 1469 4236 zelum

369 4290 515 4344 vestrum
532 4287 720 4354 exerceant,
736 4287 773 4342 ut
789 4278 882 4342 festis
898 4279 1017 4344 diebus
1031 4275 1165 4358 debitus
1181 4277 1348 4342 habeatur
1362 4275 1470 4346 honos,

370 4393 407 4446 ut
422 4384 578 4445 decenter
590 4391 623 4445 et
635 4379 801 4462 amplifice
818 4380 899 4446 liant
915 4403 1002 4466 quae
1017 4386 1060 4449 ad
1076 4382 1203 4447 cultum
1217 4381 1283 4446 Dei
1300 4381 1468 4464 pertinent
