3250 4876
544 365 665 416 tubex
692 365 941 419 numxrtcus.
1224 367 1296 438 313

256 572 295 627 ’Β
303 571 436 628 “nivem
447 573 517 628 ‘lib‘
535 575 663 644 Ptaestita
687 575 772 632 16.-
784 577 818 631 ln
839 576 943 648 quibus
955 587 984 633 et
1005 576 1132 632 divinam
1145 575 1225 632 botri·
1242 523 1295 576 Pu·

255 661 345 708 tatem
369 651 485 721 fulgere,
507 664 535 709 et
560 655 700 712 Ecclesiae
733 655 856 725 gloriam
877 673 911 712 ac
937 656 1075 712 unitatem
1097 664 1225 725 testatur,

255 731 895 802 tantaeconspirationismentiummemoriam
904 753 993 808 usque
1013 735 1225 792 servaturustb.

254 811 415 882 —Bellum
428 811 494 866 dein
513 812 639 868 initalia
656 829 793 883 grassans
806 815 932 884 queritur
949 829 988 880 17.
999 844 1034 855 -
1045 811 1225 869 Ecclesiasti-

255 906 319 945 eatn
333 891 370 947 de
386 890 507 946 decimis
519 893 664 950 solvendis
677 895 770 964 legem
782 895 918 951 violatam
928 895 1014 966 luget,
1023 895 1152 965 ejusdem
1165 895 1224 950 vio·

255 969 370 1026 lationis
395 969 482 1026 finem
507 972 644 1044 detegens
668 986 708 1041 17.
729 1005 766 1015 -
792 977 913 1046 Insuper
935 992 1002 1030 mox
1026 973 1225 1045 perferendam

253 1047 347 1118 legem
358 1049 396 1104 de
415 1050 588 1120 patrimonio
600 1051 805 1122 ecclesiastico,
815 1063 914 1124 utpote
933 1051 989 1126 juri
1005 1053 1146 1108 canonico
1156 1069 1223 1108 con·

254 1127 380 1198 trariam,
404 1137 491 1200 atque
518 1133 726 1202 oppressivum,
751 1133 937 1190 veliementer
968 1133 1086 1188 damnat
1124 1145 1165 1198 ¹7·
1189 1161 1224 1172 -

255 1209 381 1263 Demum
391 1225 409 1262 a
421 1209 527 1266 scholis
537 1211 657 1281 publicis
668 1212 810 1282 juventuti
826 1212 986 1269 timendum
999 1213 1126 1268 declarat
1139 1211 1179 1266 18.
1187 1239 1224 1252 -·

254 1290 333 1358 Quas
349 1288 440 1346 ltaliae
461 1291 646 1361 calamitates,
656 1292 783 1364 pericula
802 1309 867 1364 quae
879 1293 1027 1350 continent
1037 1292 1223 1364 prospiciens,

253 1367 317 1422 orbi
326 1367 476 1438 significat,
491 1371 547 1425 Dei
555 1387 610 1441 epe
623 1381 759 1427 caeterum
772 1372 857 1443 plane
870 1373 995 1430 confisus
1007 1374 1048 1430 18.

218 1467 249 1518 8.
272 1467 480 1520 EPISTOLA
494 1470 538 1520 ad
551 1471 823 1534 archiepiscopos
834 1476 866 1524 et
880 1473 1058 1538 Episcopos
1073 1470 1223 1522 Bauarlce

176 1545 225 1598 de
244 1545 344 1599 rebus
369 1549 530 1600 Bauariae.
551 1551 642 1601 -22
658 1551 843 1604 decembris
859 1553 939 1605 1887

289 1631 434 1688 Relevatis
455 1633 540 1688 rebus
552 1633 683 1690 ecclesiae
704 1635 780 1704 apud
803 1636 953 1707 Borussos,
968 1652 1033 1691 sese
1044 1635 1081 1690 ad
1096 1636 1222 1689 Bavares

254 1709 385 1766 Pontifex
398 1714 538 1768 convertit
558 1728 598 1782 19.
608 1745 645 1755 -
656 1714 704 1770 Ad
718 1716 892 1772 medendum
905 1718 990 1772 rebus
1001 1715 1130 1784 ejusdem
1143 1710 1222 1784 apud

253 1789 332 1860 ipsos
351 1807 435 1862 opem
449 1809 530 1848 suam
550 1793 708 1866 pollicetur,
721 1795 875 1852 auxiliante
884 1795 1043 1852 antistitum
1065 1793 1165 1848 ordine
1181 1803 1222 1858 19.

252 1899 289 1909 -
302 1870 388 1926 Festa
414 1871 553 1927 Ecclesiae
574 1873 704 1928 Bauariae
729 1875 833 1946 repetit
849 1891 868 1930 a
888 1877 917 1932 S.
938 1876 1075 1932 Severino
1099 1872 1222 1939 Abbate,

256 1949 355 2006 Norici
368 1951 509 2022 apostolo,
522 1951 559 2008 ad
575 1952 603 2008 S.
617 1952 797 2008 Bonifncium
811 1953 1012 2025 Moguntinum
1023 1950 1221 2022 Archiepisco·

253 2044 330 2100 pum,
342 2029 510 2085 hierarchiae
522 2031 671 2088 catholicae
690 2032 719 2087 in
744 2032 789 2088 bis
803 2033 965 2104 regionibus
977 2042 1122 2088 auctorem
1134 2043 1221 2098 19-20.

251 2137 288 2150 —
301 2109 382 2179 Inde,
395 2127 461 2165 cunt
481 2127 532 2181 per
553 2110 690 2168 duellium
711 2114 862 2184 imperium
884 2115 957 2170 inter
969 2123 998 2169 et
1020 2110 1222 2175 sacerdotium,

253 2199 315 2245 tum
338 2206 390 2262 per
416 2191 595 2246 Novatorum
620 2191 785 2262 seditiones,
808 2193 866 2248 lida
886 2195 993 2250 exstitit
1013 2191 1144 2260 Bavaria,
1166 2184 1221 2245 etsi

254 2279 333 2325 secta
354 2267 552 2336 circumdatur
568 2269 631 2340 jure
652 2271 720 2327 olim
742 2289 760 2326 a
773 2273 914 2342 Gregorio
939 2273 968 2326 11
992 2271 1109 2328 laudata
1128 2283 1172 2322 21.
1186 2295 1223 2306 -

254 2345 333 2403 Hinc
357 2363 443 2403 omen
463 2347 530 2402 felix
550 2365 602 2418 pro
623 2349 724 2404 futuris
742 2351 918 2420 temporibus
945 2350 1091 2420 accipitur,
1110 2347 1223 2417 adjecta

253 2425 401 2482 Pontificis
420 2443 488 2482 cura
505 2442 547 2482 2ι.
560 2457 594 2467 -
609 2429 739 2484 Bavariae
761 2429 921 2485 Ecclesiam
943 2447 961 2486 a
983 2429 1034 2485 Pio
1058 2429 1101 2482 lX
1120 2423 1222 2480 merito

251 2506 434 2575 celebratam,
449 2507 506 2563 Leo
518 2507 594 2562 Xlll
608 2507 713 2578 pariter
723 2509 907 2565 commendat
921 2524 963 2565 22.
973 2539 1009 2549 —
1023 2508 1080 2565 Sed
1090 2519 1220 2562 crescen-

250 2585 328 2640 tibus
353 2583 567 2641 difficultatibus
597 2587 636 2641 ad
668 2599 853 2656 augmentum
878 2588 1034 2658 vigilantiae
1057 2595 1085 2643 et
1111 2582 1221 2640 roboris

251 2665 366 2721 animos
389 2663 489 2720 incitat
502 2679 544 2720 22.
558 2695 593 2705 —
608 2665 752 2736 Imprimis
770 2667 925 2737 parandus,
937 2667 1082 2722 ornandus
1100 2673 1221 2720 culcittis

251 2754 351 2816 utpote
364 2746 517 2814 praesulum
535 2745 676 2801 exercitus
698 2760 741 2801 22.
756 2776 792 2787 -
816 2747 1025 2820 Antiquissima
1042 2747 1104 2802 haec
1123 2741 1222 2798 Eccle-

252 2823 304 2878 siae
333 2839 411 2892 cura,
433 2823 545 2878 nonnisi
568 2823 672 2894 injuste
703 2823 886 2895 impedienda
908 2840 997 2894 2223.
1011 2854 1047 2864 —
1066 2824 1120 2878 Est
1144 2819 1222 2876 enim

250 2901 385 2958 Ecclesia
397 2902 523 2971 perfecta
533 2903 658 2958 societas
671 2917 717 2972 23.
731 2934 766 2944 -
780 2903 871 2974 Quale
884 2905 1016 2962 doctrina
1027 2913 1056 2960 et
1069 2901 1220 2959 virtutibus

251 2981 447 3050 seminarium,
460 2979 525 3036 talis
543 2981 635 3036 clerus
649 2996 691 3050 23.
707 3012 743 3023 -
755 2983 865 3053 Clerus,
884 2984 931 3040 lux
955 2982 1063 3053 mundi,
1080 2980 1222 3052 rapr'enlia

251 3060 370 3130 indiget,
383 3071 413 3114 ut
421 3059 549 3115 ueritatis
562 3076 681 3130 regnum
694 3063 848 3118 extendere
860 3065 962 3133 valeat,
975 3077 1142 3134 erroresque
1154 3075 1221 3114 con·

251 3141 358 3196 vellere
380 3153 421 3208 aa
436 3169 470 3179 -
493 3139 579 3208 Quod
598 3157 701 3195 munus
728 3141 757 3195 in
786 3141 927 3212 prioribus
950 3141 1090 3197 Ecclesiae
1111 3136 1223 3194 saeculis

253 3220 355 3275 Patres
363 3235 397 3274 ac
407 3219 550 3273 Doctores
560 3218 683 3288 gloriose
691 3220 801 3275 executi
809 3231 884 3289 sunt,
893 3221 1009 3277 ethnica
1021 3217 1223 3290 superstitione

252 3297 456 3372 profligatam.
470 3327 505 3338 -
519 3298 671 3369 Perpensis
690 3300 926 3370 philosophorum
951 3300 1073 3371 scriptis,
1086 3299 1172 3353 fidem
1194 3307 1222 3352 et

250 3379 392 3434 rationem
405 3378 490 3447 plane
507 3393 571 3434 esse
583 3379 742 3433 concordes
754 3379 940 3434 ostenderunt
954 3393 996 3446 24.
1010 3409 1045 3420 -
1058 3379 1138 3447 Quos
1148 3375 1223 3431 inter

251 3457 385 3512 doctores
397 3454 525 3511 eminent
546 3457 724 3525 Augustinus
742 3467 770 3512 et
783 3459 910 3513 Thomas
932 3458 1070 3526 Aquinas,
1084 3453 1223 3527 imprimis

253 3533 388 3606 operibus
400 3534 446 3588 De
459 3535 585 3590 Ciuitate
597 3535 656 3589 Dei
663 3547 691 3590 et
704 3537 826 3590 Summa
838 3548 957 3608 utraque
971 3551 1096 3606 24-25.-
1112 3536 1223 3589 lustau·

253 3615 344 3671 randn
357 3614 513 3671 hodiedum
541 3615 604 3671 haec
631 3631 726 3686 pugna
747 3632 813 3671 cum
834 3615 1090 3688 neoethnicis,qui,
1103 3612 1223 3668 ducibus

253 3695 449 3751 Novatoribus
480 3710 546 3749 saec.
569 3695 650 3764 XVl,
665 3693 762 3764 specie
786 3694 1003 3765 progressionis,
1025 3711 1077 3764 per
1100 3693 1222 3762 abrupta

252 3775 406 3844 tiiealr'smr‘,
419 3775 630 3841 malenblismi,
654 3773 691 3828 ad
713 3773 854 3829 excidium
874 3776 1030 3829 humanam
1054 3771 1223 3827 societatem

253 3853 418 3910 conducunt
438 3865 525 3921 25.-
540 3853 636 3922 Quare
657 3852 749 3907 clerus
772 3853 826 3908 rite
845 3851 984 3908 formatus
996 3851 1034 3906 ad
1054 3851 1107 3904 hos
1125 3846 1222 3903 debel-

254 3933 357 3990 landos
367 3944 500 4004 exsurgat
514 3947 554 4003 25·
569 3962 602 3973 -
619 3931 815 3987 Humanitatis
837 3933 931 3988 stadio
956 3947 1083 3994 emenso,
1097 3927 1221 4000 philoso-

251 4014 321 4086 plria
332 4015 442 4085 optima
454 4013 598 4070 imbuatur
611 4014 653 4068 26.
663 4041 699 4053 —
712 4014 808 4084 Opera
822 4011 973 4084 Aquinatis
986 4010 1088 4068 sedulo
1112 4006 1221 4081 pervol-

249 4104 318 4149 vat:
332 4103 399 4149 sunt
408 4093 486 4149 enim
495 4091 717 4163 praeclarissima
729 4093 833 4150 mentis
846 4092 998 4163 disciplina
1015 4091 1059 4147 26.
1071 4119 1107 4130 -
1121 4091 1155 4144 ln
1176 4086 1222 4142 lris

250 4173 392 4244 reperitur
404 4172 442 4228 ad
451 4170 723 4243 contemplationem
741 4172 797 4242 via,
810 4189 939 4228 errorum
950 4183 1010 4226 tum
1020 4181 1147 4226 veterum
1160 4176 1221 4222 tum

250 4252 410 4308 recentium
417 4251 584 4320 confutatio,
597 4262 659 4307 tuta
671 4251 878 4323 disquisitionis
890 4249 1007 4306 libertas
1016 4249 1059 4304 26.
1073 4279 1107 4288 —
1121 4244 1222 4319 Qualis

252 4333 356 4388 doctm
368 4329 525 4386 catholicus
543 4346 607 4386 esse
622 4331 734 4398 debeat,
755 4331 854 4402 paucis
875 4330 1035 4386 declaratur
1057 4342 1099 4395 27.
1112 4327 1222 4381 —Lux

254 4409 423 4467 doctrinaee
445 4409 618 4465 candelabro
634 4411 756 4464 vt'rlutts
773 4409 908 4478 eliulgeat
925 4422 967 4476 27.
981 4437 1016 4448 —
1039 4407 1179 4479 Magister
1193 4414 1221 4461 et
