3250 4876
496 404 616 454 INDEX
646 401 898 454 ANALYTlCUS.

172 622 457 675 60.ΕΡ18’1·01.Δ
478 623 521 674 nd
540 623 712 690 Rectorem
733 619 885 672 Univers.
900 619 1027 670 cathol.
1048 617 1186 682 Lugdu-

135 713 286 756 nensem.
308 726 343 738 -
366 701 415 752 De
441 701 613 754 catholieo
632 703 799 750 conventu
821 697 980 763 Lugduni
1002 697 1128 748 habito.
1151 723 1188 733 -

135 779 402 843 27aprllis1889

244 877 374 935 Pontifex
392 880 502 950 gratias
523 880 582 948 agit
602 879 640 934 de
656 877 782 949 acceptis
804 877 905 933 litteris
927 889 1011 947 gesta
1028 886 1187 934 conventus

207 959 406 1029 Lugdunensis
416 957 643 1015 describentibus
656 971 716 1023 244.
727 987 761 997 -
775 956 885 1012 Laudat
898 957 1005 1012 221212
1018 956 1074 1011 hoc
1085 956 1184 1012 catho-

206 1039 262 1094 lico
279 1049 421 1094 conventu
435 1053 496 1106 244.
508 1068 545 1079 -
559 1038 704 1110 Imprimis
715 1039 812 1094 laudat
835 1037 962 1093 studium
974 1055 1032 1109 quo
1046 1036 1185 1093 incumbi·

206 1130 252 1173 tur
271 1118 421 1190 sapientise
433 1117 606 1187 christiana,
619 1127 649 1174 et
667 1135 725 1189 quo
739 1117 878 1174 Ecclesiae
896 1116 973 1188 juria
984 1116 1187 1182 vindicantur;

208 1198 237 1254 iu
259 1196 363 1269 quibus
384 1206 415 1253 ut
435 1209 633 1268 perseveretur
653 1198 751 1267 instat,
765 1199 829 1252 Deo
850 1195 987 1252 auxilium
1005 1195 1187 1252 ministrante

212 1291 273 1344 244.
286 1306 322 1318 -
333 1277 532 1348 Apostolicam
545 1277 775 1334 benedictionem
790 1275 918 1348 impertit
931 1289 992 1346 245.

179 1393 225 1445 81.
240 1391 451 1446 EPISTOLA
465 1394 509 1446 ad
522 1395 736 1448 cardinalem
756 1395 945 1445 Benavides
955 1407 980 1458 y
1002 1393 1185 1445 Navarreie

139 1473 439 1536 Archiepiscopum
475 1475 826 1540 cesaraugustenum.
861 1499 895 1508 -
925 1471 974 1523 De
1006 1472 1188 1535 congressu

134 1553 901 1606 62122112212121111122112.4222111889...
1151 1543 1258 1614 ...246

245 1651 376 1706 Pontifex
387 1652 495 1722 gratias
511 1651 571 1720 agit
583 1669 636 1724 pro
648 1652 771 1724 epistola
788 1651 905 1708 nomine
927 1649 1092 1706 coeuntium
1105 1648 1143 1706 ad
1156 1667 1189 1706 se

210 1731 299 1787 missa
311 1733 372 1800 246.
386 1761 421 1772 -
435 1732 547 1788 Laudat
556 1744 714 1788 conventus
727 1731 838 1787 Matriti
850 1731 939 1787 habiti
955 1731 1138 1786 devotionem
1158 1730 1188 1786 in

210 1811 240 1866 S.
258 1810 373 1880 Sedem,
386 1809 564 1868 docilitatem
577 1829 645 1882 erga
667 1811 827 1868 doctrinam
840 1811 978 1883 ejusdem,
993 1810 1069 1865 unde
1081 1825 1189 1880 magna

210 1883 281 1962 spes'
290 1891 391 1946 salutis
409 1889 520 1963 prosilit
532 1911 540 1958 3
553 1891 679 1948 studium
691 1907 745 1963 pro
757 1888 931 1946 vindicanda
945 1889 1030 1946 Sedis
1043 1889 1189 1960 Apostoli-

210 1985 254 2026 cae
265 1969 398 2028 libertate
410 1991 418 2036 ;
436 1972 567 2043 querelas
579 1981 608 2027 et
621 1970 864 2042 expostulationes
876 1969 915 2024 de
935 1967 1076 2025 molestiis
1093 1967 1189 2024 eidem

213 2067 267 2121 per
278 2051 376 2106 hostes
389 2051 475 2106 illatis
488 2053 549 2119 246.
563 2079 598 2090 -
611 2048 768 2106 Catholicis
785 2048 924 2120 Hispanis
936 2047 1081 2104 benedicit
1094 2061 1154 2116 247.

176 2167 229 2222 82.
243 2168 487 2222 ALLOCU'i'iO
498 2169 539 2220 22
561 2170 592 2219 S.
617 2170 658 2220 R.
684 2169 721 2220 Ε.
737 2165 940 2219 cardinales.
957 2189 992 2202 -
1004 2166 1189 2216 Demisere

133 2248 330 2299 conditione
339 2249 432 2300 sedis
443 2246 646 2312 apostoliea.
671 2272 696 2282 -
709 2245 754 2297 24
766 2246 848 2296 maii
859 2245 974 2296 1889...
1207 2239 1260 2306 248

249 2349 337 2404 Dolet
354 2349 486 2405 Pontifex
508 2348 546 2404 de
567 2347 732 2404 conditione
752 2361 866 2416 semper
884 2346 1015 2416 graviore
1036 2345 1068 2402 S.
1083 2343 1152 2401 sedi
1172 2361 1191 2400 a

213 2439 299 2499 capta
318 2427 389 2484 urbe
409 2428 567 2495 12212248.
587 2458 623 2468 ·-
646 2428 732 2482 Nova
755 2423 875 2481 consilia
895 2426 1022 2480 bestium
1042 2422 1190 2494 religionis

212 2511 323 2581 detegit
344 2511 406 2578 248.
427 2540 463 2551 -
485 2508 621 2580 Queritur
649 2507 687 2561 de
711 2505 829 2562 seducto
851 2505 967 2574 populo,
993 2504 1029 2561 de
1051 2502 1190 2573 religione

212 2591 327 2662 publice
339 2590 482 2660 lacessita,
494 2589 588 2660 deque
600 2585 757 2641 honoribus
769 2584 879 2643 homini
893 2584 981 2655 impio
991 2582 1115 2639 decretis
1128 2581 1189 2649 248.

210 2667 318 2725 -Hic
339 2679 431 2726 status
452 2685 546 2725 rerum
568 2682 751 2722 romanarum
764 2675 841 2721 tenet
863 2680 1017 2735 suspensos
1030 2660 1188 2718 catholicos

210 2755 337 2826 cujusvis
356 2753 480 2809 nationis
493 2753 554 2822 248.
567 2781 602 2792 -
619 2753 798 2821 congressus
819 2750 943 2806 illustres
965 2763 1055 2818 nuper
1078 2745 1106 2800 in
1119 2761 1186 2800 eum

211 2850 295 2890 curas
308 2843 460 2902 verterunt,
469 2849 536 2888 suas
548 2830 685 2888 facientes
695 2829 937 2900 expostulationes
947 2825 1030 2881 Sedis
1042 2823 1188 2896 Apostoli-

212 2929 256 2970 cae
267 2927 327 2983 242
342 2943 378 2954 -
392 2913 469 2968 Novi
484 2911 652 2968 Cardinales
665 2928 681 2966 e
695 2909 798 2978 Gallia,
811 2907 921 2978 Belgio,
937 2904 1078 2960 Bohemia
1090 2919 1190 2960 crean-

215 3003 262 3050 tur
274 3009 334 3063 249.

180 3113 234 3164 88.
250 3111 460 3164 EPISTOLA
474 3111 516 3162 22
531 3107 826 3170 Archiepiseopum
848 3103 1141 3154 Mediolanensem.
1154 3121 1191 3133 -

141 3191 192 3244 De
214 3192 403 3244 ohedientia
425 3193 539 3244 debita
558 3190 689 3239 decreto
709 3191 726 3240 i
747 3187 824 3236 Posi
844 3183 981 3235 obitum
1002 3187 1019 3235 l
1040 3179 1189 3244 proposi-

141 3274 249 3325 tiones
263 3272 500 3324 Rosminianas
524 3263 984 3330 222222211.-1]“22111889
1208 3265 1259 3324 252

252 3369 382 3425 Pontifex
395 3369 494 3425 recolit
512 3369 664 3440 epistolam
678 3384 760 3424 suam
780 3380 815 3434 24
833 3364 894 3435 jan.
910 3364 986 3432 1882,
998 3363 1035 3418 de
1054 3359 1190 3417 sedandis

211 3449 416 3506 controversiis
423 3449 616 3519 rosminianis,
625 3448 719 3520 deque
727 3448 786 3502 zelo
795 3443 1010 3516 ephemeridum
1019 3442 1190 3513 scriptorum

212 3531 252 3586 ad
273 3527 387 3586 utiliora
411 3528 596 3601 provehendo
625 3541 686 3598 25ι.
709 3557 744 3568 -
770 3523 883 3582 Recolit
906 3523 1056 3579 historiam
1079 3519 1189 3576 decreti

215 3624 231 3668 ι
245 3613 314 3667 Post
323 3610 434 3667 obitum
444 3621 470 3678 2,
482 3625 548 3679 quo,
558 3617 669 3662 matura
681 3608 831 3678 praemissa
843 3601 1057 3668 deliberatione,
1067 3599 1189 3672 quadra·

213 3692 295 3762 ginta
303 3689 514 3763 propositiones
528 3687 658 3744 Rosmini
673 3688 818 3743 damnatae
831 3696 896 3743 sunt
910 3699 925 3738 2
929 3696 970 3753 51.
983 3711 1019 3722 -
1033 3683 1189 3736 Decretum

213 3773 270 3827 hoc
282 3788 314 3827 se
335 3770 474 3842 probasse
492 3778 621 3838 testatur,
634 3766 776 3837 certisque
789 3767 825 3822 de
841 3768 936 3824 causis
955 3767 1047 3823 solum
1061 3779 1077 3833 7
1094 3762 1190 3819 martii

215 3851 284 3906 1888
296 3849 422 3921 evulgari
432 3849 554 3919 jussisse
567 3860 627 3918 252.
640 3877 677 3886 -
690 3847 786 3918 Quare
803 3849 882 3904 nulio
900 3847 988 3903 modo
1005 3845 1031 3903 ei
1051 3843 1188 3914 refragari

212 3930 288 4000 licet,
300 3947 335 3985 ae
355 3928 379 3984 si
403 3928 564 3984 Pontifexa
581 3925 710 3982 Consilio
732 3925 928 3998 Inquisitionis
948 3935 1025 3982 esset
1044 3925 1190 3994 sejunctus

213 4023 275 4080 252.
285 4039 321 4050 -
334 4009 398 4064 Etsi
411 4010 450 4064 ad
470 4007 653 4063 clementiam
671 4023 770 4078 prona,
787 4008 858 4063 tales
872 4023 1004 4062 excessus
1018 4022 1076 4060 non
1093 4011 1189 4075 potest

214 4089 244 4145 S.
258 4087 349 4144 Sedes
362 4105 419 4143 non
440 4087 602 4159 improbare
617 4099 678 4156 252.
693 4116 727 4126 -
747 4085 880 4142 stimulat
895 4085 1026 4142 Pontifex
1042 4082 1189 4140 Antistitis

215 4171 306 4226 zelum
318 4181 350 4226 ut
359 4172 422 4226 haec
434 4171 556 4227 offensio
568 4170 683 4225 tollatur
692 4181 752 4239 252.

179 4287 460 4340 64.ΕΡ18Το1.11
481 4290 525 4339 ad
546 4287 693 4338 Abbates
716 4289 748 4338 et
766 4287 891 4350 priores
910 4284 1190 4334 monasteriorum

144 4367 181 4418 0.
203 4368 234 4419 S.
259 4369 297 4417 Β.
320 4368 356 4418 12
381 4366 528 4418 Austris.
555 4392 591 4403 -
612 4366 661 4417 De
682 4369 850 4416 conventu
875 4375 982 4428 nuper
1006 4361 1188 4426 salisburgi

150 4445 550 4509 222112-7122111889,
1153 4447 1260 4505 254
