3172 4874
415 358 487 428 226
590 373 739 428 arrasa.
759 373 888 426 aroer.
911 357 933 390 ⁴⁸
952 369 1033 425 nou
1053 369 1173 424 umus
1192 365 1305 422 rioms
1323 401 1342 431 „

412 552 594 635 praebuere
610 549 786 634 Evangelii
803 547 945 627 nunciis,
968 556 1005 612 ut
1027 547 1060 612 in
1090 545 1296 630 Legatorum
1319 543 1374 628 qui
1388 543 1424 608 ad
1442 562 1484 624 pu-

412 655 516 720 blicas
538 655 711 738 pactiones
738 653 902 719 ineundas
928 651 1021 718 missi
1047 650 1179 717 luerent
1203 649 1357 714 clientela
1381 659 1411 713 et
1432 649 1485 728 fide

410 759 581 842 regionem
611 757 719 841 ipsam
744 767 896 822 veterum
937 754 1107 820 sodalium
1141 751 1293 836 vestigiis
1323 751 1483 836 impressam

411 863 624 946 attingerent
656 861 781 928 Rerum
806 861 943 947 quidem
974 859 1070 924 initia
1099 859 1181 944 ipsis
1207 855 1309 942 plena
1338 863 1485 943 negotiis
1538 885 1539 888 ¹

410 987 529 1052 aspera
552 965 805 1032 difficultatibus
831 967 985 1040 extitere,
1011 965 1071 1030 sed
1098 964 1181 1030 haec
1202 963 1290 1028 tanti
1302 983 1368 1030 non
1384 963 1483 1036 metunt

238 1058 389 1165 Xfi‘fffi'}
410 1072 501 1156 apud
526 1069 746 1136 Decessorem
772 1069 935 1134 Nostrum
967 1065 1168 1184 Gregorium
1199 1065 1485 1142 XV1,uteunr

238 1177 332 1222 rme
351 1175 387 1224 A·
410 1173 571 1239 vicariatu
594 1169 796 1258 Apostolico
810 1191 856 1236 ex
879 1169 1050 1234 sententia
1073 1167 1157 1233 sacri
1180 1166 1323 1235 Consilii
1346 1169 1416 1236 fidei
1435 1196 1484 1256 pro

234 1191 388 1342 iiiieia‘m
411 1278 588 1396 pagandae
611 1277 701 1361 apud
731 1275 891 1358 Iaponios
920 1273 1164 1339 constituendo
1185 1273 1396 1340 deterrerent
1417 1275 1484 1342 Hae

411 1379 533 1446 vicaria
548 1381 747 1464 procuratio,
762 1379 930 1462 simulque
946 1375 1148 1462 episcopalis
1162 1376 1313 1460 dignitas
1328 1377 1485 1462 Augustino

234 1514 389 1694 ,3313
411 1483 747 1654 {littaei
722 1495 833 1667 ‘1¹33‘
827 1481 1073 1651 stilti:
1047 1499 1126 1650 lt
1119 1479 1245 1668 ”5:,33
1255 1483 1485 1662 sitiit

237 1691 349 1738 eman.
412 1698 449 1754 ut
465 1709 531 1754 una
546 1709 622 1754 cum
647 1690 856 1757 adiutoribus
882 1689 950 1754 suis
967 1709 1037 1754 non
1062 1689 1190 1754 modo'
1180 1708 1214 1752 ur
1232 1687 1375 1774 Iaponia
1389 1691 1484 1754 insulis

410 1811 478 1879 que
491 1793 717 1872 conterminis,
728 1795 786 1858 sed
798 1793 900 1858 etiam
918 1793 951 1856 in
970 1792 1074 1857 Liou-
1078 1791 1158 1857 Kou
1174 1793 1223 1876 (id
1241 1793 1371 1859 insulae
1381 1793 1484 1872 nomen)

412 1915 482 1961 rem
513 1895 727 1961 christianam
759 1896 1016 1961 administraret.
1043 1895 1158 1960 Plures
1191 1895 1355 1962 obstitere
1382 1914 1485 1960 causae
1539 1955 1540 1976 ,

412 1999 592 2083 quominus
618 1999 690 2084 ipse
716 1999 830 2066 delato
854 2020 994 2065 munere
1015 1997 1108 2084 iungi
1132 2007 1255 2083 posset,
1285 2001 1347 2066 sed
1373 1999 1484 2081 collegae

413 2104 483 2168 eius
508 2103 676 2170 seminarii
705 2105 899 2170 Parisiensis
925 2107 1118 2168 sacerdotes
1138 2105 1348 2188 propositam
1364 2124 1433 2168 suae
1443 2123 1477 2166 nr

414 2211 478 2275 tuti
493 2209 704 2274 occasionem
720 2208 874 2274 alacriter
889 2209 1065 2292 arripuere,
1086 2217 1189 2290 atque
1203 2207 1236 2272 in
1253 2207 1318 2273 hac
1335 2210 1382 2272 uti
1394 2207 1423 2271 in
1436 2205 1484 2269 aliu

348 2319 354 2331 ’
415 2311 687 2397 expeditionibus
713 2313 761 2376 ita
787 2312 898 2394 plures
925 2331 1031 2376 annos
1057 2311 1179 2378 versati
1194 2321 1284 2390 sunt,
1300 2322 1338 2377 ut
1352 2309 1484 2396 praeclara

242 2451 358 2556 ΜΓ,
335 2467 392 2556 „5,„
415 2437 550 2501 prorsus
575 2415 741 2480 ediderint
766 2434 846 2478 suae
872 2414 1007 2498 pietatis
1033 2425 1068 2478 et
1092 2413 1304 2478 constantiae
1332 2413 1447 2496 magnis
1464 2409 1484 2470 in

416 2521 586 2588 laboribus
610 2529 816 2602 argumenta
835 2519 1016 2602 Praecipue
1040 2538 1119 2584 vero
1144 2518 1280 2582 divinae
1305 2513 1484 2600 benignitatis

242 2571 394 2736 {hm
381 2625 525 2707 gratia
540 2619 698 2686 effulsit
689 2641 723 2684 m
743 2620 861 2686 illustri
887 2623 1026 2687 alumno
1051 2623 1219 2686 seminario
1211 2620 1423 2686 Parisiensis
1436 2635 1486 2699 pre

238 2755 294 2806 pm
282 2748 359 2806 ,ηιμ
418 2729 555 2810 sbytero
570 2725 700 2804 Girard,
715 2746 772 2810 qur
764 2727 899 2792 'stabili
920 2727 1024 2792 sede
1015 2737 1101 2794 inter
1117 2726 1276 2809 Iaponios
1293 2727 1407 2810 posita,
1416 2719 1484 2786 iisad

245 2807 292 2853 ω’
292 2809 345 2854 ‘¹⁸'d
420 2829 589 2897 Christum
605 2829 828 2914 adiungendis
844 2831 1053 2914 superiorum
1070 2831 1221 2895 omnium
1240 2831 1369 2914 primus
1383 2825 1485 2892 feliciter

419 2933 615 3000 adlaborare
640 2934 759 3016 potuit,
779 2933 872 2998 cuius
888 2935 934 2998 rei
950 2953 1069 2998 caussa
1085 2934 1129 3001 ab
1144 2933 1344 3016 Apostolica
1359 2933 1415 2996 bac
1425 2927 1485 2994 Sede

418 3055 607 3121 provocatu
617 3055 740 3100 nomen
752 3046 786 3100 et
797 3045 1000 3120 potestatem
1015 3037 1153 3122 accepit
1165 3035 1300 3101 Faustus
1312 3036 1367 3100 rlle
1377 3033 1485 3118 quiden.
1537 3031 1538 3054 ³

417 3150 489 3206 tum
504 3139 568 3204 sibi
581 3148 652 3204 tum
667 3139 828 3222 Iaponiae
837 3141 940 3222 genti,
954 3141 1154 3225 Iaponicum
1167 3139 1276 3206 solum
1289 3141 1398 3224 attigit
1407 3139 1485 3222 auspi·

417 3245 477 3310 ciis
492 3265 500 3324 ;
515 3263 661 3329 namque
676 3253 713 3309 ut
728 3244 807 3308 olim
826 3243 862 3310 S.
878 3244 1079 3310 Franciscus
1104 3244 1270 3310 Xaverius
1293 3246 1349 3311 die
1371 3253 1484 3326 receptae

418 3351 451 3416 in
474 3350 603 3414 caelum
627 3349 795 3432 Deiparae
818 3369 921 3427 sacru,
948 3351 997 3416 sic
1015 3352 1086 3434 ipse
1102 3351 1266 3436 Iaponem
1282 3351 1434 3434 ingressus
1447 3355 1483 3410 est

416 3474 507 3518 anno
521 3455 619 3518 huius
634 3453 757 3518 saeculi
774 3465 894 3537 quarto
909 3465 942 3519 et
960 3455 1248 3540 quinquagesimo,
1271 3475 1339 3538 quo
1361 3455 1483 3520 immacu·

417 3556 476 3621 lati
492 3557 659 3639 Deiparae
682 3564 865 3638 conceptus
886 3557 995 3640 gloria
1020 3578 1178 3641 supremo
1203 3557 1381 3642 magistero
1402 3557 1484 3620 deces-

417 3659 499 3723 soris
515 3659 630 3724 Nostri
644 3660 693 3724 Pii
711 3659 763 3724 IX
775 3671 973 3726 consecrata
991 3671 1025 3726 et
1041 3659 1208 3726 catholico
1217 3662 1288 3726 orbi
1301 3658 1484 3744 promulgata
1536 3711 1537 3750 ,

417 3763 559 3827 universi
575 3761 746 3829 christiani
762 3764 877 3847 populi
895 3767 1026 3828 animos
1050 3767 1084 3829 in
1115 3767 1212 3830 unius
1239 3763 1316 3830 fidei
1340 3764 1448 3846 pietate
1463 3765 1484 3820 et

416 3864 577 3948 obsequio
592 3866 778 3931 coniunxit.
794 3866 866 3929 Nec
883 3865 985 3949 longe
1005 3868 1049 3932 ab
1065 3887 1107 3932 eo
1121 3877 1282 3953 tempore,
1304 3885 1368 3949 quo
1387 3865 1445 3948 ipse
1462 3859 1482 3924 in

416 3968 559 4052 Iaponia
573 3969 732 4046 constitit,
748 3969 830 4033 ritus
846 3977 879 4033 et
895 3990 990 4034 sacra
1006 3971 1193 4037 catholicae
1209 3969 1372 4053 religionis
1385 3959 1483 4030 insedi·

415 4073 478 4136 bus
494 4071 669 4155 legationis
686 4072 835 4138 Gallicae
850 4072 944 4136 obire
962 4071 1096 4155 publice
1111 4075 1241 4158 coepit:
1256 4071 1373 4138 deinde
1383 4071 1410 4134 in
1424 4065 1481 4128 urbe

413 4173 617 4238 Yokohama
643 4175 787 4256 primum
814 4173 892 4237 Deo
914 4194 995 4239 vero
1020 4174 1194 4257 templum,
1218 4175 1305 4256 quod
1337 4165 1480 4254 Iaponicae
1535 4209 1536 4258 t

414 4276 532 4357 pietati
558 4277 784 4358 gratissimum
813 4277 946 4355 accidit,
971 4278 1164 4342 dedicatum
1194 4289 1254 4355 est,
1278 4277 1376 4342 tribus
1398 4282 1478 4353 poene

416 4377 555 4440 saeculis
572 4379 692 4462 elapsis
708 4401 752 4444 ex
768 4400 837 4463 quo
852 4381 1017 4446 catholica
1033 4381 1149 4466 religio
1172 4401 1192 4446 e
1216 4381 1351 4466 Iaponia
1371 4369 1476 4439 exulare
