3336 4870
352 435 403 484 ott
430 431 681 485 lMPLORANDO
707 433 867 485 AUXILIO
895 436 927 488 B.
954 436 1119 502 JOSEPllf.
1214 437 1284 512 275

177 611 1286 696 venit,sanctissimetuericonsuevit,itanuncpatrociniocaelesti
1378 657 1392 689 1

181 714 369 780 Ecclesiam
387 713 511 780 Christi
527 723 621 796 tegat
636 735 676 781 ac
691 713 860 781 defendat.
1317 669 1464 812 ³⁹15}qu

224 819 320 884 Haec
336 819 483 902 quidem,
494 816 713 883 venerabiles
730 818 871 897 Fratres,
884 819 979 884 facile
995 819 1180 904 intelligitis
1191 841 1236 886 ex
1249 842 1289 887 eo
1347 839 1399 884 noc
1413 837 1467 898 qur-

177 921 379 1003 confirmari,
395 924 484 1006 quod
502 943 570 986 non
586 922 701 1006 paucis
719 923 890 989 Ecclesiae
905 923 1066 1007 patribus,
1082 926 1154 1009 ipsa
1169 927 1288 991 adsen·
1313 896 1468 1015 ‘J'Z'ss'nissii'

175 1029 284 1094 tiente
306 1048 400 1091 sacra
416 1026 560 1110 liturgia,
585 1025 702 1110 opinio
717 1027 884 1103 insederit,
910 1038 1056 1092 veterem
1073 1029 1167 1094 illurn
1199 1031 1289 1095 lose·
1314 1029 1345 1120 ξ’*
1357 1015 1468 1135 332}

178 1133 294 1219 phum,
321 1131 446 1196 lacobo
483 1129 673 1214 patriarcha
697 1138 825 1210 natum,
850 1131 948 1196 huius
974 1133 1080 1197 nostri
1111 1155 1288 1216 personam
1316 1134 1392 1183 “¹²¹²-

175 1236 754 1320 adumbrasseacmunera,itemque
766 1235 917 1300 claritate
929 1239 1289 1304 suacustodisdivinae

177 1340 325 1406 familiae
340 1339 441 1405 futuri
463 1320 730 1423 magnitudinem
757 1339 952 1404 ostendisse.
968 1373 1012 1386 -
1028 1339 1118 1406 Sane
1144 1351 1288 1422 praeter·
1336 1375 1469 1424 emm„

175 1463 279 1530 quam
295 1443 386 1526 quod
399 1442 490 1507 idem
507 1443 637 1526 utrique
653 1441 796 1526 contigit
810 1462 871 1507 nec
885 1463 1028 1508 vacuum
1045 1443 1290 1526 significatione
1315 1438 1468 1548 mum

177 1567 313 1626 nomen,
336 1547 440 1630 probe
455 1548 611 1631 cognitae
626 1547 721 1613 vobis
737 1556 815 1611 sunt
831 1545 917 1612 aliae
943 1549 1149 1632 eaedemque
1164 1549 1289 1633 perspi·
1315 1555 1383 1614 alud
1393 1555 1468 1600 domt-

178 1673 263 1718 cuae
292 1654 379 1716 inter
409 1660 587 1734 utrumque
622 1650 879 1716 similitudines:
908 1651 965 1715 illa
996 1653 1170 1735 imprimis,
1199 1654 1290 1738 quod
1316 1628 1469 1726 {zirwisti

175 1755 323 1839 gratiam
338 1756 481 1839 adeptus
498 1755 729 1820 estadomino
745 1775 806 1818 suo
817 1755 1155 1840 benevolentiamque
1177 1758 1290 1840 singu·
1316 1735 1468 1838 2¹2³}ssss

178 1859 283 1925 larem
299 1882 307 1926 :
322 1880 467 1946 cumque
494 1861 539 1926 rei
565 1860 720 1925 familiari
746 1870 832 1925 esset
857 1861 900 1924 ab
927 1861 1045 1926 eodem
1070 1863 1290 1945 praepositus,
1316 1851 1469 1958 {²523}

175 1961 417 2045 prosperitates
440 1961 673 2044 secundaeque
689 1980 740 2024 res
756 1958 850 2024 herili
874 1961 999 2038 domui,
1021 1962 1158 2044 losephi
1174 1963 1291 2045 gratia,
1349 1975 1382 2018 ra.

180 2065 321 2144 affatim,
336 2066 510 2131 obvenere.
527 2065 617 2130 Illud
632 2065 756 2130 deinde
772 2064 880 2128 maius
909 2065 1000 2147 quod
1017 2066 1103 2149 regis
1120 2066 1210 2132 iussu
1226 2069 1289 2131 toti

177 2189 285 2254 regno
301 2189 433 2234 summa
457 2189 533 2234 cum
550 2178 719 2252 potestate
735 2169 899 2252 praefuit:
913 2188 982 2251 quo
998 2178 1111 2234 autem
1139 2181 1291 2253 ternpore

172 2274 353 2340 calamitas
376 2273 543 2338 fructuum
560 2274 707 2357 inopiam
734 2274 977 2354 caritatemque
993 2273 1039 2335 rei
1055 2272 1290 2338 frumentariae

172 2380 372 2464 peperisset,
389 2377 556 2462 aegyptiis
572 2397 610 2443 ac
627 2376 777 2441 finitimis
798 2386 867 2440 tarn
884 2375 1063 2440 excellenti
1079 2377 1289 2461 providentia

171 2481 354 2561 consuluit,
370 2491 407 2546 ut
422 2501 499 2546 eum
512 2501 573 2545 rex
588 2481 784 2546 salvatorem
795 2479 913 2543 mundi
926 2479 1164 2562 appellandum
1177 2480 1289 2545 decre·

173 2589 340 2656 verit-
369 2587 422 2652 lta
452 2587 485 2650 in
512 2593 623 2650 vetere
650 2584 708 2649 illo
740 2583 931 2648 Patriarcha
962 2584 1062 2648 huius
1091 2605 1286 2668 expressam

170 2693 358 2775 imaginem
375 2691 453 2756 licet
468 2699 658 2774 agnoscere:
675 2688 770 2755 Sicut
786 2687 869 2754 alter
885 2707 1063 2771 prosperus
1079 2710 1118 2754 ac
1134 2690 1288 2755 salutaris

169 2796 362 2864 rationibus
377 2796 447 2861 heri
472 2795 523 2858 sui
539 2793 732 2861 domesticis
759 2793 831 2871 fuit,
845 2813 884 2856 ac
901 2813 983 2858 mox
1008 2794 1161 2859 universo
1184 2815 1288 2878 regno

171 2902 373 2968 mirabiliter
399 2898 534 2990 profuit,
559 2899 606 2962 sic
631 2898 714 2962 alter
740 2897 911 2962 christiani
939 2898 1084 2962 nominis
1113 2901 1287 2964 custodiae

169 3006 374 3082 destinatus,
382 3004 562 3068 defendere
572 3024 612 3068 ac
628 3004 728 3066 tutari
745 3002 915 3084 putandus
930 3011 982 3066 est
995 3002 1286 3087 Ecclesiam,quae

169 3130 255 3174 vere
266 3111 388 3174 domus
404 3107 544 3172 Domini
560 3116 611 3171 est
624 3107 755 3190 Deique
771 3106 803 3170 in
821 3105 916 3170 terris
933 3125 1081 3189 regnum.

222 3215 284 3279 Est
299 3235 379 3279 vero
389 3233 448 3278 cur
462 3231 589 3289 omnes,
604 3210 840 3294 qualicumque
854 3211 1047 3274 conditione
1056 3211 1286 3295 locoque,fidei
1351 3237 1465 3298 casm,

167 3335 249 3382 sese
259 3318 449 3400 tutelaeque
460 3313 691 3396 beatilosephi
701 3313 940 3377 commendent
950 3321 1052 3396 atque
1063 3316 1287 3381 committant.
1305 3297 1462 3402 {ssssgwssj

166 3457 215 3472 -
236 3423 374 3488 Habent
389 3423 423 3487 in
447 3420 592 3505 Iosepho
616 3416 873 3501 patresfamilias
888 3417 1082 3500 vigilantiae
1108 3420 1284 3502 providen-
1312 3415 1339 3461 Β·
1369 3417 1463 3476 1⁰⁸‘f'20

1325 3477 1448 3534 exemplar

164 3527 307 3610 tiaeque
316 3536 476 3612 paternae
488 3522 808 3608 praestantissimam
821 3520 1113 3586 formam:habent
1124 3523 1284 3606 coniuges
1309 3533 1399 3579 habnt
1425 3541 1463 3580 ar-

164 3631 306 3710 amoris,
323 3629 561 3706 unanimitatis,
585 3626 662 3692 fidei
678 3625 863 3708 coniugalis
882 3625 1066 3708 perfectum
1093 3627 1283 3707 specimen:
1309 3599 1461 3698 marm.

164 3735 300 3802 habent
329 3735 475 3819 virgines
502 3733 702 3816 integritatis
728 3729 899 3812 virginalis
925 3730 1100 3812 exemplar
1125 3732 1280 3796 eumdem
1318 3712 1449 3830 (ξξζὲξξξ

164 3855 214 3902 ac
229 3843 383 3902 tutorem.
399 3834 514 3900 Nobili
538 3851 660 3918 genere
676 3830 755 3908 nati,
770 3830 943 3912 proposita
969 3829 1032 3893 sibi
1050 3829 1184 3912 losephi
1200 3831 1282 3895 ima·
1310 3850 1468 3922 „unigena-

163 3939 262 4026 gine,
277 3941 408 4004 discant
424 3938 564 4003 retinere
584 3935 686 4001 etiam
703 3933 736 3999 in
761 3931 885 3997 afflicta
899 3932 1033 3997 fortuna
1059 3933 1257 4015 dignitatern
1274 3960 1281 4001 :
1308 3916 1447 4030 'mm

165 4042 357 4126 locupletes
366 4041 564 4125 intelligant,
573 4059 660 4123 quae
672 4040 821 4103 maxime
830 4046 988 4120 appetere
999 4037 1147 4119 totisque
1156 4037 1281 4102 viribus
1317 4063 1450 4121 promam·

167 4148 332 4232 colligere
347 4147 437 4212 bona
463 4165 598 4210 necesse
613 4144 664 4210 sit.
680 4181 724 4194 -
740 4143 808 4209 Sed
830 4141 1007 4226 proletarii,
1022 4139 1167 4224 opifices,
1182 4151 1281 4224 quot·
1306 4127 1383 4228 ξ’ξξζζ
1398 4125 1460 4244 ’ῗζξζ

169 4262 260 4338 quot
284 4262 364 4317 sunt
388 4248 542 4315 inferiore
570 4247 711 4324 fortuna,
735 4248 862 4311 debent
884 4265 946 4309 suo
971 4245 1118 4328 quodam
1146 4247 1281 4329 proprio
1306 4245 1379 4290 ’Μ

169 4359 246 4424 iure
272 4356 316 4421 ad
346 4353 526 4437 losephunr
552 4347 739 4434 confugere,
763 4349 807 4413 ab
837 4368 953 4430 eoque,
978 4349 1070 4433 quod
1100 4349 1280 4429 imitentur,

170 4481 304 4546 capere.
322 4461 356 4524 ls
383 4459 482 4537 enim,
498 4456 608 4540 regius
634 4453 779 4538 sanguis,
795 4453 965 4518 maximae
986 4453 1281 4540 sanctissimaeque
