3230 4874
170 371 220 422 DE
239 366 421 421 STATUTIS
441 365 643 422 SEMINARII
663 369 852 422 COMILLAS
873 371 1095 424 PROBANDIS.
1157 373 1225 441 129

117 547 186 612 sive
209 548 417 627 litterarium,
432 548 502 614 sive
517 545 709 630 religiosum
725 547 871 617 instituti
896 552 946 615 sui
972 551 1144 634 proprium
1168 554 1226 618 de·
1260 546 1403 652 „Agma

115 653 252 732 stiuam,
262 675 297 721 re
309 656 401 739 prius
416 674 493 720 cum
503 673 636 720 summo
647 653 809 721 Pontilice
819 657 1068 722 communicata
1083 667 1117 722 et
1132 658 1226 724 obla·
1296 657 1362 718 18⁹2

115 757 159 823 tis
174 772 319 843 patrono
335 758 485 842 pecuniis
509 777 597 842 quae
623 760 800 842 supersint
821 761 997 827 Praeterea
1013 763 1041 825 si
1057 761 1179 841 forsan,
1193 763 1227 827 vi

115 859 211 926 illata
238 863 364 939 maiori,
387 861 569 928 seminario
592 861 753 944 praefecti
778 865 995 929 commissum
1018 864 1082 930 sibi
1105 885 1227 932 munus

115 967 210 1034 obire
226 989 293 1035 non
309 971 443 1036 valeant
459 979 493 1034 et
508 968 637 1034 alumni
653 969 846 1036 dimittendi
862 972 938 1049 sint,
954 971 1104 1036 existens
1128 992 1228 1056 pecu·

117 1071 195 1136 niae
225 1091 366 1149 summa,
395 1070 574 1137 cumulatis
604 1070 790 1137 redditibus
828 1083 936 1150 aucta,
966 1073 1095 1139 alendis
1125 1076 1230 1157 gratis

117 1171 269 1255 pluribus
281 1176 427 1242 alumnis
439 1175 662 1258 impendetur,
670 1193 747 1239 cum
760 1176 794 1240 in
807 1184 989 1258 posterum,
1003 1177 1230 1262 redintegrata

118 1277 153 1340 in
182 1277 350 1362 Hispania
378 1278 547 1345 Societate
574 1276 673 1354 IESU,
694 1277 807 1342 denuo
827 1279 1042 1344 seminarium
1071 1281 1230 1346 constitui

121 1381 183 1444 rite
199 1383 332 1465 poterit.
343 1419 387 1432 -
400 1396 427 1463 5.
444 1379 597 1447 Societas
613 1379 737 1462 pariter
752 1390 804 1446 tot
821 1383 999 1464 magistros
1016 1383 1232 1467 suppeditare
1321 1420 1346 1468 5·

120 1481 306 1567 pollicetur,
321 1494 404 1569 quot
430 1484 474 1550 ad
502 1483 657 1549 alumnos
672 1482 897 1549 instituendos
914 1485 1123 1568 requirantur
1137 1507 1145 1564 ;
1161 1505 1233 1550 eas·
1258 1463 1414 1582 ΜΨ·

119 1607 186 1670 que
211 1591 322 1656 tradet
345 1589 551 1672 disciplinas,
573 1587 696 1672 quibus
722 1607 808 1670 opus
832 1596 893 1665 est,
915 1597 952 1652 ut
974 1590 1008 1653 in
1026 1589 1233 1655 Tridentinis

121 1692 307 1756 seminariis
316 1690 500 1757 academici
511 1691 600 1755 tituli
612 1689 756 1756 obtineri
768 1692 906 1773 possint
921 1691 1051 1757 Eadem
1061 1694 1105 1757 de
1114 1712 1232 1758 caussa

121 1791 205 1859 alios
236 1795 426 1860 sacerdotes
465 1793 646 1858 iuventutis
676 1802 766 1859 recte
802 1793 1031 1860 instituendae
1064 1796 1234 1861 studiosos

122 1898 308 1964 adsciscere
324 1899 457 1982 poterit,
471 1899 660 1964 dummodo
675 1908 903 1981 opportunum
928 1899 961 1964 id
989 1901 1135 1978 duxerit,
1149 1921 1234 1984 quos

122 2003 255 2067 decenti
278 2003 447 2085 stipendio
472 2001 688 2067 seminarium
713 2002 877 2081 donabit;
900 2002 974 2086 ipsa
989 2023 1068 2068 vero
1091 2004 1234 2069 societas

27 2179 30 2184 ¹
123 2127 184 2189 pro
211 2106 380 2172 laboribus
406 2106 596 2171 mercedem
625 2104 752 2170 nullam
781 2106 907 2188 exiget,
925 2116 1060 2189 praeter
1075 2106 1235 2172 alimenta

122 2211 347 2294 honestasque
363 2222 473 2274 vestes
489 2210 530 2272 iis
545 2210 735 2286 tribuenda,
750 2209 807 2293 qui
833 2229 905 2273 sese
929 2208 1074 2274 alumnis
1098 2230 1235 2295 quoquo

123 2315 226 2380 modo
242 2315 458 2410 impendant:
474 2333 562 2398 quae
574 2314 689 2379 omnia
705 2323 739 2378 et
751 2323 905 2396 sumptus
917 2314 960 2377 ad
977 2315 1097 2378 itinera
1113 2316 1230 2380 eadem

122 2437 242 2483 caussa
265 2419 478 2502 suscipienda
500 2438 546 2483 ex
570 2418 740 2484 seminarii
763 2419 893 2482 aerario
916 2417 1163 2501 depromantur.
1187 2457 1230 2470 -

120 2521 151 2584 6.
170 2521 206 2588 Si
230 2543 387 2588 romanus
413 2519 572 2587 Pontifex
598 2520 767 2584 seminarii
792 2520 943 2585 dominio
967 2529 1001 2584 et
1021 2519 1232 2602 possessione
1322 2539 1344 2588 ό.

123 2627 328 2704 deturbetur,
343 2627 414 2690 sive
428 2645 488 2708 per
498 2624 618 2707 legem,
630 2623 700 2688 sive
712 2642 771 2705 per
787 2623 1004 2688 tribunalium
1020 2622 1233 2700 sententiam,
1255 2599 1407 2718 ,fflss-‘ffl

123 2729 193 2794 sive
208 2748 420 2812 quacumque
446 2728 511 2795 alia
535 2728 674 2803 ratione,
700 2737 772 2791 tum
797 2728 931 2792 aedium
953 2727 1139 2810 proprietas
1154 2746 1230 2792 cum
1256 2718 1406 2779 ΨΜ·

123 2831 236 2900 fundis
264 2843 297 2898 et
323 2833 458 2916 reliquis
482 2831 638 2898 subsidiis
663 2851 684 2895 a
708 2830 885 2896 fundatore
900 2833 1034 2896 donatis
1050 2842 1233 2898 revertatur

123 2936 168 3000 ad
184 2938 342 3001 eumdem
358 2936 581 3013 fundatorem,
595 2935 648 3000 vel
672 2934 717 3001 ad
741 2935 929 3018 legitimum
953 2935 1101 3001 eiusdem
1118 2935 1232 3001 haere·

124 3039 213 3117 dem,
228 3041 285 3123 qui
301 3039 399 3105 titulo
423 3037 624 3104 marchionis
650 3040 693 3103 de
717 3038 878 3104 Comillas
901 3039 1096 3105 decoretur:
1111 3041 1139 3104 si
1154 3059 1233 3104 vero

124 3142 317 3210 huiusmodi
333 3143 450 3208 titulus
475 3144 655 3209 subsistere
680 3142 824 3218 desierit,
848 3153 1032 3208 revertatur
1047 3143 1233 3227 proprietas

125 3247 169 3312 ad
193 3246 287 3312 illum
312 3247 500 3324 haeredem,
524 3246 581 3329 qui
608 3247 817 3328 praedictum
839 3245 984 3325 titulum,
1010 3248 1037 3310 si
1064 3249 1232 3326 existeret,

125 3347 196 3412 iure
211 3350 377 3432 gessisset,
393 3351 530 3433 quando
546 3349 672 3415 Sancta
688 3348 794 3416 Sedes
821 3348 878 3414 illa
901 3351 1104 3432 proprietate
1127 3369 1232 3432 expo-

125 3449 208 3517 liata
230 3453 301 3519 fuit.
327 3453 427 3538 Quod
456 3453 483 3517 si
508 3452 665 3529 evenerit,
693 3452 749 3516 ille
773 3453 831 3535 qui
855 3472 914 3535 per
934 3454 1021 3518 hanc
1036 3453 1232 3518 reversionis

123 3555 307 3623 clausulam
324 3559 367 3623 ad
384 3559 630 3641 possessionem
642 3557 817 3622 vocabitur
831 3566 866 3620 et
881 3557 953 3621 eius
968 3558 1128 3621 haeredes
1144 3557 1233 3622 bona

122 3659 170 3724 sic
186 3671 380 3743 recuperata
396 3663 440 3725 ad
467 3679 544 3728 eum
572 3679 669 3724 usum
693 3660 762 3724 sive
785 3659 1016 3742 temporalem,
1031 3661 1101 3724 sive
1116 3679 1232 3743 perpe-

121 3770 218 3827 tuum
234 3764 460 3842 destinabunt,
476 3783 578 3848 quern
605 3762 728 3828 summi
756 3760 928 3827 Pontificis
954 3763 1130 3827 consilium
1146 3762 1232 3827 desi·

121 3865 341 3946 gnabit-7.
353 3867 506 3932 MarchIo
515 3866 559 3930 de
569 3864 730 3930 Comillas
742 3863 1062 3947 eiusdemquetituli
1072 3864 1233 3928 haeredes
1326 3921 1346 3970 7·

123 3976 157 4030 et
170 3966 302 4034 illorum
312 3969 446 4036 defectu
462 3969 629 4053 parochus
640 3967 757 4052 oppidi
775 3966 936 4032 Comillas
952 3966 1022 4030 iure
1037 3967 1233 4048 gaudebunt
1310 3967 1409 4040 ajuro

122 4083 268 4153 quatuor
298 4074 434 4138 iuvenes
464 4071 712 4156 praesentandi,
742 4071 808 4152 qui,
838 4069 866 4132 ei
901 4069 1068 4151 requisitis
1099 4068 1234 4133 dotibus
1258 4029 1410 4147 {lillin-

123 4177 234 4241 ornati
250 4177 466 4260 reperiantur,
482 4177 525 4244 ad
542 4155 724 4258 §retortam
748 4175 781 4238 in
804 4173 985 4237 seminario
1000 4173 1235 4238 educationem
1259 4148 1327 4262 §ff
1347 4146 1410 4208 Ψ·

125 4281 357 4346 admittentur.
373 4280 430 4344 Ex
456 4280 509 4343 his
525 4279 700 4344 iuvenibus
716 4279 783 4343 duo
800 4278 843 4343 ad
860 4277 1047 4344 fundatoris
1063 4280 1235 4362 cognatio-

125 4401 204 4448 nem
220 4384 444 4467 pertinebunt,
459 4385 529 4450 duo
552 4403 630 4448 vero
656 4383 690 4447 in
707 4383 825 4448 eodem
843 4384 970 4466 oppido
986 4382 1148 4448 Comillas
1164 4385 1234 4450 nati

186 4511 262 4558 Acus
279 4513 379 4559 Laours
396 4511 466 4559 xlll.
1053 4511 1094 4558 tv.
1107 4535 1138 4547 -
1152 4525 1173 4571 ᾳ
