3250 4876
416 371 458 440 18
500 387 648 440 LITTER.
671 387 828 439 uuerco.
852 375 872 402 ·‘
892 387 1118 438 sartamine
1137 385 1394 437 cumsrmuau
1412 419 1431 448 „

233 569 387 687 adssspsligggff
410 565 573 631 iustitiam
588 569 659 632 eius
672 567 725 651 (¹),
735 577 837 651 atque
854 569 886 631 in
903 567 967 630 hoc
984 577 1055 630 tota
1074 576 1232 631 versatur.
1262 565 1417 630 Dubitari
1432 583 1504 626 vero

232 689 384 760 alapam-¹
409 671 501 736 salva
517 671 583 737 fide
594 692 661 736 non
678 682 799 756 potest,
814 673 1003 736 istiusmodi
1019 673 1168 766 regimen
1193 672 1380 736 animorum
1398 669 1505 734 Eccle-

232 749 382 854 ffiiissfh
408 777 478 840 siae
508 797 580 841 esse
606 777 813 860 assignatum
830 777 897 854 uni,
911 776 993 840 nihil
1010 785 1046 841 ut
1062 777 1094 840 in
1112 795 1154 840 eo
1168 776 1212 840 sit
1239 775 1395 859 politicae
1418 781 1506 857 pote·

408 881 487 944 stati
501 881 564 945 loci
579 901 662 946 :non
679 881 769 945 enim
783 881 927 958 Caesari,
937 881 994 944 sed
1010 881 1109 944 Petro
1118 880 1229 950 claves
1240 879 1332 962 regni
1345 876 1505 942 caelomm

409 985 519 1049 lusus
546 985 737 1050 Ctimssus
768 983 1026 1048 commendavit.
1057 1021 1100 1032 -
1130 982 1217 1048 Cum
1248 983 1311 1046 hac
1342 983 1386 1044 de
1414 981 1506 1044 rebus

408 1085 551 1168 politicis
566 1087 676 1170 deque
710 1085 872 1169 religiosis
903 1086 1057 1150 doctrina
1086 1085 1254 1169 quaedam
1284 1082 1351 1147 alia
1376 1083 1507 1147 coniun-

406 1200 531 1271 guntur
548 1209 613 1254 non
630 1189 745 1272 exigui
763 1189 934 1266 momenti,
950 1190 993 1252 de
1009 1187 1129 1272 quibus
1145 1188 1241 1252 silere
1271 1186 1335 1250 hoc
1365 1187 1439 1250 loco
1455 1205 1507 1248 no

407 1293 526 1356 lumus.

270 1423 382 1468 truttam
449 1398 508 1461 Ab
523 1398 614 1460 omni
632 1398 769 1480 politico
783 1417 906 1480 genere
922 1397 1051 1481 imperii
1067 1399 1172 1462 distat
1201 1397 1383 1462 christiana
1400 1415 1506 1478 respu-

229 1481 381 1588 {fffflj
407 1500 493 1565 blica
510 1502 700 1583 plurimum.
716 1501 818 1584 Quod
834 1503 861 1566 si
878 1502 1131 1567 similitudinem
1148 1502 1250 1567 habet
1277 1501 1507 1566 conformatio

229 1607 381 1708 {fffflu‘
407 1625 551 1686 nemque
561 1606 665 1686 regni,
677 1605 828 1688 proiecto
839 1607 1013 1690 originem,
1022 1626 1185 1684 caussam,
1198 1617 1353 1670 naturam
1368 1601 1507 1668 momeli-

407 1711 469 1774 bus
485 1711 595 1792 regnis
611 1711 714 1776 habet
740 1711 841 1795 longe
855 1713 1034 1796 disparem.
1050 1749 1092 1762 -
1110 1713 1166 1776 lus
1190 1723 1242 1776 est
1270 1713 1380 1795 igitur,
1403 1711 1507 1774 virere

228 1818 381 1938 offla?
408 1813 593 1878 Ecclesiam
610 1815 763 1900 tuerique
777 1836 813 1880 se
828 1817 1063 1881 consentaneis
1079 1827 1219 1881 naturae
1242 1837 1323 1880 suae
1350 1811 1504 1880 institutis

221 1939 297 2008 secta,
342 1936 383 1982 sea
405 1939 444 1983 ac
461 1919 600 2002 legibus.
616 1919 814 2004 Eademque
829 1941 905 1986 cum
923 1941 989 1986 non
1007 1922 1110 1986 modo
1125 1922 1269 1987 societas
1295 1921 1443 2004 perfecta
1458 1920 1507 1992 sit,

228 2001 382 2104 ‘,',²‘}⁰„',',„·',²,⁰,'{
406 2025 463 2087 sed
481 2023 583 2088 etiam
599 2025 747 2090 humana
762 2027 879 2108 quavis
895 2027 1056 2091 societate
1065 2028 1224 2108 superior,
1233 2025 1356 2090 sectari
1367 2025 1504 2108 partium

225 2116 381 2228 mum
405 2129 516 2193 studia
543 2139 577 2194 et
602 2129 820 2194 mutabilibus
849 2149 957 2194 rerum
975 2130 1121 2194 civilium
1139 2128 1283 2194 flexibus
1299 2129 1421 2193 servire
1442 2127 1506 2192 iure

406 2231 582 2316 officioque
597 2255 659 2298 suo
675 2233 772 2298 valde
788 2244 928 2299 recusat.
955 2233 1132 2316 Similique
1146 2234 1277 2296 ratione
1302 2241 1417 2296 custos
1431 2231 1505 2294 iuris

229 2349 383 2440 malms
406 2338 466 2416 sui,
481 2339 775 2404 observantissima
790 2337 899 2414 alieni,
920 2359 986 2403 non
1003 2339 1099 2402 adse
1128 2349 1227 2422 putat
1250 2337 1401 2403 Ecclesia
1417 2336 1509 2422 perti-

221 2455 322 2524 sofgnas
348 2453 382 2524 cn]-
405 2461 492 2520 nere,
507 2462 594 2525 quae
610 2443 761 2507 maxime
777 2441 884 2506 forma
895 2443 1040 2506 civitatis
1056 2443 1196 2526 placeat,
1211 2443 1334 2526 quibus
1355 2443 1507 2508 institutis

230 2515 382 2619 ἲῖᾗὲ,”ξ’”
406 2565 458 2609 res
475 2545 729 2609 christianarum
746 2544 898 2627 gentium
918 2545 1024 2610 civilis
1039 2556 1174 2629 geratur
1188 2569 1195 2611 :
1211 2567 1255 2610 ex
1273 2547 1439 2630 variisque
1453 2545 1505 2608 rei·

408 2649 560 2731 publicae
575 2647 752 2730 generibus
768 2648 897 2712 nullum
913 2670 979 2713 non
996 2650 1126 2732 probat,
1135 2651 1217 2714 dum
1234 2651 1351 2734 religio
1369 2667 1506 2714 morum·

408 2771 474 2834 que
488 2751 664 2833 disciplina
679 2751 771 2815 salva
787 2752 840 2816 sit.
855 2789 897 2800 -
913 2754 970 2817 Ad
986 2753 1050 2817 hoc
1066 2744 1259 2836 exemplum
1291 2755 1505 2838 cogitationes

240 2877 384 2948 ¹sarasan
410 2856 625 2937 actionesque
639 2855 737 2938 dirigi
754 2856 961 2939 singulorum
987 2857 1242 2924 christianorum
1267 2869 1411 2942 oportet.
1438 2855 1505 2920 Non

233 2938 386 3048 Jfflf'ssjj
410 2957 549 3022 dubium
576 2967 636 3034 est,
653 2959 733 3041 quin
766 2960 932 3042 quaedam
949 2962 993 3026 sit
1009 2961 1042 3024 in
1058 2981 1182 3044 genere
1211 2964 1351 3046 politico
1378 2963 1505 3026 honesta

229 3055 320 3174 iffi:
341 3054 389 3160 ἕξ
412 3061 680 3138 contentio,cum
696 3062 824 3127 scilicet
839 3064 998 3127 incolumi
1021 3065 1162 3130 veritate
1193 3066 1390 3150 iustitiaque
1413 3076 1505 3132 certa·

234 3175 339 3279 {ssssssffj
358 3186 388 3218 ne
412 3172 473 3238 tur,
487 3172 524 3226 ut
538 3163 713 3245 opiniones
732 3186 767 3230 re
790 3185 919 3249 usuque
933 3166 1078 3244 valeant,
1093 3189 1180 3251 quae
1205 3171 1247 3234 ad
1263 3189 1442 3235 commune
1454 3167 1506 3231 bo·

339 3267 344 3285 '
413 3285 493 3329 num
519 3287 599 3350 prae
622 3271 740 3334 ceteris
762 3270 990 3335 conducibiles
1014 3272 1200 3339 videantur.
1232 3273 1299 3340 Sed
1330 3273 1503 3338 Ecclesiam

413 3369 544 3434 trahere
558 3373 601 3436 ad
618 3385 739 3454 partes,
754 3384 813 3439 aut
827 3375 967 3440 omnino
994 3377 1190 3442 adiutricem
1207 3377 1292 3442 velle
1307 3379 1351 3443 ad
1364 3399 1430 3455 eos,
1442 3375 1505 3459 qui-

413 3473 553 3539 buscum
579 3478 803 3555 contenditur,
826 3481 1043 3562 superandos,
1068 3480 1243 3545 hominum
1278 3493 1329 3546 est
1359 3481 1506 3564 religione

413 3578 674 3662 intemperanter
690 3581 912 3649 abutentium.
929 3584 986 3648 Ex
1008 3584 1150 3649 adverso
1164 3595 1281 3651 sancta
1297 3596 1398 3670 atque
1413 3583 1505 3650 invio·
1595 3629 1596 3652 r

413 3678 481 3743 lata
497 3684 586 3764 apud
603 3703 721 3747 omnes
735 3684 837 3748 debet
856 3706 929 3750 esse
958 3688 1097 3769 religio:
1114 3689 1183 3753 imo
1196 3689 1228 3754 in
1244 3685 1319 3773 ipsa
1340 3687 1504 3771 disciplina
1595 3697 1596 3700 ’

413 3783 595 3864 civitatum,
610 3807 698 3870 quae
713 3810 733 3851 a
749 3789 877 3871 legibus
894 3810 1023 3855 morum
1040 3790 1222 3874 officiisque
1237 3794 1405 3876 religionis
1419 3809 1503 3872 sepa·

278 3953 388 3998 “aad‘'
413 3888 477 3950 rari
493 3908 559 3952 non
584 3890 780 3973 potcst,hoc
803 3902 854 3956 est
878 3893 1089 3975 potissimum
1114 3905 1342 3978 perpetuoque
1363 3903 1502 3980 spectan-

232 4009 366 4080 suqiqnegn
413 3992 505 4068 dum,
519 3993 599 4074 quid
614 3993 763 4058 maxime
773 3997 934 4076 expediat
945 3997 1126 4062 christiano
1139 3999 1286 4063 nomini:
1299 4001 1388 4083 quod
1404 3998 1499 4080 ipsum

238 4070 392 4173 {fffiwssjff
414 4095 519 4158 sicubi
535 4096 568 4159 in
601 4097 748 4178 periculo
773 4117 845 4160 csse
875 4099 1138 4165 adversariorum
1154 4106 1255 4184 opera
1270 4105 1427 4179 videatur,
1440 4117 1500 4162 ces·

239 4188 390 4291 ³252?ng
415 4199 556 4260 sandum
569 4199 613 4262 ab
628 4201 722 4262 omni
738 4202 886 4278 dissidio,
901 4211 934 4265 et
951 4206 1172 4269 concordibus
1188 4205 1308 4269 animis
1324 4217 1358 4269 et
1370 4200 1499 4269 consiliis

238 4306 366 4350 convolent.

448 4446 466 4477 1.
486 4433 583 4487 Manu,
597 4443 632 4486 vl,
645 4449 680 4492 33.
