3310 4868
298 991 329 1023 ιο
416 961 824 1041 utssffltnBERTAS,
862 963 1185 1044 praestantissimum
1223 974 1362 1028 naturae
1393 965 1525 1038 bonum,

267 1037 361 1134 qupgr
415 1021 598 1280 {OEg
622 1069 779 1151 idemque
794 1067 1017 1149 intelligentia
1028 1079 1087 1131 aut
1098 1069 1228 1132 ratione
1247 1070 1413 1133 utentium
1430 1079 1523 1132 natu·

572 1191 597 1264 p
620 1192 731 1235 rarum
748 1171 845 1235 unice
860 1173 1044 1254 proprium,
1054 1171 1141 1235 hanc
1152 1172 1266 1237 tribuit
1278 1172 1407 1236 homini
1419 1171 1523 1254 digni·

238 1257 388 1354 neptum
414 1267 601 1344 maaet
622 1286 727 1342 tatem
754 1285 790 1339 ut
818 1275 861 1339 sit
889 1275 925 1336 in
950 1295 1050 1338 manu
1074 1275 1205 1338 consilii
1227 1275 1289 1354 sui,
1310 1277 1523 1358 obtineatque

237 1367 387 1470 ss‘jjfssm'
414 1385 584 1448 actionum
613 1399 746 1444 suarum
779 1387 991 1461 potestatem.
1019 1417 1062 1428 -
1089 1378 1334 1445 Verumtamen
1361 1379 1522 1444 eiusmodi

236 1499 293 1530 Μ’
321 1491 387 1530 ⁰⁶²⁸·
413 1488 561 1570 dignitas
577 1486 757 1570 plurimum
774 1482 912 1548 interest
935 1503 1002 1565 qua
1026 1485 1154 1547 ratione
1184 1494 1327 1566 geratur,
1338 1485 1417 1568 quia
1442 1486 1523 1548 sicut

238 1559 285 1588 m
414 1609 546 1653 summa
555 1589 654 1660 bona,
666 1589 713 1650 ita
725 1597 759 1650 et
771 1605 903 1649 summa
917 1585 1007 1650 mala
1015 1605 1060 1648 ex
1073 1585 1235 1650 libertatis
1256 1607 1316 1652 usu
1333 1589 1521 1671 gignuntur.

237 1704 327 1772 ,tragus
341 1719 388 1750 mo·
415 1691 506 1758 Sane
516 1691 682 1772 integrum
693 1699 744 1752 est
754 1689 882 1752 homini
892 1709 1009 1771 parere
1018 1689 1409 1767 rationi,moralebonum
1421 1693 1522 1774 sequi,

238 1767 387 1869 Z'L‘ffi‘a
413 1796 456 1859 ad
467 1814 636 1858 summum
655 1791 753 1856 finem
771 1811 868 1856 suum
885 1803 975 1856 recta
990 1793 1203 1860 contendere.
1221 1793 1288 1859 Sed
1306 1795 1395 1859 idem
1413 1807 1522 1878 potest

413 1899 456 1962 ad
484 1899 598 1962 omnia
624 1897 689 1959 alia
719 1893 904 1970 deflectere,
931 1893 1134 1979 fallacesque
1159 1896 1325 1962 bonorum
1363 1898 1523 1980 imagines

413 2010 615 2084 persecutus,
637 2001 790 2064 ordinem
816 2000 969 2063 debitum
997 2001 1201 2082 perturbare,
1224 2011 1258 2066 et
1288 2003 1322 2064 in
1355 2003 1522 2066 interitum

413 2125 507 2170 ruere
540 2105 775 2170 voluntarium.
801 2142 844 2153 -
879 2103 1055 2168 Liberator
1090 2104 1229 2168 humani
1256 2105 1388 2188 generis
1414 2105 1521 2170 IESUS
1555 2117 1558 2130 '

238 2217 306 2286 Ouia}
329 2217 385 2285 reu-
414 2211 613 2287 CHRISTUS,
626 2211 779 2275 restituta
801 2221 902 2292 atque
919 2220 1017 2274 aucta
1034 2221 1173 2276 naturae
1194 2213 1361 2294 dignitate
1376 2213 1523 2295 pristina,

231 2277 302 2336 giem
315 2277 386 2322 crn-

236 2337 331 2381 suanae
348 2337 386 2380 re.
411 2317 593 2400 plurimum
610 2315 717 2398 ipsam
735 2315 816 2378 iuvit
848 2315 993 2377 hominis
1019 2313 1252 2396 voluntatem;
1282 2336 1423 2399 eamque
1449 2317 1523 2380 hinc
1626 2367 1627 2370 η

412 2420 578 2484 adiunctis
593 2419 721 2500 gratiae
737 2437 818 2482 suae
834 2418 1019 2499 praesidiis,
1036 2418 1127 2482 illinc
1142 2419 1347 2503 sempiterna
1364 2424 1395 2484 in
1421 2421 1523 2484 coelis
1626 2475 1627 2478 ,

412 2521 570 2585 felicitate
586 2519 768 2602 proposita,
784 2518 827 2581 ad
857 2509 995 2580 meliora
1010 2519 1128 2583 erexit.
1145 2517 1323 2602 Similique
1339 2521 1467 2584 ratione
1483 2523 1522 2584 de
1615 2608 1622 2619 .

412 2624 475 2689 hoc
487 2634 558 2688 tam
569 2621 747 2686 excellenti
765 2631 904 2684 naturae
921 2623 1010 2686 bono
1026 2632 1059 2685 et
1076 2623 1195 2686 merita
1207 2632 1258 2686 est
1273 2632 1308 2687 et
1331 2635 1522 2689 constanter
1611 2676 1627 2718 ,ἵ

414 2729 593 2793 merebitur
610 2725 760 2790 Ecclesia
776 2725 950 2802 catholica,
967 2736 1143 2808 propterea
1159 2728 1249 2808 quod
1266 2728 1338 2792 eius
1355 2739 1413 2806 est,
1426 2741 1522 2811 parta

413 2833 510 2898 nobis
520 2853 580 2915 per
595 2833 715 2896 IESUM
731 2829 936 2896 CHRISTUM
947 2829 1108 2895 beneficia
1124 2833 1158 2896 in
1170 2852 1306 2896 omnem
1317 2833 1519 2898 saeculorum
1626 2819 1627 2826 ἵ

412 2946 557 3000 aetatem
576 2953 768 3018 propagare.
781 2968 821 2978 —
838 2933 1065 2998 Nihilominus
1082 2935 1270 3016 complures
1296 2949 1519 3012 numerantur,

259 3059 385 3128 ulnam}
411 3042 467 3122 qui
487 3041 606 3104 obesse
628 3037 813 3102 Ecclesiam
843 3038 1012 3101 humanae
1039 3038 1185 3102 libertati
1212 3047 1340 3121 putent
1358 3040 1459 3106 Cuius
1475 3040 1521 3101 rei

235 3123 385 3221 ζζζξῇξζωξζζ
411 3159 528 3203 caussa
544 3140 576 3203 in
601 3158 756 3222 perverso
771 3138 919 3221 quodam
938 3147 1220 3220 praeposteroque
1241 3139 1363 3204 residet
1388 3141 1428 3204 de
1449 3141 1521 3221 ipsa

242 3236 376 3340 ἑξζῇζξζζη
410 3243 563 3308 libertate
588 3243 720 3308 iudicio.
738 3241 837 3304 Hanc
869 3243 957 3305 enim
983 3242 1035 3305 vel
1063 3242 1097 3304 in
1123 3241 1195 3323 ipsa
1222 3243 1273 3305 sui
1299 3243 1518 3326 intelligentia

236 3354 264 3398 in
275 3353 385 3399 camau-
410 3348 608 3426 adulterant,
623 3347 675 3411 vel
693 3346 768 3429 plus
784 3365 892 3428 aequo
904 3345 1062 3427 opinione
1072 3345 1226 3423 dilatant,
1242 3347 1289 3410 ita
1305 3358 1342 3412 ut
1357 3347 1520 3430 pertinere
1626 3431 1627 3436 ἵ

235 3413 339 3460 mm
411 3455 453 3518 ad
471 3473 522 3516 res
537 3473 617 3515 sane
634 3450 757 3514 multas
768 3451 985 3524 contendant,
1001 3451 1034 3512 in
1051 3450 1181 3533 quibus,
1198 3451 1225 3514 si
1243 3461 1331 3514 recte
1346 3448 1518 3515 diiudicari

412 3557 500 3634 velit,
522 3556 605 3620 liber
629 3575 700 3618 esse
716 3555 818 3617 homo
835 3574 902 3617 non
922 3563 1042 3634 potest.

454 3660 552 3725 Alias
569 3659 650 3735 Nos,
666 3658 932 3741 nominatimque
949 3657 982 3720 in
997 3655 1115 3720 litteris
1130 3657 1319 3741 Encyclicis
1331 3655 1517 3722 Immortale
1626 3647 1627 3668 ³

255 3773 386 3820 Libertum
411 3764 485 3841 Dei,
495 3764 537 3827 de
547 3759 719 3835 modernis,
729 3761 776 3823 uti
793 3760 983 3843 loquuntur,
993 3759 1198 3824 libertatibus
1210 3762 1310 3825 verba
1329 3760 1514 3834 fecimusm

235 3833 366 3879 'mm
411 3868 500 3952 quod
522 3865 700 3928 honestum
717 3874 768 3927 est
785 3873 994 3926 secernentes
1010 3864 1053 3927 ab
1069 3885 1110 3927 eo
1138 3863 1227 3946 quod
1257 3876 1397 3930 contra:
1422 3861 1514 3927 simul

411 3969 723 4043 demonstravimus,
747 3967 910 4050 quidquid
935 3967 973 4029 iis
1001 3967 1212 4032 libertatibus
1236 3969 1426 4034 continetur
1440 3965 1513 4030 boni

411 4078 443 4141 id
461 4086 530 4140 tam
547 4093 619 4137 esse
634 4081 739 4147 vetus,
755 4089 856 4152 quam
872 4079 924 4132 est
936 4072 1057 4134 veritas
1072 4096 1079 4135 :
1096 4072 1246 4156 illudque
1257 4093 1390 4156 semper
1405 4069 1512 4137 Eccle-

410 4180 493 4240 siam
511 4173 729 4240 libentissime
746 4172 886 4254 probare
903 4181 936 4235 et
954 4192 987 4235 re
1004 4193 1133 4257 usuque
1157 4175 1303 4257 recipere
1319 4177 1457 4238 solitam.
1472 4169 1511 4233 Id

411 4281 501 4362 quod
528 4278 667 4342 accessit
694 4277 780 4352 novi,
803 4277 830 4338 si
856 4295 970 4340 verum
1003 4279 1183 4358 quaeritur,
1198 4279 1232 4342 in
1256 4290 1351 4362 parte
1373 4277 1512 4362 quadam

411 4381 633 4464 inquinatiore
660 4379 822 4457 consistit,
839 4398 940 4461 quam
966 4380 1159 4446 turbulenta
1180 4391 1332 4465 tempora
1354 4402 1394 4448 ac
1410 4395 1511 4446 rerum
