3194 4872
390 351 434 423 72
665 350 846 404 sersaoni
869 337 890 366 “
909 348 951 400 1u
975 349 1155 400 uuurunus
1174 385 1193 414 ,‚

382 539 512 602 servire.
538 535 713 598 Eiusmodi
749 533 949 598 detestanda
977 533 1126 596 maxime
1156 542 1227 597 tum
1259 533 1478 600 inhumanitas

381 653 452 706 tum
470 640 627 723 iniquitas
644 659 651 716 ;
667 658 734 721 qua
760 638 862 700 semel
880 646 1026 719 accepta,
1053 635 1144 700 nulla
1165 637 1232 701 iam
1248 640 1291 703 sit
1314 641 1479 722 oppressio

380 744 555 810 hominum
567 741 706 806 barbara
720 751 753 806 et
765 741 920 818 nefanda,
931 760 1017 825 quae
1033 761 1099 804 non
1111 761 1183 806 sese
1198 741 1231 805 in
1244 742 1326 825 legis
1338 743 1476 826 quadam

384 847 504 910 iurisve
520 845 630 927 specie
655 845 943 927 impudentissime
959 852 1098 908 tueatur.
1124 882 1167 894 -
1194 845 1278 911 Inde
1294 866 1372 911 vero
1387 846 1477 930 quale

382 950 584 1033 flagitiorum
604 949 828 1026 seminarium,
843 968 928 1031 quae
944 949 1047 1030 pestis
1060 958 1094 1013 et
1104 950 1264 1031 pernicies
1280 951 1313 1014 in
1334 952 1480 1015 civitates

380 1053 531 1130 manarit,
552 1053 784 1135 exemplorum
800 1051 890 1134 pleni
917 1064 995 1116 sunt
1011 1051 1084 1115 libri
1100 1053 1153 1116 :in
1169 1053 1289 1116 animis
1305 1073 1476 1130 servorum,

379 1157 497 1220 exacui
518 1156 606 1232 odia,
621 1155 727 1219 teneri
743 1155 902 1218 dominos
917 1155 1106 1236 suspicione
1122 1165 1281 1238 metuque
1296 1166 1454 1238 perpetuo
1469 1178 1479 1233 ;

232 1271 291 1338 (nde
313 1271 351 1316 in·
378 1260 460 1324 alios
476 1259 519 1323 ad
535 1258 723 1342 explendas
740 1259 804 1321 iras
820 1277 940 1341 parare
952 1258 1049 1335 iaces,
1065 1257 1246 1324 cervicibus
1261 1257 1345 1323 alios
1361 1259 1475 1322 instare

194 1331 352 1434 mizi]
377 1361 541 1424 crudelius
556 1385 566 1444 ;
580 1361 721 1424 aliorum
740 1378 890 1436 numero,
900 1361 1041 1424 aliorum
1057 1360 1090 1424 vi
1106 1361 1257 1426 civitates
1272 1360 1478 1436 commoveri,

199 1449 337 1552 offiium
378 1461 440 1526 levi
458 1474 631 1527 momento
658 1464 797 1527 dissolvi
814 1487 820 1526 :
836 1463 998 1528 turnultus
1023 1472 1056 1527 et
1072 1464 1261 1542 seditiones,
1280 1465 1479 1548 direptiones

378 1575 411 1628 et
423 1567 588 1643 incendia,
604 1567 733 1648 praelia
750 1567 936 1649 caedesque
953 1568 1091 1632 misceri.

239 1699 350 1745 cmm„
422 1670 462 1733 In
478 1690 519 1734 eo
534 1671 728 1735 deiectionis
740 1670 909 1753 profundo
926 1671 1117 1736 mortalium
1130 1672 1263 1754 plurimi
1276 1671 1477 1746 laborabant

199 1759 303 1804 '¹⁰²''¹'’⁸‘⁸
318 1761 351 1804 “d
377 1773 551 1856 multoque
569 1776 721 1839 miserius
737 1785 775 1840 ut
801 1777 899 1840 mersi
916 1786 1009 1840 erant
1026 1777 1296 1858 superstitionum
1319 1776 1475 1859 caligine;

199 1820 227 1863 di
243 1819 343 1864 nitatem

239 1877 328 1922 llum
377 1898 491 1960 quum,
508 1879 644 1942 maturis
658 1879 773 1942 divino
785 1881 923 1944 consilio
935 1881 1150 1962 temporibus,
1163 1879 1222 1946 lux
1237 1903 1256 1946 e
1272 1881 1365 1945 caelo
1376 1881 1475 1946 admi-

199 1937 245 2046 iiis
258 1951 349 1982 mm·
376 1980 488 2044 rabilis
503 1981 623 2046 oborta
640 1992 700 2060 est,
717 1993 750 2046 et
765 1985 873 2065 gratia
899 1985 1091 2048 redimentis
1107 1983 1232 2049 Christi
1248 1984 1290 2048 ad
1307 1984 1474 2048 hominum

376 2084 632 2148 universitatem
649 2105 685 2148 se
700 2086 835 2167 copiose
851 2085 998 2168 proludit
1012 2108 1019 2164 ;
1034 2087 1127 2150 cuius
1143 2085 1304 2150 beneficio
1319 2085 1367 2150 illi
1382 2085 1475 2149 erecti

376 2198 453 2249 sunt
481 2207 499 2250 e
525 2208 630 2253 caeno
658 2198 694 2252 et
716 2209 877 2252 aerumna
902 2189 1078 2266 servitutis,
1095 2209 1277 2273 omnesque
1301 2190 1438 2254 omnino
1459 2209 1475 2251 a

373 2291 553 2355 deterrimo
584 2295 717 2375 peccati
734 2295 868 2357 servitio
884 2294 927 2357 ad
943 2294 1263 2375 praestantissimam
1280 2293 1474 2376 dignitatem

374 2394 514 2460 liliorum
534 2397 597 2461 Dei
614 2407 693 2462 sunt
711 2397 856 2462 revocati
873 2407 907 2461 et
923 2397 1067 2461 adducti.
1079 2435 1123 2446 -
1137 2396 1296 2480 Apostoli
1311 2397 1475 2462 enimvero

373 2501 451 2564 inde
466 2501 510 2563 ab
533 2501 628 2566 initio
646 2502 831 2578 Ecclesiae,
846 2510 976 2584 praeter
999 2500 1064 2564 alia
1091 2510 1268 2584 praecepta
1294 2501 1384 2564 vitae
1407 2519 1474 2564 san-

373 2603 530 2682 ctissima,
551 2603 614 2668 hoc
638 2606 743 2669 etiam
761 2605 929 2669 tradidere
944 2613 978 2668 et
994 2605 1208 2684 inculcavere,
1223 2606 1313 2689 quod
1335 2615 1387 2670 est
1413 2625 1474 2668 non

374 2707 476 2770 semel
493 2709 652 2790 scriptum
669 2730 688 2772 a
708 2710 814 2773 Paulo
830 2709 872 2772 ad
900 2719 1034 2773 renatos
1049 2730 1068 2774 e
1094 2709 1226 2775 lavacro
1242 2709 1475 2793 Baptismatis:

377 2811 497 2876 Omnes
510 2810 586 2892 filii
611 2810 678 2874 Dei
697 2812 776 2875 estis
793 2823 857 2894 per
869 2811 985 2895 fidem,
1000 2835 1082 2895 quae
1096 2823 1144 2877 est
1169 2813 1204 2875 iu
1230 2811 1359 2878 Christo
1382 2811 1452 2876 lesu
1465 2833 1476 2872 :

374 2915 564 2996 quicumque
572 2914 659 2976 enim
675 2914 710 2976 in
725 2913 854 2980 Christe
864 2916 1023 2998 baptizati
1035 2917 1121 2994 estis,
1134 2915 1301 2981 Christum
1315 2915 1474 2979 induistis.

375 3019 451 3082 Nem
468 3027 516 3080 est
528 3016 673 3081 iudaeus
689 3040 787 3101 neque
817 3020 967 3098 Graems,
983 3042 1045 3084 non
1072 3031 1118 3085 est
1140 3041 1253 3084 seruus
1278 3039 1375 3102 neque
1387 3019 1479 3109 liber,

375 3131 495 3186 nonest
508 3123 670 3185 masculus
681 3143 779 3207 neque
780 3125 914 3205 femina
923 3148 938 3198 ,·
950 3146 1058 3189 omnes
1068 3125 1156 3189 enim
1168 3145 1224 3188 vos
1234 3144 1336 3187 unum
1350 3123 1429 3186 estis
1442 3123 1474 3185 in

378 3224 506 3290 Christo
521 3223 595 3287 Iesu
611 3223 662 3309 (Ξ).
684 3225 763 3290 Non
776 3236 825 3290 est
842 3225 985 3292 Gentilis
1007 3237 1040 3290 et
1060 3226 1212 3304 Iudaeus,
1227 3227 1425 3290 circumcisio
1445 3231 1475 3286 et

368 3329 589 3412 praeputium,
600 3330 761 3395 barbarus
776 3341 806 3394 et
818 3330 949 3413 Scytha,
963 3352 1078 3395 seruus
1092 3341 1122 3395 et
1141 3331 1231 3409 liber,
1242 3330 1302 3394 sed
1317 3331 1428 3394 omnm
1446 3337 1480 3391 et

376 3435 410 3497 in
426 3434 574 3498 omnibus
591 3434 742 3499 Christus
751 3435 802 3517 (²).
817 3435 952 3500 Etenim
968 3435 1002 3498 in
1026 3456 1090 3499 uno
1103 3435 1233 3517 Spiritu
1249 3455 1357 3498 omnes
1371 3453 1428 3496 nos
1442 3431 1474 3493 in

375 3558 478 3601 unum
492 3551 603 3620 corpus
618 3539 778 3622 baptr'aati
787 3561 909 3616 sumus,
923 3540 994 3602 siue
1008 3538 1127 3602 Iudaei
1150 3539 1220 3602 sive
1248 3538 1399 3614 Gentiles,
1410 3535 1476 3600 siue

376 3642 466 3706 serui
472 3642 541 3706 sive
554 3643 658 3719 liberi,
672 3653 704 3705 et
717 3663 826 3706 omnes
841 3642 876 3705 in
903 3663 966 3706 uno
983 3641 1114 3723 Spiritu
1123 3641 1236 3724 potati
1243 3661 1359 3705 sumus
1369 3639 1419 3722 (3).
1436 3674 1476 3687 -

377 3745 492 3811 Aurea
507 3765 597 3823 sane,
610 3746 854 3824 honestissima,
870 3745 1085 3810 saluberrima
1110 3746 1321 3824 documenta,
1337 3761 1479 3828 quorum

377 3849 573 3915 efficacitate
589 3870 656 3915 non
673 3849 958 3913 modohominum
971 3850 1084 3932 generi
1099 3849 1202 3913 decus
1218 3848 1368 3913 redditur
1381 3863 1475 3910 suum

378 3965 479 4037 atque
505 3961 654 4036 augetur,
677 3952 734 4015 sed
759 3952 870 4029 etiam,
885 3952 1121 4033 cuiuscumque
1146 3951 1209 4034 ipsi
1233 3959 1312 4015 sunt
1338 3948 1402 4013 loci
1426 3944 1476 4008 vel

378 4059 510 4140 linguae
525 4057 576 4120 vel
589 4055 721 4139 gradus,
736 4055 821 4119 inter
841 4074 876 4118 se
892 4055 1125 4119 consociantur
1147 4064 1181 4119 et
1205 4053 1345 4118 vinculis
1364 4051 1475 4116 frater·

378 4181 440 4223 nae
456 4157 708 4223 necessitudinis
724 4159 907 4223 arctissime
922 4157 1142 4222 continentur.
1162 4157 1212 4222 Ea
1226 4177 1302 4221 vere
1326 4153 1475 4219 beatissi-

200 2964 254 3005 rcste
262 2960 345 3005 Paulo.

408 4417 427 4450 1.
441 4403 505 4454 Gal,
518 4414 557 4454 111.
566 4403 642 4450 esau.
653 4417 710 4449 —a
724 4403 826 4455 Coloss..
841 4413 879 4454 111.
894 4416 927 4448 rr.
938 4427 968 4436 -
978 4415 998 4460 3.
1013 4383 1207 4460 1cor.,'x11.13.
