3310 4868
418 380 470 432 DE
489 379 703 432 LIBERTATE
720 378 904 432 fluitans.
1153 377 1218 428 1¹11

128 563 493 632 cillioribusiniuriasAEo
503 566 711 650 magisquod
722 566 847 630 civium
858 585 936 649 pars
946 565 1048 648 longe
1060 565 1213 630 maxima
1264 565 1361 662 1123„

127 669 300 751 praestigias
314 690 431 734 cavere
445 672 685 753 captionesque
696 669 900 746 dialecticas,
913 669 1110 752 praesertim
1124 688 1210 752 quae
1284 661 1349 709 ¹⁸³⁸·

127 771 318 838 blandiantur
331 775 582 858 cupiditatibus,
598 785 737 838 autnon
755 784 899 857 possunt
915 773 1211 851 omnino,autsine

124 895 237 942 summa
250 877 445 944 difficultate
458 899 525 944 non
537 889 690 962 possunt.
704 879 871 943 Permissa
887 877 1028 944 cuilibet
1051 878 1210 961 loquendi

124 981 335 1066 scribendique
350 983 482 1049 infinita
497 983 642 1062 licentia,
658 983 740 1047 nihil
758 993 809 1048 est
826 993 981 1048 sanctum
997 983 1211 1048 inviolatum·
1277 998 1281 1004 '

124 1103 180 1166 que
192 1105 458 1168 permansurum:
473 1108 516 1152 ne
532 1088 597 1152 illis
613 1088 750 1172 quidem
767 1097 924 1170 parcetur
940 1088 1099 1152 maximis
1109 1086 1211 1150 veris·

122 1188 260 1273 simisque
274 1202 414 1256 naturae
430 1191 657 1275 iudiciis,quae
669 1191 824 1256 habenda
841 1201 919 1255 sunt
929 1191 1021 1255 velut
1031 1211 1210 1256 commune

123 1291 258 1374 idemque
288 1297 533 1360 nobilissimum
561 1297 699 1360 humani
724 1298 855 1378 generis
879 1295 1129 1378 patrimonium.
1154 1295 1211 1361 Sic

120 1399 226 1466 sensim
241 1401 388 1464 obducta
410 1400 558 1465 tenebris
578 1401 727 1477 veritate,
752 1400 786 1464 id
810 1400 1019 1484 quodsaepe
1034 1399 1210 1481 contingit,

120 1498 647 1587 faciledominabituropinionum
658 1525 748 1568 error
759 1504 968 1586 perniciosus
979 1515 1012 1568 et
1024 1503 1214 1586 multiplex.

120 1602 185 1684 Qua
198 1625 239 1670 ex
254 1627 287 1671 re
298 1616 433 1672 tantum
449 1609 561 1690 capiet
575 1607 710 1671 licentia
725 1607 905 1683 commodi,
928 1616 1093 1690 quantum
1108 1606 1210 1670 detri·
1238 1627 1261 1684 ο)
1273 1642 1390 1697 agema

120 1709 209 1773 menti
230 1710 380 1776 libertas:
397 1731 438 1776 eo
458 1713 548 1776 enirn
572 1711 747 1775 estmaior
762 1709 875 1774 futura
890 1709 1028 1774 libertas
1044 1730 1084 1773 ac
1099 1709 1212 1790 tutior,
1238 1688 1389 1793 32ᾝῖἷὶ

120 1832 181 1895 quo
195 1813 283 1880 frena
298 1815 457 1880 licentiae
473 1815 609 1880 maiora
620 1809 722 1877 -'-At
733 1833 811 1878 vero
823 1815 867 1878 de
879 1814 976 1877 rebus
986 1814 1213 1897 opinabilibus
1239 1806 1390 1912 *thum*

121 1917 326 2002 disputationi
344 1921 519 1986 hominum
536 1921 643 1986 aDeo
658 1919 839 2003 permissis,
848 1919 963 2004 utique
975 1923 1064 2004 quod
1082 1922 1213 2005 placeat
1238 1925 1327 1985 capiat.

120 2025 235 2103 sentire,
246 2027 407 2109 quodque
423 2027 594 2103 sentiatur,
610 2024 712 2089 libere
728 2023 839 2107 eloqui
855 2045 1051 2090 concessum
1068 2037 1129 2104 est,
1144 2045 1211 2092 non

117 2139 309 2210 repugnante
337 2138 480 2193 natura:
506 2128 583 2192 talis
599 2128 689 2192 enim
706 2128 842 2193 libertas
868 2148 1041 2211 nunquam
1058 2127 1212 2193 homines

118 2231 153 2291 ad
168 2233 420 2314 opprimendam
438 2233 623 2309 veritatem,
639 2251 740 2315 saepe
756 2233 798 2295 ad
816 2233 1046 2316 indagandam
1063 2253 1102 2296 ac
1118 2241 1212 2315 pate·

118 2331 289 2400 faciendam
307 2337 454 2401 deducit

1238 2437 1390 2548 [remensi-

155 2541 204 2606 De
225 2564 274 2623 ea,
289 2564 395 2627 quam
411 2543 542 2608 docendi
564 2543 747 2608 libertatem
776 2543 963 2619 nominant,
986 2553 1121 2627 oportet
1144 2564 1211 2608 nou
1238 2548 1391 2666 mqugj

114 2643 252 2712 dissimili
276 2649 409 2712 ratione
424 2648 578 2712 iudicare.
602 2647 747 2713 -Cum
765 2649 905 2712 dubium
927 2669 999 2711 esse
1016 2668 1083 2713 non
1106 2650 1212 2732 possit
1237 2667 1391 2736 spernaces-

112 2751 181 2829 quin
197 2751 349 2816 imbuere
365 2752 496 2815 animos
512 2751 584 2815 sola
595 2752 717 2814 veritas
730 2751 862 2829 debeat,
873 2753 965 2835 quod
978 2752 1012 2816 in
1029 2753 1102 2835 ipsa
1114 2755 1209 2818 intel·
1239 2726 1272 2842 {¹3
1282 2785 1311 2830 ἡ,
1326 2741 1390 2831 3Ῐῖ

112 2852 274 2936 ligentium
299 2865 496 2919 naturarum
519 2855 645 2918 bonurn
669 2865 720 2919 est
744 2866 778 2920 et
802 2854 876 2919 finis
900 2867 933 2920 et
957 2857 1118 2940 perfectio
1138 2859 1212 2937 sita,
1239 2845 1390 2964 “jjuss‘gejf'

111 2968 275 3040 propterea
288 2980 358 3024 non
370 2959 470 3022 debet
481 2959 634 3022 doctrina
647 2959 710 3022 nisi
724 2980 801 3023 vera
815 2960 1014 3042 praecipere,
1025 2963 1125 3044 idque
1137 2975 1210 3027 tum
1238 2963 1389 3082 mm·

110 3061 143 3126 iis
156 3066 211 3148 qui
227 3067 392 3143 nesciant,
403 3075 476 3130 tum
492 3065 550 3148 qui
566 3065 683 3142 sciant,
699 3065 826 3129 scilicet
842 3074 880 3130 ut
895 3068 1123 3149 cognitionem
1140 3071 1210 3133 veri
1235 3081 1307 3150 seftio
1323 3047 1391 3141 etst:

110 3169 210 3234 alteris
221 3170 353 3248 afferat,
368 3171 402 3234 in
419 3169 532 3233 alteris
543 3179 685 3233 tueatur.
697 3169 755 3235 Ob
766 3189 909 3253 eamque
921 3191 1074 3236 caussam
1085 3192 1211 3252 eorum,
1238 3141 1333 3258 33³3?
1332 3155 1391 3245 2¹1⁴:

109 3271 159 3353 qui
172 3275 393 3356 praecipiunt,
409 3273 509 3355 plane
522 3271 669 3336 officium
686 3282 737 3336 est
764 3273 892 3356 eripere
916 3293 961 3337 ex
986 3275 1107 3340 animis
1123 3295 1212 3340 erro-
1238 3259 1390 3365 affigi}

109 3395 179 3452 rem,
200 3389 233 3442 et
257 3380 303 3441 ad
337 3379 535 3460 opinionum
568 3377 716 3440 fallacias
740 3376 893 3460 obsepire
916 3379 1015 3442 certis
1038 3379 1212 3461 praesidiis

110 3481 200 3549 uiam.
216 3481 328 3564 Igitur
351 3491 501 3564 apparet,
525 3499 728 3562 magnopere
751 3500 829 3545 cum
847 3483 976 3547 ratione
992 3503 1151 3567 pugnare,
1174 3505 1213 3549 ac

108 3595 214 3650 natam
237 3607 314 3652 esse
341 3585 570 3668 pervertendis
594 3585 744 3648 funditus
774 3585 943 3650 mentibus
967 3586 1069 3666 iliani,
1089 3591 1132 3654 de
1146 3612 1216 3673 qua

107 3689 274 3756 institutus
290 3700 343 3755 est
358 3710 477 3768 sermo,
493 3690 692 3767 libertatem,
707 3698 875 3772 quatenus
886 3690 949 3755 sibi
962 3691 1034 3757 vult
1049 3694 1215 3774 quidlibet

107 3813 164 3876 pro
184 3796 349 3859 arbitratu
374 3793 518 3857 docendi
544 3793 739 3857 licentiam:
763 3814 866 3877 quarn
889 3796 1026 3878 quidem
1043 3796 1213 3862 licentiam

108 3897 226 3962 civitati
243 3899 326 3963 dare
348 3895 484 3979 publica
498 3906 659 3978 potestas,
682 3896 776 3960 salvo
794 3897 915 3975 officio,
929 3917 997 3962 non
1017 3909 1137 3981 potest.
1162 3901 1215 3964 Eo

108 4000 153 4064 vel
169 4004 280 4084 magis
295 4000 387 4083 quod
404 4001 641 4082 magistrorum
662 4002 751 4083 apud
777 4003 947 4066 auditores
965 4003 1108 4067 multum
1124 4005 1215 4070 valet

108 4106 285 4171 auctoritas
306 4117 341 4170 et
370 4124 491 4169 verane
514 4105 591 4182 sint,
613 4126 700 4188 quae
723 4125 743 4170 a
767 4106 905 4171 doctore
929 4107 1117 4187 traduntur,
1139 4129 1214 4174 raro

111 4207 292 4273 admodum
307 4208 491 4273 diiudicare
506 4227 565 4291 per
576 4229 613 4272 se
628 4210 699 4292 ipse
711 4208 896 4292 discipulus
911 4219 1032 4294 potest.

151 4307 381 4392 Quamobrem
397 4311 484 4375 hanc
496 4331 631 4395 quoque
644 4312 843 4392 libertatem,
865 4324 902 4378 ut
923 4313 1067 4380 honesta
1077 4315 1130 4392 sit,
1145 4336 1214 4380 cer·

113 4411 151 4475 tis
172 4411 296 4479 finibus
310 4415 595 4499 circumscriptam
611 4417 716 4482 teneri
733 4437 868 4482 necesse
890 4427 964 4484 est:
987 4419 1144 4483 nimirum
1168 4441 1211 4487 ue
