3172 4874
149 373 201 425 nu
224 372 428 426 saecunda.
451 371 717 426 sounauursus
736 375 765 425 s.
786 373 1138 428 10Auu1sacuuca.
1182 359 1249 446 163

121 549 123 558 '
151 571 225 614 rum
252 551 324 635 pati
340 557 373 616 et
389 551 558 616 contemni
585 571 645 634 pro
663 551 805 618 Christo.
831 551 1044 635 Quapropter
1070 571 1147 616 cum
1171 551 1254 616 haec
1281 606 1313 650 da
1331 577 1433 656 mm]

153 655 336 720 saecularia
351 655 538 736 sollemnia,
553 676 629 720 cum
646 656 836 720 christianis
849 657 1015 735 omnibus,
1041 666 1112 722 tum
1129 657 1254 740 praeci·
1280 667 1380 736 cularfa
1400 684 1433 714 so·

150 779 218 845 pue
234 758 491 826 carmelitarum
507 761 654 825 familiae
670 780 737 824 non
753 779 882 842 parurn,
897 760 973 824 Deo
988 761 1178 840 adiuvante,
1187 762 1254 826 sint
1274 727 1380 843 Ἠῶ
1394 801 1434 832 ω-

153 863 335 950 prolutura,
351 865 395 929 ad
410 866 600 948 augendam
617 884 732 929 eorum
749 863 986 944 celebritatem,
1001 884 1087 948 quae
1103 885 1123 929 a
1147 864 1255 928 Nobis
1281 848 1345 949 ΖΞ,
1362 845 1432 952 (ῗζξ

158 990 203 1035 ex
220 968 391 1034 Ecclesiae
406 968 563 1034 thesauro
583 967 689 1052 petita
704 977 782 1032 sunt
798 988 937 1032 munera
959 969 1101 1034 libenter
1116 967 1254 1034 conferi·
1281 963 1429 1016 melitam·

1281 1022 1365 1082 largas
1396 1025 1434 1069 in·

150 1092 233 1138 mus.
250 1072 351 1138 Votis
366 1072 467 1155 igitur
482 1082 515 1136 et
525 1072 679 1156 precibus
695 1071 920 1135 Procuratorls
931 1069 1103 1136 Generalis
1120 1071 1253 1137 Carme·
1281 1081 1419 1152 dulgentia

150 1175 283 1240 litarum
320 1173 601 1239 Excalceatorum
628 1193 734 1257 nuper
764 1173 807 1238 ad
835 1174 907 1238 Nos
938 1173 1085 1238 admotis
1111 1174 1256 1256 benigne
1281 1142 1432 1246 {2221ssss

150 1277 345 1355 adnuentes,
361 1277 517 1342 omnibus
528 1287 563 1341 et
578 1277 717 1360 singulis
734 1276 907 1359 utriusque
921 1296 1024 1340 sexus
1035 1274 1254 1340 christifideli-
1280 1259 1412 1376 {me

149 1378 222 1457 bus,
236 1379 293 1462 qui
308 1378 483 1444 triduanae
493 1379 738 1463 supplicationi,
750 1399 836 1462 quae
846 1379 881 1442 in
897 1380 1043 1443 ecclesiis
1060 1378 1255 1444 Carmelita·
1280 1378 1390 1452 concedit.

149 1504 222 1548 rum
236 1483 516 1548 Excalceatorum
530 1503 548 1547 a
564 1485 619 1548 die
631 1484 793 1567 vigesima
808 1485 956 1548 secunda
971 1485 1095 1547 mensis
1109 1483 1255 1547 Novem-

151 1588 219 1653 bris
235 1589 278 1652 ad
295 1590 383 1652 diem
395 1589 560 1652 decimam
577 1598 730 1670 quartam
744 1587 868 1652 mensis
884 1586 1081 1651 Decembris
1097 1585 1257 1652 inclusive

152 1713 197 1756 ex
209 1711 367 1756 concessu
381 1690 507 1756 Nostro
520 1701 571 1756 est
593 1691 750 1756 habenda
765 1693 886 1756 devote
903 1691 1120 1770 interfuerint,
1140 1699 1173 1754 et
1197 1694 1253 1756 uni

149 1817 194 1862 ex
211 1797 315 1862 tribus
331 1797 450 1860 diebus
466 1796 719 1879 supplicationis
728 1795 772 1860 ad
787 1795 948 1878 cuiusque
960 1793 1066 1860 fidelis
1082 1796 1254 1860 arbitrium

150 1901 213 1966 sibi
226 1900 381 1984 eligendo
393 1921 469 1966 vere
481 1900 691 1984 poenitentes
705 1909 738 1964 et
748 1900 900 1978 confessi,
909 1919 947 1964 ac
961 1899 995 1964 S.
1008 1899 1255 1964 Communione

151 2005 263 2070 relecti
280 2005 465 2082 ecclesiam,
481 2005 514 2068 in
536 2025 602 2086 qua
621 2005 742 2068 festum
759 2004 878 2086 agitur,
900 2003 1116 2082 visitaverint,
1142 2005 1254 2087 ibique

149 2129 210 2194 pro
226 2107 480 2173 christianorum
498 2095 686 2191 principum
702 2109 889 2184 concordia,
913 2107 1088 2171 haeresum
1104 2109 1251 2191 extirpa·

146 2197 252 2290 tione,
268 2223 482 2296 peccatorum
497 2212 714 2277 conversione
730 2231 769 2275 ac
787 2209 821 2276 S.
837 2211 958 2275 Matris
974 2211 1145 2277 Ecclesiae
1161 2212 1252 2276 exal·

145 2319 274 2385 tatione
289 2318 362 2400 pias
377 2320 419 2382 ad
437 2316 548 2382 Deum
566 2335 680 2399 preces
695 2315 883 2390 effuderint,
898 2333 965 2396 qua
976 2315 1048 2377 vice
1064 2314 1097 2377 id
1113 2316 1252 2397 egerint,

148 2423 333 2507 plenariam
362 2422 512 2486 omnium
540 2429 753 2502 peccatorum
785 2438 921 2482 suorum
946 2417 1190 2500 indulgentiam
1217 2431 1250 2481 et

149 2526 379 2591 remissionem
397 2525 652 2590 misericorditer
668 2524 701 2586 in
719 2523 869 2588 Domino
884 2521 1107 2586 concedimus.
1124 2521 1248 2585 Iisdem

144 2650 224 2698 vero
238 2628 508 2695 christifidelibus
523 2629 623 2694 corde
633 2628 752 2691 saltem
768 2625 929 2703 contritis,
955 2626 1012 2708 qui
1029 2624 1180 2710 quolibet
1194 2625 1250 2688 die
1327 2610 1329 2614 ’

140 2735 332 2820 praedictae
360 2733 596 2819 supplicationi
619 2734 741 2798 devote
767 2731 957 2797 adstiterint
972 2740 1015 2809 et,
1030 2739 1068 2794 ut
1083 2749 1183 2814 supra
1199 2729 1248 2794 di-

142 2850 235 2905 ctum
251 2847 312 2918 est,
326 2838 503 2916 oraverint,
526 2847 656 2922 septem
669 2854 775 2901 annos
790 2835 999 2918 totidemque
1014 2833 1247 2918 quadragenas

71 2977 75 2986 ⁴
142 2945 186 3009 de
202 2943 357 3008 iniunctis
370 2943 417 3008 eis
433 2942 515 3008 alias
527 2939 781 3025 quomodolibet
790 2939 1004 3024 poenitentiis
1017 2941 1049 3004 in
1060 2939 1169 3003 torma
1181 2939 1245 3003 Ec·
1300 2938 1317 3007 ’.Ῑ

144 3047 264 3114 clesiae
279 3055 440 3112 consueta
460 3045 661 3112 relaxamus.
676 3043 771 3129 Quas
785 3063 903 3108 omnes
918 3052 953 3108 et
972 3042 1121 3128 singulas
1136 3043 1244 3108 indul-

141 3153 282 3237 gentias,
297 3161 510 3236 peccatorum
534 3150 746 3216 remissiones
761 3157 795 3212 et
817 3147 1097 3232 poenitentiarum
1113 3146 1243 3210 relaxa·

138 3256 247 3322 tiones
277 3256 379 3320 etiam
418 3255 594 3320 animabus
626 3252 785 3332 fidelium,
810 3271 896 3336 quae
927 3251 1004 3316 Deo
1039 3251 1072 3316 in
1103 3249 1242 3314 caritate
1337 3254 1339 3260 '

137 3360 335 3426 coniunctae
355 3359 399 3424 ab
413 3357 477 3424 hac
503 3358 577 3422 luce
604 3358 828 3443 migraverint,
856 3377 915 3440 per
930 3357 1068 3420 modum
1094 3353 1242 3436 suffragii

139 3463 300 3548 applicari
315 3483 414 3547 posse
429 3461 652 3546 indulgemus,
668 3461 903 3528 Praesentibus
917 3459 982 3524 hoc
1008 3479 1097 3523 anno
1110 3467 1242 3522 tantum

137 3567 294 3634 valituris.

189 3671 316 3737 Datum
334 3671 466 3737 Romae
484 3671 573 3754 apud
595 3669 630 3737 S.
646 3671 781 3736 Petrum
797 3669 860 3734 sub
883 3665 983 3732 anulo
997 3667 1174 3732 Piscatoris
1190 3665 1244 3730 die

141 3795 165 3857 4
181 3775 294 3842 Martii
315 3777 407 3856 1891,
419 3773 636 3840 Pontificatus
653 3773 768 3838 Nostri
784 3793 874 3838 anno
889 3763 1021 3836 decimo
1036 3778 1163 3853 quarto.

600 3895 645 3958 Μ.
657 3894 772 3960 CARI).
784 3887 1158 3956 LEDOCHOWSKI.
