3230 4874
362 393 413 442 un
436 386 562 444 cuttu
590 393 823 446 uunauronn
841 397 1012 448 arnrcan.
1194 385 1241 472 67

135 575 257 632 terram
285 567 352 632 late
367 579 480 634 serant
510 568 647 634 verbum
668 570 744 650 Dei,
770 571 931 658 illamque
945 574 1083 657 profuso
1098 575 1241 659 rigatam
1296 587 1390 684 ΙῦΞΗ

134 671 307 755 sanguine,
322 672 350 736 si
362 692 447 756 opus
459 673 512 750 sit,
524 672 648 738 nedum
662 674 783 739 sudore
799 673 990 744 secundent.
1006 675 1096 744 Sane
1121 678 1241 762 quibus
1311 684 1377 744 1890·

135 775 167 840 in
184 773 266 840 locis
281 777 464 842 verendum
485 778 725 862 redemptionis
751 779 883 863 signum
915 779 1041 846 elatum
1061 779 1168 860 suerit,
1195 781 1241 848 ibi
1332 795 1419 865 ζιὶκςκ

133 879 200 942 cito
215 878 313 944 iuxta
330 879 458 964 lignum
484 881 600 948 Crucis
621 881 754 948 florebit
777 882 884 950 civilis
921 884 1032 950 cultus
1057 905 1242 972 omnesque
1267 854 1414 974 gemmas

134 980 297 1065 politioris
328 983 548 1052 humanitatis
564 994 663 1052 artes.
684 987 806 1072 Neque
821 1007 901 1053 vero
924 988 1128 1072 ambigimus
1160 991 1240 1076 quin
1265 973 1386 1020 '‘im'‘

134 1094 179 1166 tu,
194 1086 316 1154 dilecte
341 1087 388 1154 fiii
419 1089 553 1170 Noster,
576 1089 725 1156 hortatui
748 1091 875 1157 Nostro
905 1091 1095 1178 obsequens
1124 1095 1242 1179 tuique

133 1191 348 1258 sacerdotalis
364 1193 468 1259 animi
482 1195 631 1260 motibus
647 1195 749 1260 alacri
766 1197 880 1260 studio
889 1206 924 1260 et
939 1196 1105 1263 industria
1116 1198 1241 1262 instare

133 1315 252 1379 pergas
267 1297 345 1362 huic
360 1299 463 1383 operi,
478 1299 531 1364 cui
548 1297 621 1362 Nos
636 1299 850 1364 decessorum
868 1301 1070 1366 Nostrorum
1082 1301 1241 1385 exempla

132 1401 273 1483 sequuti,
289 1402 443 1485 quamvis
459 1402 562 1486 pressi
592 1402 689 1468 rebus
711 1405 859 1469 adversis
888 1403 1068 1488 multisque
1099 1405 1241 1470 obnoxii

132 1503 296 1586 periculis,
311 1505 507 1589 praecipuas
522 1505 723 1572 adhibemus
738 1527 834 1571 curas
850 1505 1040 1590 Apostolici
1057 1508 1241 1576 ministerii.

131 1643 175 1656 -
189 1606 339 1672 Demum
356 1617 390 1673 te
421 1608 523 1674 latere
550 1609 707 1675 nolumus
737 1609 947 1694 voluptatem
963 1631 1066 1694 quam
1089 1611 1240 1695 cepimus
1319 1631 1420 1682 Larrdar

134 1712 251 1776 audito
262 1711 404 1777 consilio
419 1711 504 1777 inito
517 1712 560 1778 ab
569 1732 610 1778 ea
622 1712 794 1792 societate,
817 1733 904 1796 quae
925 1711 1121 1778 Africanam
1139 1714 1239 1780 servi·
1265 1693 1415 1818 ξξζῗῖἧω,

130 1821 236 1879 tutem
254 1826 440 1899 oppugnat,
455 1825 492 1881 ut
519 1826 688 1881 certamen
716 1816 910 1882 instituatur
940 1816 1087 1880 virorum
1104 1817 1240 1901 ingenio
1266 1814 1419 1878 ‘⁸.i¹‘⁰⁰?‘¹'·

1266 1881 1301 1912 rm
1334 1876 1421 1917 auctor

130 1926 164 1982 et
177 1919 334 1984 doctrina
346 1920 598 2002 praestantium,
628 1919 662 1984 in
693 1939 761 2004 quo
777 1921 928 2004 praemio
954 1921 1099 1985 donetur
1123 1931 1240 1986 auctor
1264 1927 1418 2034 murefff

130 2023 239 2104 operis
259 2023 348 2106 quod
365 2023 476 2107 aptius
507 2043 587 2107 prae
617 2022 736 2088 ceteris
759 2031 936 2086 censeatur
964 2020 1172 2102 effecturum,
1201 2032 1239 2087 ut
1260 2047 1342 2116 grans
1354 2053 1418 2106 pm.

132 2124 340 2209 Nigritarum
358 2127 564 2211 mancipatio
578 2136 612 2192 et
628 2127 769 2198 seruitus
784 2125 923 2190 humani
948 2125 1080 2208 generis
1103 2127 1183 2191 odio
1204 2136 1238 2192 et
1265 2119 1315 2210 ΖΞ
1348 2108 1417 2155 “⁰²⁸‘'

129 2229 296 2314 suffragiis
320 2232 483 2297 damnata
509 2232 642 2316 penitus
665 2231 825 2297 deleatur.
858 2229 949 2295 Hinc
982 2230 1070 2295 ultro
1092 2231 1154 2296 tibi
1185 2250 1236 2294 ro-

127 2334 220 2415 ganti
252 2337 432 2399 annuimus
462 2344 500 2400 ut
530 2337 563 2400 in
594 2355 635 2400 eo
662 2335 812 2417 praemio
834 2333 1014 2398 tribuendo
1049 2333 1096 2398 ita
1120 2334 1236 2398 Nostri

128 2437 274 2502 nominis
298 2438 425 2502 mentio
442 2436 509 2514 fiat,
537 2447 574 2502 ut
594 2458 634 2503 ea
662 2458 713 2501 res
739 2437 847 2501 Nobis
871 2435 1109 2520 probatissima
1133 2455 1235 2519 appa-

127 2547 260 2603 reat-
275 2537 420 2604 atvero
443 2540 722 2623 quamvisomnis
748 2539 939 2603 huiusmodi
964 2558 1043 2603 cura
1074 2547 1108 2604 et
1138 2538 1235 2604 indu·
1325 2577 1414 2625 fflm

126 2645 204 2709 stria
228 2643 338 2709 multa
361 2646 405 2709 sit
427 2645 527 2710 laude
549 2646 662 2730 digna,
685 2645 810 2729 quippe
832 2665 874 2710 eo
896 2654 1029 2728 spectet
1051 2654 1089 2710 ut
1105 2645 1234 2710 iniiam·
1261 2638 1342 2681 ‘⁰¹⁸⁰‘
1366 2644 1414 2707 ὅθ’]

1260 2693 1375 2752 Pontifici
1385 2699 1413 2742 r'rr

126 2758 259 2814 mentur
289 2747 463 2813 hominum
494 2749 607 2815 studia
641 2759 676 2814 et
702 2750 938 2815 consocientur
968 2750 1159 2816 voluntates
1189 2753 1233 2815 ad
1259 2755 1347 2870 232¹?
1365 2762 1412 2860 253

124 2850 295 2937 inceptum
312 2853 540 2936 peragendum
556 2875 663 2940 aeque
693 2855 835 2920 arduum
860 2875 898 2918 ac
922 2854 1077 2932 salutare,
1100 2875 1234 2921 summa
1259 2872 1352 2932 spicam.
1373 2889 1412 2920 su.

124 2963 237 3022 tamen
277 2975 354 3041 spes
387 2956 434 3021 rei
467 2977 626 3042 prospere
660 2960 829 3042 gerendae
852 2957 996 3022 locanda
1028 2969 1079 3024 est
1111 2959 1145 3024 in
1170 2979 1235 3042 ope
1259 2933 1413 3040 fflffifi.

124 3059 276 3125 caelestis
302 3061 440 3142 gratiae.
478 3080 629 3143 quaeso
653 3061 860 3144 praesentior
883 3063 1102 3144 operantibus
1126 3062 1234 3127 aderit
1254 3050 1339 3110 Μ’·

123 3181 190 3245 quo
204 3160 340 3227 enixius
352 3172 385 3227 et
407 3163 616 3227 constantius
640 3161 753 3228 effusis
776 3164 931 3246 precibus
954 3175 1168 3248 exposcetur.
1190 3199 1235 3210 -

124 3263 306 3348 Auspicem
338 3264 464 3330 interea
491 3267 624 3332 divinae
648 3265 748 3331 huius
779 3267 853 3348 opis
883 3276 918 3332 et
948 3278 1109 3351 paternae
1133 3269 1232 3332 bene·

122 3368 291 3433 volentiae
313 3377 434 3433 testem
458 3367 694 3453 Apostolicam
717 3369 989 3436 benedictionem
1014 3372 1085 3451 tibi,
1110 3369 1232 3436 dilecte

123 3467 167 3534 fili
191 3471 326 3551 Noster,
348 3471 514 3556 simulque
537 3473 626 3538 clero
660 3481 694 3537 et
732 3472 886 3538 fidelibus
920 3483 999 3540 tuae
1036 3474 1232 3558 vigilantiae

125 3575 324 3639 concreditis
347 3585 560 3658 peramanter
582 3577 616 3640 in
641 3575 792 3641 Domino
815 3577 1036 3661 impertimus.

166 3675 295 3740 Datum
313 3675 444 3741 Romae
460 3677 550 3761 apud
567 3676 602 3744 S.
619 3678 754 3743 Petrum
770 3678 825 3744 die
845 3695 883 3761 17
901 3679 978 3744 Iulii
1001 3681 1093 3758 1890,
1118 3679 1232 3743 Ponti·

124 3775 239 3846 ficatus
256 3781 371 3846 Nostri
395 3781 475 3846 anni
498 3782 630 3849 decimo
653 3783 763 3849 tertio.

850 3969 946 4038 LEO
967 3971 1143 4038 PRXIII.
