3194 4872
370 353 417 444 38
479 371 666 424 urrrarrna
684 371 812 422 nposr.
836 359 856 387 “
875 371 1103 424 snuvnsonrs
1122 373 1169 424 nc
1188 372 1331 425 uourur
1351 410 1372 438 „

222 573 344 642 v'reiteras
368 559 580 624 obedientiae
592 555 798 638 obligatione
810 557 882 620 dies
892 559 1088 622 statuendos
1099 577 1171 622 esse
1183 578 1244 641 pro
1255 557 1474 641 eleemosynis

192 633 343 738 ,ssffissm
370 663 402 724 in
429 671 623 726 sanctorum
649 657 796 722 locorum
813 658 1075 724 emolumentum
1096 660 1303 742 colligendis.
1320 661 1476 744 Denique

370 767 448 830 Pius
465 764 527 826 ΡΡ.
545 762 594 825 VI
613 761 665 826 iel.
682 781 742 826 rec.
760 761 999 826 Praedecessor
1022 763 1145 828 Noster
1172 763 1319 842 Litteris,
1334 781 1475 848 quarum

369 869 500 932 initium
519 879 536 931 t(
552 867 643 930 Inter
659 875 769 930 cetera
779 866 966 930 divinorum
980 867 1176 930 iudiciorum
1194 867 1310 931 abdita
1322 881 1473 932 arcana)

368 975 423 1038 die
453 990 487 1054 31
518 973 641 1036 mensis
670 970 743 1033 lulii
773 971 854 1052 1778
882 971 944 1034 sub
970 970 1109 1052 plumbo
1136 971 1234 1047 datis,
1249 980 1396 1053 quatuor
1419 989 1478 1052 per

368 1095 494 1142 annum
519 1074 646 1137 vicibus
672 1072 714 1136 ab
741 1073 897 1136 omnibus
913 1093 1081 1138 sacrorum
1104 1073 1326 1144 Antistitibus
1354 1075 1476 1138 Terrae

234 1185 343 1255 lutatis
369 1182 515 1248 Sanctae
531 1179 747 1242 necessitates
763 1177 839 1258 piae
855 1175 1118 1242 christifidelium
1135 1177 1289 1242 charitati
1305 1198 1476 1244 commen·

208 1246 321 1290 Genernlr
718 1283 725 1297 .
1023 1283 1030 1296 .
1189 1283 1196 1296 .
1406 1285 1413 1297 .

195 1304 338 1350 Ordrrarr.
367 1285 497 1349 dandas
512 1304 585 1347 esse
594 1285 750 1347 decrevit.
763 1281 862 1345 Nunc
872 1292 984 1345 autem
996 1280 1138 1346 drlectus
1151 1281 1238 1345 fihus
1252 1283 1477 1348 Bemardrnus

191 1364 267 1414 Min..

367 1390 410 1452 de
427 1389 528 1452 Portu
547 1385 730 1450 Romatino
746 1384 883 1450 Ordinis
901 1383 1054 1448 Fratrum
1074 1385 1243 1448 Minorum
1262 1385 1295 1450 S.
1309 1385 1477 1450 Francisci
1592 1453 1593 1456 ,

368 1491 567 1556 Assisiensis
582 1491 625 1553 de
641 1488 854 1552 observantia
870 1487 1042 1552 Generalis
1056 1488 1278 1568 Administer,
1290 1489 1401 1554 Nobis
1416 1509 1477 1554 ex·
1586 1504 1592 1563 ξ

368 1593 561 1678 ponendum
579 1592 716 1666 curavit,
733 1589 885 1654 adauctis
901 1591 933 1653 in
961 1591 1042 1667 dies,
1057 1593 1251 1674 praesertim
1270 1593 1477 1656 vertentibus

368 1699 473 1775 annis,
488 1697 742 1762 necessitatibus
759 1695 949 1760 huiusmodi
965 1707 1157 1760 sanctorum
1174 1696 1333 1774 locorum,
1357 1697 1477 1762 Custo·
1587 1763 1590 1771 ,

368 1803 446 1866 diae
471 1802 562 1866 haud
593 1801 738 1884 amplius
764 1799 997 1882 provenientes
1027 1820 1046 1863 e
1076 1798 1223 1864 fidelium
1255 1799 1479 1884 eleemosynis

370 1906 519 1970 redditus
535 1903 693 1980 sufficere,
710 1922 815 1986 eaque
831 1902 1041 1985 potissimum
1059 1902 1102 1966 de
1118 1922 1235 1966 caussa
1251 1903 1342 1986 quod
1362 1903 1478 1986 elapso

191 2025 303 2094 expositis
316 2025 344 2070 a
371 2010 435 2072 iam
462 2009 584 2073 saeculi
610 2007 786 2071 intervallo
801 2027 821 2070 a
836 2014 1005 2088 postrema
1020 2025 1122 2088 quam
1149 2007 1412 2072 memoravimus
1429 2008 1480 2074 iel.

191 2099 278 2136 “¹²⁶¹‘'
370 2132 432 2176 rec.
450 2112 498 2175 Pii
516 2113 577 2176 ΡΡ.
595 2111 647 2174 VI
666 2111 915 2175 Constitutione
932 2109 1083 2172 nonnulli
1111 2131 1154 2174 err
1172 2109 1369 2189 Ordinariis,
1386 2111 1478 2175 illam

288 2259 292 2268 ·
369 2216 472 2280 veluti
498 2215 567 2278 sere
590 2213 776 2278 obsoletam
809 2210 992 2295 negligunt,
1023 2232 1131 2295 neque
1162 2213 1396 2297 eleemosynas
1421 2233 1480 2298 pro

369 2319 493 2384 sanctis
510 2318 591 2382 locis
607 2316 854 2392 commendare,
879 2335 918 2378 ea
943 2335 1009 2396 qua
1026 2335 1086 2398 par
1101 2327 1152 2381 est
1169 2317 1396 2382 sollicitudine
1413 2328 1479 2381 stu-

368 2424 470 2498 dent,
485 2424 628 2504 ideoque
656 2421 773 2485 enixas
801 2420 910 2484 Nobis
927 2439 1041 2502 preces
1066 2420 1238 2485 humiliter
1262 2422 1429 2499 adhibuit,
1444 2432 1480 2486 ut

369 2527 534 2608 quaedam
562 2527 624 2588 hac
650 2545 749 2606 super
776 2544 810 2587 re
838 2525 1020 2606 providere,
1050 2525 1092 2587 de
1124 2524 1326 2606 Apostolica
1354 2525 1481 2590 Nostra

369 2629 546 2712 potestatis
573 2629 790 2711 plenitudine,
817 2627 966 2692 velimus.
999 2627 1070 2691 Nos
1102 2627 1211 2710 igitur,
1242 2629 1365 2711 quibus
1394 2631 1478 2694 tanti

372 2733 533 2796 momenti
559 2731 719 2797 Custodia
746 2732 894 2794 maxime
910 2741 962 2795 est
977 2732 1077 2807 cordi,
1093 2733 1180 2796 votis
1203 2733 1398 2798 huiusmodi
1425 2755 1480 2797 an-

372 2845 521 2913 nuentes,
536 2837 579 2900 de
596 2834 793 2918 Apostolica
811 2834 935 2898 Nostra
960 2836 1169 2912 auctoritate,
1183 2837 1216 2900 vi
1243 2838 1481 2919 praesentium,

372 2950 569 3023 perpetuum
587 2939 618 3001 in
646 2939 781 3002 modum
800 2939 1016 3016 decernimus,
1040 2949 1076 3003 ut
1100 2939 1320 3004 Venerabiles
1337 2941 1482 3016 Fratres,

224 3045 324 3114 staltis,
374 3042 595 3118 Patriarchae‚
610 3041 873 3124 Archiepiscopi,
891 3042 1050 3124 Episcopi
1066 3053 1098 3106 et
1114 3043 1170 3106 alii
1187 3046 1291 3108 totius
1317 3055 1480 3110 terrarum

195 3109 347 3210 humb
372 3148 461 3211 orbis
486 3146 634 3210 locorum
662 3145 839 3222 Ordinarii,
863 3146 925 3208 sub
949 3154 1085 3208 sanctae
1109 3146 1323 3212 obedientiae
1347 3149 1481 3214 vinculo

194 3223 258 3326 2322,
280 3223 347 3339 ῗέέξ.
373 3270 486 3312 curare
513 3259 697 3326 teneantur,
723 3259 759 3312 ut
784 3250 967 3330 respective
992 3250 1025 3312 in
1053 3251 1292 3334 cuiuscumque
1316 3253 1480 3316 dioecesis

186 3341 346 3398 auramque
374 3351 554 3434 parochiali
581 3352 728 3427 ecclesia,
744 3371 811 3413 una
838 3351 956 3414 saltem
973 3351 1112 3434 singulis
1128 3354 1225 3416 annis
1249 3353 1330 3433 vice,
1359 3376 1481 3439 nempe

213 3411 248 3443 ece
276 3399 338 3443 'tate'-

195 3412 338 3526 nbusssdiftoe
373 3456 454 3520 seria
469 3465 567 3520 sexta
583 3455 716 3519 maioris
744 3453 986 3529 hebdomadae,
1000 3455 1053 3518 vel
1075 3454 1142 3520 alio
1158 3456 1201 3519 ad
1219 3458 1480 3542 uniuscuiusque

206 3517 332 3621 sirm?-
373 3560 541 3626 Ordinarii
559 3560 700 3624 lubitum
719 3557 870 3622 similiter
885 3569 1018 3622 tantum
1034 3561 1215 3640 quotannis
1231 3561 1390 3644 eligendo
1418 3565 1481 3639 die,

195 3639 244 3680 ω’
372 3662 519 3727 fidelium
547 3663 701 3726 charitati
728 3671 919 3724 sanctorum
948 3661 1096 3725 locorum
1125 3663 1342 3728 necessitates
1358 3685 1481 3748 propo·

372 3779 502 3834 uantur.
519 3769 593 3831 Pari
610 3777 720 3830 autem
738 3767 937 3829 auctoritare
953 3785 1111 3848 expresse
1129 3767 1367 3846 interdicimus,
1378 3779 1481 3852 atque

370 3873 595 3958 prohibemus,
608 3890 650 3932 ne
666 3871 738 3952 quis
755 3871 878 3932 audeat
894 3867 945 3932 vel
963 3880 1153 3950 praesumat
1170 3870 1403 3955 eleemosynas
1420 3893 1481 3956 pro

347 4029 354 4060 ,
370 3980 474 4043 Terra
485 3977 610 4042 Sancta
619 3972 873 4057 quomodolibet
885 3971 1041 4034 collectas
1052 3975 1083 4035 in
1095 3973 1178 4036 alios
1194 3995 1274 4037 usus
1285 3987 1481 4040 convertere

369 4093 470 4164 atque
486 4083 671 4145 immutare.
699 4078 877 4156 Propterea
903 4075 1065 4152 iubemus,
1090 4077 1257 4155 collectas,
1273 4089 1310 4144 ut
1326 4081 1478 4162 superius

369 4184 495 4247 dictum
513 4193 572 4257 est,
587 4182 827 4259 eleemosynas,
852 4178 1034 4260 parochum
1065 4179 1243 4262 Episcopo
1266 4180 1476 4265 Episcopum

369 4288 500 4352 tradere
516 4283 713 4368 proximiori
741 4281 877 4346 Ordinis
894 4281 928 4346 S.
945 4281 1111 4345 Francisci
1139 4303 1200 4366 pro
1217 4283 1322 4349 Terra
1351 4285 1477 4352 Sancta

370 4389 608 4456 Commissario
624 4407 631 4463 ;
648 4387 735 4450 hunc
750 4396 862 4448 autem
879 4405 992 4448 curare
1003 4385 1155 4449 volumus
1168 4397 1205 4451 ut
1220 4389 1361 4454 eaedem
1373 4409 1476 4472 quarn
