3310 4868
441 361 492 412 DE
519 355 733 410 LIBERTATE
760 359 944 412 alunnum
1195 361 1243 430 99

149 545 300 610 voluntati
312 553 479 627 proponat
494 543 586 625 quod
602 561 815 625 nequaquam
832 543 876 607 sit
899 561 1015 625 reapse
1030 542 1167 621 bonum,
1182 545 1241 608 sed
1299 554 1394 650 Jfflm

146 650 258 714 habeat
279 648 514 714 adumbratam
530 648 677 731 speciem
694 647 783 726 boni,
804 659 906 732 atque
921 649 956 713 in
979 649 1013 713 id
1037 669 1111 714 sese
1125 649 1242 713 volun·
1314 651 1380 698 1388-

144 763 190 818 tas
212 753 364 839 applicet.
389 753 518 818 Verum
549 753 635 816 sicut
657 771 766 816 errare
794 772 893 832 posse
919 773 1022 836 reque
1036 754 1110 837 ipsa
1134 774 1242 819 errare
1305 762 1421 832 uacuum

143 858 249 922 vitium
264 868 324 935 est,
341 858 432 941 quod
448 866 596 920 mentem
613 875 681 919 non
697 856 790 920 omni
807 865 903 939 parte
925 854 1108 939 perfectam
1125 858 1244 940 arguit,
1271 821 1421 926 aialim„

143 961 250 1027 eodem
263 961 366 1026 modo
377 961 523 1044 arripere
533 960 638 1024 fallax
652 958 835 1044 fictumque
847 961 986 1039 bonum,
995 970 1069 1025 esto
1081 961 1241 1026 indicium
1269 939 1422 1045 {istm

144 1065 228 1130 liberi
254 1065 392 1143 arbitrii,
418 1065 505 1130 sicut
543 1064 721 1146 aegritudo
751 1065 851 1143 vitae,
878 1077 929 1128 est
967 1074 1081 1130 tamen
1123 1067 1241 1130 vitium
1269 1057 1422 1163 223⁸}de

141 1171 301 1253 quoddam
317 1169 490 1234 libertatis.
503 1169 556 1233 lta
572 1169 698 1250 pariter
712 1166 879 1246 voluntas,
891 1167 955 1232 hoc
966 1169 1041 1251 ipso
1048 1171 1176 1251 quoda
1192 1190 1241 1232 ra·
1291 1177 1400 1246 {murse-

140 1275 223 1337 tione
235 1273 371 1356 pendet,
383 1273 713 1357 quandoquidquam
725 1272 863 1354 appetat
874 1273 1099 1355 quodarecta
1113 1273 1242 1338 ratione
1269 1241 1347 1340 lilii
1382 1251 1421 1281 Μ’

137 1379 298 1458 dissideat,
308 1379 390 1442 vitio
400 1378 548 1463 quodam
560 1378 710 1442 funditus
726 1379 881 1460 inquinat
897 1378 1097 1455 libertatem,
1107 1381 1241 1444 eidem-

139 1502 196 1565 que
220 1501 375 1565 perverse
401 1483 514 1546 utitur.
540 1479 596 1548 Ob
632 1501 775 1564 eamque
805 1502 958 1546 caussam
988 1481 1082 1546 Deus
1113 1481 1242 1546 infinite
1268 1457 1419 1569 :wunn-

138 1585 305 1668 perfectus‚
320 1587 377 1669 qui
393 1605 470 1650 cum
486 1589 530 1648 sit
545 1605 676 1649 summe
701 1584 892 1668 intelligens
917 1596 951 1649 et
975 1605 1034 1668 per
1061 1587 1241 1650 essentiam

138 1689 269 1768 bonitas,
285 1699 339 1754 est
361 1691 463 1754 etiam
487 1709 619 1753 summe
635 1688 729 1766 liber,
744 1689 871 1752 malum
899 1689 1017 1773 culpae
1041 1691 1127 1754 velle
1151 1690 1243 1753 nulla
1271 1675 1419 1794 ‘'ffl‘efflss'

137 1795 256 1859 ratione
270 1804 401 1879 potest;
417 1813 478 1858 nec
494 1803 645 1877 possunt,
655 1803 792 1876 propter
814 1794 1136 1875 contemplationem
1153 1815 1242 1859 sum·
1271 1795 1298 1838 ³²¹
1314 1795 1420 1898 9⁶⁰3&

137 1900 176 1963 mi
188 1899 274 1978 boni,
291 1899 383 1962 beati
410 1898 556 1964 coelites.
573 1897 666 1963 Scite
693 1897 906 1980 Augustinus
934 1898 1058 1982 aliique
1083 1901 1242 1963 adversus
1269 1868 1352 1966 illim
1383 1868 1409 1898 ‘a

136 2002 329 2086 Pelagianos
349 2003 413 2066 hoc
441 2003 764 2078 animadvertebant,
779 2003 807 2066 si
834 2023 934 2084 posse
958 2001 1100 2067 deficere
1116 2025 1136 2067 a
1153 2003 1243 2066 bono

134 2109 313 2172 secundum
345 2117 499 2170 naturam
524 2116 613 2169 esset
640 2105 948 2189 perfectionemque
975 2105 1147 2183 libertatis,
1174 2107 1241 2170 iam

135 2211 230 2289 Deus,
242 2211 355 2276 IESUS
371 2209 572 2288 CHRISTUS,
591 2208 711 2292 angeli,
727 2209 827 2286 beati,
839 2210 871 2273 in
889 2211 1010 2294 quibus
1029 2211 1186 2274 omnibus
1202 2232 1242 2274 ea

131 2322 273 2394 potestas
299 2333 368 2378 non
393 2323 453 2392 est,
480 2323 630 2377 autnon
658 2324 770 2377 essent
798 2314 902 2390 liberi,
930 2325 988 2379 aut
1015 2323 1105 2377 certe
1130 2314 1240 2378 minus

132 2419 270 2499 perfecte
285 2428 409 2494 essent,
432 2437 533 2500 quam
559 2419 663 2482 homo
684 2419 793 2481 viator
820 2427 920 2499 atque
946 2418 1171 2499 imperfectus.
1189 2419 1241 2483 De
1280 2407 1284 2418 ’

132 2543 191 2605 qua
205 2543 239 2587 re
265 2523 398 2586 Doctor
418 2521 605 2604 Angelicus
633 2521 739 2586 multa
756 2541 856 2604 saepe
873 2522 1033 2603 disputat,
1052 2543 1097 2585 ex
1120 2524 1241 2606 quibus

131 2625 208 2690 effici
229 2627 376 2708 cogique
402 2634 523 2706 potest,
546 2623 742 2688 facultatem
767 2624 930 2706 peccandi
956 2644 1023 2688 non
1051 2625 1240 2690 libertatem
1266 2633 1289 2674 t!
1313 2628 1417 2696 sepum

130 2751 204 2808 esse,
218 2732 279 2795 sed
297 2730 502 2793 servitutem.
517 2728 744 2794 Subtilissime
759 2727 841 2792 illud
866 2730 899 2792 in
917 2729 1018 2792 verba
1035 2727 1158 2794 Christi
1171 2731 1240 2794 Do·
1266 2693 1419 2814 quillma

133 2834 205 2896 mini
216 2833 303 2916 (1),‹
320 2832 388 2915 Qui
400 2833 479 2896 facit
495 2842 682 2914 peccatum,
698 2851 812 2894 servus
836 2841 887 2894 est
912 2830 1041 2915 peccati
1055 2845 1093 2900 :b
1115 2831 1242 2896 Unum·
1266 2807 1344 2911 ss?
1368 2805 1417 2848 dm

131 2939 269 3021 quodque
279 2947 331 3001 est
338 2935 431 3011 illud,
440 2935 529 3018 quod
535 2935 683 2999 convenit
697 2935 730 2998 εἰ
736 2935 910 2998 secundum
923 2946 1087 3000 naturam.
1104 2935 1243 3014 Quando

131 3063 199 3126 ergo
213 3051 365 3106 movetur
386 3041 428 3104 ab
453 3039 564 3123 aliquo
578 3050 738 3118 aurunco,
754 3061 817 3102 non
832 3050 985 3122 operatur
1007 3041 1181 3104 secundum
1201 3064 1243 3120 se,

131 3149 183 3209 sed
204 3147 246 3212 ab
274 3145 484 3229 impresszona
507 3145 654 3226 alterius,
678 3144 767 3227 quod
786 3153 835 3206 est
859 3145 985 3210 servae.
1001 3144 1110 3208 Homo
1134 3157 1244 3210 autem

130 3251 301 3314 tenendum
316 3269 413 3312 suam
430 3257 587 3311 naturam
598 3257 648 3311 est
662 3247 846 3310 rationalis.
859 3245 998 3324 Quando
1008 3267 1083 3328 argo
1099 3259 1248 3312 movetur

131 3355 302 3418 secundum
328 3353 498 3430 rationem,
514 3351 648 3434 proprio
673 3361 761 3414 motu
798 3361 998 3426 nrourturet
1017 3353 1192 3416 secundum
1212 3375 1246 3417 sa

132 3467 305 3539 operatur:
326 3455 417 3539 quod
432 3465 481 3518 ast
500 3453 665 3518 libertatis
673 3478 689 3530 ,·
713 3453 843 3536 quando
868 3475 944 3517 vero
954 3463 1070 3536 peccat,
1095 3467 1249 3536 operatur

127 3571 256 3642 praeter
270 3560 443 3635 rationem,
457 3567 488 3622 et
502 3568 579 3622 tunc
592 3567 743 3622 mouetur
755 3559 853 3640 quasi
865 3558 907 3622 ab
924 3557 999 3636 alio,
1015 3569 1158 3624 retentus
1184 3572 1245 3625 ter·

132 3667 229 3730 minis
243 3665 419 3730 alienun
433 3663 503 3726 ideo
516 3664 601 3745 aqui
612 3662 690 3726 facit
701 3673 887 3745 peccatum,
897 3682 1009 3726 servus
1020 3674 1070 3727 est
1083 3667 1246 3748 peccati».

135 3769 287 3853 -Quod
300 3771 382 3833 satis
405 3769 581 3851 perspicue
593 3769 667 3850 ipsa
691 3767 821 3830 viderat
847 3767 1060 3849 philosophia
1087 3779 1246 3853 veterum,

132 3885 230 3956 atque
246 3872 269 3936 ii
286 3873 464 3955 praecipue
485 3891 627 3953 quorum
638 3881 687 3934 est
704 3869 866 3948 doctrina,
880 3871 942 3934 nisi
958 3873 1154 3953 sapientem,
1165 3873 1247 3936 libe·

134 3996 202 4040 rum
231 3995 306 4040 esse
328 3977 516 4039 neminem:
543 3974 732 4056 sapientem
760 3993 848 4050 vero,
870 3975 918 4036 uti
944 3972 1159 4055 exploratum
1186 3984 1246 4050 est,

135 4079 364 4156 nominabant,
386 4080 444 4161 qui
480 4087 674 4141 constanter
696 4077 880 4140 secundum
909 4085 1073 4153 naturam,
1099 4075 1162 4140 hoc
1195 4089 1247 4142 est

136 4183 275 4248 honeste
291 4192 415 4247 etcum
432 4184 555 4249 virtute
571 4183 682 4245 vivere
698 4181 879 4245 didicisset.

165 4419 185 4456 1.
198 4405 280 4460 loen.
292 4415 393 4466 v111.34.
