3194 4872
306 363 356 416 DE
382 361 644 416 ELEEMOSYNIS
672 361 744 414 PRO
770 361 877 414 LOCIS
905 361 1071 414 SANCTIS.
1191 367 1238 440 39

143 553 235 616 citius
266 548 477 615 Hierusalem
503 549 547 614 ad
577 558 770 614 sanctorum
800 547 949 612 locorum
981 547 1177 626 Custodem,
1205 558 1240 614 ut
1270 566 1419 651 mggm

144 655 239 717 moris
254 663 314 730 est,
328 653 606 718 transmittantur.
628 652 855 716 Decernentes
881 661 1072 734 praesentes
1097 651 1242 716 Litteras
1270 613 1378 715 ’Μ’-1887

143 753 258 834 firmas,
272 755 401 820 validas
416 764 450 820 et
465 753 616 820 efficaces
631 774 763 838 semper
778 755 922 818 existere
938 761 971 818 et
987 754 1079 818 lore·
1072 775 1243 839 ,suosque
1272 750 1419 866 mim

142 861 302 944 plenarios
328 861 477 943 integros
501 869 536 924 et
562 857 701 924 effectus
716 859 825 924 sortiri
841 867 874 922 et
890 858 1050 938 obtinere,
1065 881 1104 924 ac
1120 860 1184 924 illis
1199 859 1243 925 ad
1268 815 1419 974 313„an

143 983 224 1047 quos
248 973 377 1048 spectat
401 974 436 1029 et
462 984 524 1048 pro
550 975 703 1047 ternpore
726 962 980 1046 quomodolibet
1007 965 1218 1047 spectabitst
1209 985 1243 1029 ιιι
1278 999 1335 1031 rum
1353 987 1409 1033 rocta-

143 1067 292 1132 omnibus
314 1077 349 1132 et
376 1089 435 1152 per
450 1069 565 1132 omnia
591 1067 784 1150 plenissime
811 1063 994 1149 suffragari,
1010 1087 1049 1131 ac
1065 1068 1193 1132 irritum
1210 1078 1243 1133 et
1269 1103 1320 1148 um
1270 1046 1420 1152 m'fffij

142 1169 236 1235 inane
263 1191 347 1250 esse,
370 1172 398 1235 si
429 1173 509 1254 quid
538 1191 632 1235 secus
663 1171 840 1255 superbis
870 1190 889 1234 a
920 1190 1100 1254 quoquam,
1126 1173 1292 1256 quavis*
1269 1165 1389 1211 ’Μ”Μ

138 1275 342 1354 auctoritate,
356 1276 500 1340 scienter
514 1275 566 1339 vel
583 1277 783 1358 ignoranter,
796 1274 973 1358 contigerit
985 1276 1151 1340 attentari.
1164 1276 1241 1340 Non

139 1377 347 1444 obstantibus
363 1379 668 1446 Constitutionibus
685 1388 718 1443 et
734 1379 1001 1443 ordinationibus
1024 1380 1242 1464 Apostolicis,

139 1495 277 1548 necnon
296 1484 432 1568 speciali
448 1484 527 1548 licet
541 1493 642 1566 atque
658 1484 830 1548 individua
846 1485 1015 1549 mentione
1039 1506 1078 1550 ac
1102 1486 1242 1568 deroga·

137 1586 223 1650 tione
248 1587 364 1670 dignis
389 1589 423 1651 in
450 1589 653 1653 contrarium
671 1588 869 1652 iacientibus
883 1587 1157 1672 quibuscumque.
1174 1589 1241 1654 De·

138 1692 232 1776 nique
246 1691 414 1771 volumus,
429 1701 467 1756 ut
482 1693 707 1775 praesentium
725 1691 926 1757 Litterarum
944 1695 1171 1777 transumptis,
1183 1714 1240 1758 seu

138 1795 302 1880 exemplis
326 1795 428 1860 etiam
456 1796 636 1878 impressis,
660 1814 761 1858 manu
792 1794 932 1858 alicuius
958 1796 1089 1861 Notarii
1115 1797 1240 1880 publici

137 1899 329 1984 subscriptis
359 1911 393 1966 et
423 1899 534 1984 sigillo
564 1920 725 1982 personae
756 1901 788 1963 in
821 1899 1045 1964 ecclesiastica
1075 1901 1240 1984 dignitate

136 2006 338 2069 constitutae
353 2005 500 2082 munitis,
529 2004 647 2069 eadem
673 2023 806 2085 prorsus
822 2001 905 2066 fides
931 2004 1138 2082 adhibeatur,
1153 2024 1240 2088 quae

134 2106 346 2172 adhiberetur
371 2109 452 2190 ipsis
476 2107 707 2192 praesentibus
733 2107 760 2168 si
786 2105 895 2170 forent
920 2106 1091 2171 exhibitae
1115 2107 1167 2170 vel
1187 2127 1239 2170 os·

132 2219 250 2276 tensae

171 2311 303 2378 Datum
321 2314 451 2378 Rornae
467 2313 557 2396 apud
575 2310 608 2376 S.
626 2311 760 2376 Petrum
777 2310 840 2375 sub
867 2309 968 2375 anulo
985 2311 1161 2375 Piscatoris
1182 2312 1238 2376 die

133 2417 171 2480 26
185 2418 387 2483 Decembris
407 2419 499 2500 1887,
515 2415 733 2482 Pontificatus
750 2415 867 2479 Nostri
883 2435 973 2480 anno
988 2415 1129 2510 decimo.

444 2521 449 2532 ’
564 2573 612 2638 M.
635 2569 750 2638 cino.
775 2567 1149 2636 asuocflowsm.

438 3737 441 3744 ,
555 3333 811 3604 uns
