3310 4868
335 397 386 448 DE
405 395 645 447 REVOCANDIS
663 396 715 446 An
735 396 935 448 UNITATEM
953 396 1152 448 ARMENIIS.
1228 393 1295 468 135

186 604 246 668 qur
237 583 444 648 Romanae
458 581 632 646 Ecclesiae
647 581 872 646 adhaeserunt
886 581 1019 660 arctius,
1047 581 1301 664 maximamque
1390 617 1406 650 2

186 687 329 752 luisse”
306 685 505 752 rrssaeculis
521 685 667 750 nationis
692 684 845 768 gloriam,
859 685 1018 769 quibus'
1009 705 1042 748 m
1071 705 1111 749 ea
1134 683 1302 750 catholica
1352 663 1447 761 Ῑξῷρρῖ

188 791 308 875 religio
319 791 484 856 latissime
499 789 620 855 floruit.
1327 799 1380 841 Μ’
1390 795 1481 856 conser-

233 895 296 962 Uti
322 895 406 958 haec
434 895 532 959 iuxta
555 903 635 958 vota
659 902 695 957 et
719 913 764 957 ex
781 893 949 959 sententia
964 895 1090 960 cedant
1105 915 1191 960 unus
1208 916 1349 983 prae·
1328 859 1371 902 m

186 1010 279 1065 stare
294 1009 406 1084 potest
423 1019 533 1063 rerum
557 999 709 1063 omnium
737 999 929 1062 moderator
956 999 1051 1063 Deus
1076 1000 1133 1082 qui
1156 1021 1235 1082 quos
1253 1001 1304 1064 di·

181 1115 315 1189 gnome
326 1112 429 1182 vocat,
442 1114 475 1167 et
488 1124 582 1188 quem
598 1102 672 1168 vult
686 1103 873 1186 relegiosum
880 1100 1034 1186 facit(¹).
1044 1103 1102 1168 Ad
1120 1103 1209 1168 Eum
1226 1125 1305 1189 sup·

189 1209 294 1294 plices
310 1209 498 1274 Nobiscum
523 1208 684 1272 adhibete
708 1227 834 1290 preces,
858 1207 1079 1272 Venerabiles
1105 1207 1248 1286 Fratres,
1264 1229 1304 1273 ac

187 1313 302 1379 dilecti
319 1311 388 1391 filii,
404 1322 441 1378 ut
456 1311 641 1376 flexanima
658 1311 742 1376 Eius
753 1311 865 1394 gratia
882 1312 965 1376 moti
981 1321 1150 1396 quotquot
1167 1332 1186 1376 e
1201 1323 1303 1396 gente
1342 1347 1455 1396 ,qm-1„
1457 1363 1480 1394 „,

186 1425 299 1482 vestra
322 1437 382 1500 per
404 1415 639 1499 baptismum
629 1415 770 1497 mgressi
788 1415 821 1477 in
838 1414 1041 1479 christianae
1057 1415 1146 1479 vitae
1162 1416 1302 1480 societa·
1328 1481 1400 1513 m

186 1529 258 1584 tem
275 1519 464 1583 seiunctum
480 1538 500 1581 a
516 1517 625 1582 Nobis
650 1526 785 1582 coetum
810 1515 947 1594 habent,
971 1516 1136 1600 impleant
1160 1517 1203 1582 ad
1231 1516 1371 1582 Nosn
1324 1527 1371 1588 ein
1373 1527 1396 1572 is
1410 1528 1482 1574 enixe

187 1642 310 1688 reversi
301 1622 488 1705 gaudium
501 1621 675 1699 Nostrum,
685 1621 771 1686 edem
782 1621 961 1703 sapientes
975 1621 1122 1685 eamdem
1131 1623 1303 1687 carnatem
1329 1587 1479 1695 nfflth.

185 1724 346 1804 habentes,
373 1726 555 1803 unanimes,
584 1725 728 1808 idipsum
753 1725 928 1790 sentientes
950 1726 1001 1809 (2).
1030 1726 1236 1792 Contendite
1266 1737 1304 1792 ut
1338 1705 1447 1810 J‘Jssssm
1419 1720 1474 1812 „2

186 1825 406 1913 suffragatrix
422 1831 511 1894 adsit
527 1809 617 1914 apud
634 1831 764 1913 gratiae
789 1830 947 1894 thronum
959 1829 1116 1914 gloriosa,
1132 1829 1304 1910 benedicta,
1329 1824 1396 1872 tores.

184 1943 310 2013 sancta,
323 1945 450 2015 semper
466 1934 569 2018 Virgo
579 1934 730 2016 Bepara
739 1933 869 2012 Marica,
887 1933 1016 2001 christi
1023 1944 1172 1999 meteret
1184 1933 1304 2001 offerat

177 2049 293 2122 preces
308 2050 438 2103 nostras
452 2039 542 2103 Filio
556 2060 614 2102 suo
628 2049 661 2102 et
674 2038 744 2102 Deo
760 2047 870 2102 nostro
884 2038 935 2122 (3).
950 2039 1159 2122 Deprecator
1174 2059 1304 2104 cumea

185 2143 389 2208 adhibeatur
404 2155 533 2225 martyr
548 2143 685 2207 illustris
711 2142 893 2224 Gregorius
920 2142 1143 2221 Illuminator,
1164 2154 1201 2209 ut
1216 2163 1303 2227 opus

187 2247 231 2312 ab
246 2269 284 2310 se
300 2247 470 2312 laboribus
486 2247 678 2330 invictaque
704 2248 911 2311 cruciatuum
933 2247 1150 2330 perpessione
1166 2245 1301 2310 inchoa-

186 2361 271 2428 tum,
292 2352 427 2416 divinae
443 2353 596 2416 minister
610 2352 694 2434 opis,
710 2351 863 2434 perficiat
876 2350 1077 2434 solidetque.
1094 2351 1252 2433 Denique
1267 2359 1302 2414 et

167 2456 281 2550 illud,
297 2456 426 2520 Nostra
452 2465 634 2540 praeeunte
660 2475 768 2538 prece,
794 2455 969 2538 deposcite
996 2465 1033 2520 ut
1058 2455 1300 2520 Armeniorum
1374 2485 1452 2532 wi,
1420 2501 1478 2533 nm

184 2561 342 2626 docilitas
367 2561 562 2642 reditusque
585 2559 629 2624 ad
654 2561 819 2625 unitatem
846 2558 1048 2624 catholicam
1077 2558 1238 2644 exemplo
1268 2569 1302 2624 et
1328 2545 1481 2652 ζῗζᾞ

185 2665 409 2730 incitamento
424 2665 468 2729 sit
482 2665 602 2728 ceteris
617 2685 675 2747 qur
667 2665 863 2731 Christum
888 2664 1026 2747 quidem
1051 2663 1176 2741 colunt,
1196 2663 1256 2727 sed
1282 2685 1301 2726 a
1350 2663 1404 2709 red
1404 2669 1456 2710 tun

1346 2724 1455 2769 ailonem

187 2772 347 2836 Romana
364 2768 516 2834 Ecclesia
527 2779 745 2847 secesserunt,
761 2779 797 2834 ut
814 2770 891 2832 illuc
904 2769 1044 2834 redeant
1055 2770 1146 2876 unde
1160 2769 1358 2854 digressio
1342 2783 1409 2828 mee
1393 2798 1465 2829 aaa

185 2885 277 2953 sunt,
292 2873 418 2958 fiatque
434 2893 539 2938 unum
554 2874 643 2938 ovile
657 2883 691 2938 et
707 2893 793 2938 unus
810 2875 937 2939 Pastor.
1327 2842 1397 2960 ΚΞ,
1399 2843 1477 2948 „iod

233 2979 330 3044 Haec
345 2979 426 3044 dum
443 2979 531 3044 votis
547 2989 581 3042 et
596 2998 657 3062 spe
672 2978 799 3043 Nostra
809 2979 1051 3062 prosequimur,
1064 2979 1300 3062 Apostolicam
1323 2975 1401 3080 {224
1417 2969 1479 3022 pm

186 3084 469 3160 benedictionem,
485 3083 619 3148 divinae
629 3083 850 3165 benignitatis
863 3085 1044 3166 auspicem,
1056 3084 1175 3162 Vobis,
1187 3085 1301 3150 Vene-

186 3189 310 3254 rabiles
323 3188 466 3265 Fratres,
481 3188 644 3272 vobisque
661 3189 832 3266 universis,
841 3188 955 3253 dilecti
965 3187 1033 3266 filii,
1044 3187 1149 3254 effusa
1160 3191 1302 3256 caritate

187 3292 412 3374 impertimus.

233 3398 363 3462 Datum
392 3397 523 3462 Rornae
550 3397 641 3479 apud
670 3397 703 3464 S.
721 3399 858 3462 Petrum
874 3398 930 3462 die
947 3411 986 3479 25
1006 3397 1082 3462 Iulii
1103 3402 1196 3477 1888,
1213 3401 1300 3466 Pon·

188 3500 338 3570 tificatus
355 3503 471 3568 Nostri
488 3523 579 3567 anno
594 3503 782 3567 undecimo.

713 3641 808 3708 LEO
827 3643 889 3707 ΡΡ.
902 3641 993 3707 XIIl

218 3835 239 3870 1.
258 3823 282 3870 S.
296 3824 408 3871 Ambroe
422 3825 446 3870 in
458 3825 528 3881 Luc,
541 3839 561 3872 c.
575 3835 612 3872 ιν.
623 3850 654 3860 -
663 3840 684 3872 a.
705 3825 840 3884 Philip.,11,
852 3840 874 3875 a.
887 3843 948 3888 -3.
961 3831 1044 3890 Atiph.
1059 3832 1150 3892 liturg.
1164 3831 1230 3878 Arm.
