3230 4874
275 724 323 784 ad
342 723 581 786 Cardlnalsm
601 725 851 798 Banavidssy
871 725 1079 786 Navarrsts
1198 695 1248 809 {³

303 931 639 1007 archiepiscopum
663 933 1062 1004 caesaraugustanum.

163 1481 595 1556 QUAWSSIME
619 1479 732 1548 affecti
765 1501 881 1546 sumus
907 1482 1055 1565 perlecta
1082 1483 1237 1568 epistolai
1273 1497 1409 1586 Noym

193 1596 242 1746 S
286 1559 312 1702 ξ,
340 1605 444 1671 quam
461 1585 614 1652 sensibus
630 1584 773 1670 egregiis
790 1584 948 1651 refertam
965 1587 1008 1651 ad
1026 1587 1100 1652 Nos
1114 1588 1237 1668 dedist,
1305 1593 1373 1656 18⁹⁰·
1408 1571 1416 1582 ’

343 1689 481 1755 nomine
512 1689 744 1774 Hispanorum
775 1686 935 1766 fidelium,
961 1689 1019 1772 qui
1050 1692 1235 1759 secundum
1302 1704 1418 1766 emsa

345 1802 549 1859 conventum
566 1793 711 1858 suumin
728 1793 793 1858 ista
808 1793 946 1858 civitate
958 1793 1078 1859 illustri
1090 1794 1236 1864 celebra·
1253 1766 1418 1887 fwffl

129 1904 216 1960 runt
233 1895 305 1960 Vix
322 1897 412 1962 enim
439 1897 512 1962 sine
534 1897 747 1963 dubitatione
773 1895 939 1962 affirmare
964 1917 1141 1980 possemus
1155 1901 1237 1985 quid
1263 1895 1418 1996 mgni]

130 2000 239 2083 magis
254 2003 288 2065 in
306 2001 346 2067 iis
361 2001 481 2068 litteris
498 1999 609 2066 mirati
625 2002 739 2079 simus,
754 2021 796 2065 an
820 2001 1014 2067 testimonia
1030 2003 1190 2088 antiquae
1204 2016 1239 2072 et
1263 2008 1373 2116 Ἠῶ

129 2104 315 2170 constantis
331 2102 419 2184 fidei,
434 2125 521 2190 quae
544 2103 709 2170 maiorum
734 2114 922 2170 vestrorum
939 2107 1070 2173 animos
1090 2107 1239 2178 incendit
1349 2095 1355 2116 ¹

130 2226 170 2272 ac
185 2217 319 2274 tantum
335 2210 465 2293 patriae
479 2218 611 2276 vestrae
626 2208 742 2274 attulit
756 2211 868 2288 decus,
893 2229 935 2274 an
963 2210 1091 2276 sincera
1115 2213 1240 2280 indicia

130 2309 241 2376 filialis
257 2333 337 2397 erga
352 2313 426 2378 Nos
441 2312 544 2378 studii
560 2321 594 2378 et
614 2332 767 2379 summae
791 2313 826 2377 iu
854 2313 1088 2396 Apostolicam
1115 2315 1239 2382 Sedem

131 2414 376 2484 observantiae.
390 2453 435 2468 -
450 2416 554 2482 Plane
581 2437 626 2480 ex
641 2416 705 2481 hac
728 2414 795 2480 fide
819 2415 919 2481 simul
945 2423 980 2481 et
1006 2413 1099 2481 filiali
1126 2418 1239 2485 studio
1267 2428 1394 2498 imprimis

132 2521 316 2606 proiectam
333 2522 562 2589 intelleximus
578 2521 837 2588 sollicitudinem
855 2538 958 2605 quam
973 2519 1098 2604 geritis,
1107 2530 1145 2588 ut
1157 2520 1241 2587 liber
1265 2489 1377 2594 {wie
1389 2501 1418 2533 ⁰⁶

132 2627 272 2694 omnino
288 2648 398 2714 neque
412 2627 513 2693 ullius
526 2627 688 2711 potestati
705 2625 875 2691 obnoxius
902 2625 946 2690 sit
972 2643 1148 2710 supremus
1175 2625 1240 2690 Ec·
1266 2606 1382 2713 {mi

132 2729 253 2795 clesiae
267 2733 433 2812 Antiates,
450 2749 550 2817 quem
568 2729 719 2815 nequitia
733 2729 910 2794 hominum
935 2737 969 2793 et
992 2727 1124 2794 insensa
1148 2731 1199 2794 vis
1222 2749 1241 2795 c
1266 2732 1402 2833 πῶς

131 2836 220 2902 civili
236 2839 425 2922 principatu
441 2835 608 2902 deiectum
624 2834 659 2900 in
675 2835 906 2901 conditionem
923 2835 1089 2914 miseram,
1103 2835 1241 2919 periculi
1267 2845 1297 2892 ab
1328 2844 1418 2903 iniqua

133 2941 270 3025 plenam
301 2962 340 3006 ac
367 2938 511 3006 similem
539 2939 690 3005 servituti
721 2938 880 3005 detraxit.
912 2938 969 3003 Ex
1000 2938 1092 3004 hisce
1122 2941 1241 3006 studiis
1266 2910 1418 3026 waic.

133 3045 253 3110 vestris
268 3065 335 3110 non
361 3043 434 3109 leve
450 3042 559 3109 Nobis
585 3042 722 3109 obvenit
744 3041 902 3107 solatium
928 3041 1095 3107 intereas
1119 3042 1241 3128 quibus

134 3149 317 3231 premimur
329 3148 528 3214 acerbitates
544 3157 578 3212 et
593 3167 698 3214 curas.
715 3145 831 3230 Quum
857 3147 947 3212 enim
974 3145 1052 3211 hinc
1078 3165 1243 3230 angantur

135 3253 314 3336 impiorum
331 3252 517 3330 conatibus,
533 3250 590 3336 qui
606 3249 749 3316 scelesto
763 3249 900 3316 foedere
923 3249 1027 3314 iuncti
1055 3248 1137 3314 nihil
1165 3249 1243 3314 mis·

136 3375 210 3420 sum
227 3355 363 3433 iaciunt,
379 3366 416 3420 ut
432 3355 581 3438 cogitata
605 3352 789 3439 perficiant,
812 3351 938 3418 bellum
966 3362 1119 3436 gerentes
1143 3362 1244 3420 atrox

135 3469 170 3524 et
184 3461 341 3544 pertinax
359 3461 519 3525 adversus
536 3458 722 3524 Ecclesiam
738 3459 877 3540 eiusque
902 3465 1014 3541 caput,
1028 3455 1126 3523 iacile
1147 3457 1244 3524 intel·

136 3562 223 3628 lectu
240 3572 292 3629 est
307 3571 514 3649 quantopere
530 3561 604 3627 Nos
619 3560 736 3628 laetari
749 3569 904 3644 oporteat
914 3578 1017 3646 quum
1030 3560 1105 3625 istic
1116 3569 1244 3645 specte·

136 3687 210 3731 mus
227 3665 313 3732 filios
329 3667 421 3746 lucis,
436 3667 613 3732 Pastorum
629 3666 743 3742 ductu,
758 3666 792 3728 in
808 3684 912 3729 unum
936 3669 1096 3730 coeuntes
1120 3663 1245 3732 delibe-

136 3780 246 3835 ratum
262 3772 305 3836 de
335 3770 457 3854 potiori
485 3771 614 3836 ratione
644 3779 679 3834 et
708 3789 783 3853 ope,
812 3789 881 3853 qua
912 3767 1065 3851 legitima
1094 3765 1246 3834 defensio

135 3875 285 3958 paranda
301 3875 353 3953 sit,
368 3895 407 3939 ac
432 3873 496 3940 sibi
523 3873 667 3938 invicem
695 3872 859 3937 addentes
884 3871 1017 3936 animos
1032 3869 1075 3936 ad
1091 3889 1244 3936 caussam

139 3981 202 4045 Dei
219 3987 413 4044 constanter
436 3987 639 4060 strenueque
666 3974 840 4042 tuendam.
862 4011 907 4024 -
933 3973 990 4040 Ad
1017 3973 1106 4040 hanc
1131 3983 1245 4040 autent

137 4083 357 4168 voluptatem,
380 4101 483 4167 quarn
508 4101 554 4146 ex
579 4089 746 4146 conventu
770 4091 883 4145 vestro
906 4079 1066 4163 cepimus,
1091 4077 1245 4144 cumulus
1271 4046 1423 4152 :umisa

139 4187 288 4266 accessit,
303 4207 379 4252 cum
396 4206 441 4252 ex
458 4183 702 4270 Episcoporum
720 4202 870 4262 numero,
885 4184 941 4268 qui
966 4183 1082 4268 stipati
1107 4182 1244 4250 lectissi·
1269 4171 1424 4288 223&ss

142 4293 206 4357 mis
222 4313 265 4357 ex
282 4291 375 4357 omni
391 4290 509 4356 ordine
524 4287 602 4354 viris
628 4287 781 4354 doctrina
806 4296 841 4352 et
865 4285 1051 4352 litterarum
1078 4287 1246 4372 elegantia
1273 4299 1367 4334 corona.

145 4397 394 4482 praestantibus
418 4415 462 4460 ex
487 4393 642 4460 universa
669 4391 836 4476 Hispania
863 4391 949 4457 istuc
972 4411 1166 4472 convenere,
1189 4394 1247 4460 ubi
