3310 4868
360 315 428 403 146
596 334 702 387 Mo'rU
731 333 891 384 ssorum
921 321 941 350 ‘⁴
960 333 1169 387 aucusuuu
1187 369 1208 398 „

191 529 307 635 ἔξω
353 521 560 601 posteritatis
587 520 721 586 laudem
750 521 782 584 in
800 529 1032 604 contemptum
1049 529 1082 585 et
1099 521 1258 594 invidiam
1283 521 1462 586 adducant.

175 595 323 754 ‚mim
353 623 444 690 Sane
464 626 507 689 ad
524 625 585 689 has
601 624 733 692 fraudes
749 625 946 690 evertendas
964 624 1045 688 nihil
1062 625 1173 707 aptius
1189 645 1228 688 ac
1244 624 1387 688 validius
1402 633 1462 702 est,

181 767 233 815 m
244 710 324 816 affl}
352 745 453 809 quam
471 727 504 789 in
521 728 635 810 aprico
650 728 761 811 posita
784 727 948 792 factorum
976 729 1107 804 veritas,
1129 727 1398 792 ineluctabilibus
1414 735 1462 791 te·

351 838 440 894 stata
456 833 685 896 monumentis
701 831 885 896 litterarum
903 841 936 895 et
947 834 1077 896 artium.
1092 830 1205 914 Quum
1217 832 1460 914 ingenseorum

350 935 449 1017 copia
460 944 619 1019 suppetat
631 937 664 1000 in
678 935 845 1000 Vaticana
856 935 1074 1013 Bibliotheca,
1087 935 1207 1000 merito
1219 935 1408 999 censuimus
1421 955 1462 998 eo

350 1037 471 1102 clarius
493 1038 606 1104 lumen
631 1038 824 1124 firmiusque
842 1039 1046 1124 praesidium
1068 1060 1114 1102 ex
1129 1039 1188 1103 illa
1213 1039 1282 1121 peti
1304 1057 1404 1122 posse
1418 1037 1459 1102 ad

349 1141 583 1209 illustrandam
611 1145 796 1222 veritatem,
823 1146 865 1208 ad
891 1145 1052 1209 tuendam
1079 1163 1147 1207 rem
1176 1143 1388 1219 catholicam,
1417 1142 1459 1206 ad

349 1245 577 1330 profligandos
599 1269 735 1326 errores,
750 1269 819 1331 quo
834 1248 959 1330 largius
983 1250 1201 1312 instrueretur
1217 1247 1375 1312 subsidiis
1390 1265 1460 1310 om-

350 1350 448 1414 nibus
475 1372 513 1414 ac
543 1351 743 1424 ministeriis,
769 1351 891 1434 quibus
918 1351 1059 1416 efficitur
1075 1373 1117 1416 ne
1143 1353 1225 1435 quid
1252 1351 1459 1416 inconditum

349 1462 408 1516 aut
424 1453 685 1536 incompositum
710 1455 801 1519 inea
827 1457 880 1532 sit,
905 1466 1007 1540 atque
1024 1456 1162 1522 eruditis
1180 1455 1351 1520 maximae
1367 1474 1459 1538 prae·

349 1554 470 1619 bentur
482 1560 841 1641 opportunitatesque
857 1558 984 1624 facilior
996 1562 1040 1624 sit
1054 1560 1288 1624 thesaurorum
1305 1559 1338 1621 id
1356 1577 1460 1640 genus

349 1658 547 1743 exploratio.

394 1763 508 1846 Quum
535 1765 650 1848 itaque
667 1765 701 1829 id
729 1765 844 1830 animo
869 1768 1130 1846 intenderemus,
1150 1786 1255 1832 novas
1280 1765 1460 1830 statuimus

348 1867 462 1932 iubere
478 1869 569 1951 leges
585 1870 628 1933 de
653 1871 840 1934 ordinanda
853 1869 1073 1946 Bibliotheca,
1082 1873 1192 1955 deque
1207 1870 1328 1934 officiis
1345 1889 1458 1936 eorum

348 1972 405 2054 qui
416 1973 446 2034 ei
459 1982 618 2055 praesunt
628 1973 680 2036 vel
694 1973 1019 2057 ministrant,easque
1028 1974 1460 2058 complexiConstitutione

203 2088 278 2146 Quem
291 2086 326 2133 aa
349 2075 476 2140 Nostra
492 2087 587 2140 motu
603 2077 738 2159 proprio
753 2077 845 2140 edita
869 2077 925 2141 die
940 2091 996 2140 x11
1024 2077 1187 2142 kalendas
1207 2077 1345 2161 Apriles
1370 2098 1460 2142 anno

164 2149 324 2266 {22⁶⁸ssss
350 2192 603 2244 MDCCCLxxxv
625 2180 748 2244 servari
779 2181 822 2242 ad
853 2188 988 2261 tempus
1010 2181 1244 2265 praecepimus
1260 2181 1457 2264 experiendi

171 2265 319 2386 ww
349 2302 475 2348 caussa
494 2283 648 2347 Iamvero
664 2284 843 2348 triennium
860 2285 1054 2367 etamplius
1071 2285 1218 2367 periculo
1235 2285 1335 2362 facto,
1352 2286 1458 2350 multa

172 2385 315 2491 :culm
347 2408 392 2453 ex
432 2388 472 2451 iis
503 2388 657 2471 probavit
694 2389 913 2470 experientia,
940 2389 1102 2454 nonnulla
1144 2391 1316 2454 immutari
1345 2391 1458 2456 suasit.

313 2477 320 2499 ’
348 2490 481 2575 Quibus
525 2493 624 2557 sicuti
656 2512 741 2575 opus
782 2503 854 2556 erat
890 2493 1088 2570 emendatis,
1118 2505 1320 2559 memoratas
1359 2495 1456 2578 leges

347 2596 587 2662 confirmamus
617 2605 651 2661 et
685 2594 853 2660 sancimus
885 2596 1061 2662 Pontificia
1086 2599 1288 2664 auctoritate
1324 2600 1459 2676 Nostra,

347 2702 483 2784 vimque
510 2701 593 2782 legis
624 2710 805 2784 perpetuae
830 2700 982 2765 obtinere
1009 2703 1163 2767 iubemus
1179 2721 1223 2766 ex
1239 2703 1294 2766 die
1309 2704 1383 2785 ipsa
1406 2703 1459 2766 his

348 2806 468 2870 litteris
484 2806 619 2869 Nostris
636 2807 813 2888 adscripta.

392 2910 614 2974 Decernimus
645 2919 757 2975 autem
782 2919 816 2972 et
836 2929 997 2992 expresse
1027 2909 1236 2975 declaramus
1266 2919 1459 2993 praesentes

349 3012 477 3078 litteras
492 3034 623 3095 semper
639 3012 761 3091 firmas,
780 3013 908 3078 validas
924 3024 959 3078 et
983 3013 1134 3078 efficaces
1161 3015 1307 3078 existere
1330 3023 1365 3078 et
1379 3013 1458 3094 iore,

348 3137 494 3202 suosque
509 3118 677 3201 plenarios
690 3126 723 3182 et
739 3118 888 3200 integros
904 3116 1042 3182 effectus
1071 3118 1193 3196 sortiri,
1209 3121 1362 3200 quamvis
1391 3139 1458 3183 non

348 3221 469 3288 suerint
490 3221 672 3300 exhibitae,
697 3221 749 3286 vel
766 3223 905 3304 regestis
930 3229 1094 3304 exceptae
1119 3221 1152 3285 in
1175 3221 1261 3285 actis
1288 3219 1461 3300 Camerae,

349 3325 477 3390 aliusve
489 3325 599 3391 Officii
617 3325 819 3410 Apostolici;
830 3344 896 3388 non
910 3324 1068 3389 obstante
1081 3325 1130 3388 Pii
1143 3325 1197 3388 IV
1209 3325 1460 3392 Constitutione

349 3429 388 3494 de
400 3431 627 3512 registrandis,
648 3431 788 3514 aliisque
804 3430 979 3494 contrariis
995 3430 1274 3513 quibuscumque.
1290 3430 1460 3495 Volumus

349 3535 484 3617 insuper
525 3536 719 3598 earumdem
758 3533 942 3597 litterarum
989 3534 1116 3616 triplex
1157 3533 1334 3616 exemplar
1380 3533 1460 3612 lieri,

348 3657 491 3720 quorum
505 3639 645 3702 alterum
659 3637 819 3702 custodiri
830 3636 983 3700 iubemus
993 3637 1026 3700 in
1042 3637 1192 3721 Regesto
1201 3637 1460 3703 Abbreviatoris

350 3742 467 3806 Nostri
479 3742 522 3805 de
533 3741 642 3819 Curia,
657 3742 800 3806 alterum
821 3742 854 3805 io
878 3741 1044 3805 tabulario
1069 3740 1302 3806 Praefecturae
1320 3741 1459 3806 Pontifi-

350 3845 432 3909 calis
441 3843 723 3922 Domus,tertium
736 3845 768 3907 in
786 3844 944 3926 peculiari
958 3843 1317 3928 Grammatophylacio
1333 3843 1458 3911 Biblio-

173 4011 201 4042 ea
238 3997 325 4044 cardi·
350 3949 468 4013 thecae
483 3950 678 4014 Vaticanae.
695 3949 947 4015 Committimus
975 3958 1087 4014 autem
1116 3947 1286 4014 Cardinali
1314 3949 1348 4016 S.
1362 3949 1402 4014 R.
1420 3951 1460 4017 E.

174 4055 326 4164 xmus
351 4054 612 4118 Bibliothecario
627 4066 661 4119 et
685 4055 884 4118 mandamus
901 4052 1057 4117 omnibus
1083 4055 1140 4136 qui
1169 4055 1201 4117 in
1219 4052 1388 4118 Vaticana
1404 4054 1459 4118 Bi·

280 4151 286 4171 '
351 4157 520 4223 bliotheca
534 4159 645 4223 officia
661 4167 791 4241 gerunt,
807 4170 844 4224 ut
865 4159 1044 4240 praedictis
1061 4157 1191 4240 legibus
1215 4179 1277 4240 pro
1292 4177 1354 4221 sua
1369 4161 1460 4241 quis·

351 4281 416 4344 que
438 4273 533 4345 parte
556 4261 698 4325 fideliter
719 4273 867 4345 pareant,
898 4281 1022 4345 easque
1053 4261 1171 4325 sedulo
1190 4270 1306 4326 curent
1320 4261 1460 4326 servari.

352 4365 509 4431 Ceterum
527 4364 634 4428 Nobis
650 4375 782 4428 tantum
795 4365 967 4429 etNostris
981 4364 1237 4430 Successoribus
1244 4375 1307 4446 pro
1322 4373 1461 4447 tempore
