3172 4874
452 543 955 627 Moru-PROPRIO

226 703 291 762 ns:
316 703 558 764 sancitus
580 702 797 762 sescum
822 702 1176 766 asraouomrcn

157 809 196 982 {5'
274 857 627 918 nasnrunuun
646 857 707 916 ET
728 857 1130 922 superarcanum
1211 856 1244 1006 Εἰ

529 989 562 1003 οἰ
1033 994 1034 997 =

343 1024 385 1041 ι”ι
414 990 534 1041 ἰἰἧὲὲι
565 1028 570 1039 ι
602 1022 644 1041 1⁵1
674 1028 718 1041 er·
749 1028 755 1040 ι
786 1021 903 1041 ι’·ΗΗἋ
930 1022 1087 1043 ἰ“ιἰ’“ι”ι
1119 1024 1162 1043 lfa
1193 1026 1212 1043 1¹*
1239 1028 1243 1031 ·

342 1203 373 1268 Τ
390 1201 568 1286 mysticam
586 1199 755 1284 Sponsam
772 1200 906 1279 Christi,
929 1200 986 1284 qui
1012 1201 1072 1266 lux
1086 1223 1165 1267 vera
1191 1213 1252 1281 est,
1291 1221 1415 1308 malm

179 1271 298 1509 'U'
359 1307 394 1371 in
410 1315 642 1388 contemptum
655 1315 689 1368 et
699 1304 859 1369 invidiam
871 1315 1029 1370 vocarent
1038 1308 1249 1372 tenebrarum
1317 1319 1382 1376 1891-

364 1410 422 1474 filii
438 1431 641 1475 consuevere
656 1410 689 1474 in
707 1409 827 1493 vulgus
842 1430 917 1475 eam
933 1411 1067 1476 vecordi
1084 1412 1251 1477 calumnia
1284 1427 1426 1498 accurram,

186 1503 299 1516 ‘’-
358 1515 528 1597 impetere,
555 1525 598 1592 et,
622 1533 781 1578 conversa
808 1533 917 1578 rerum
937 1515 1180 1600 nominumque
1201 1537 1250 1580 ra·
1276 1487 1400 1606 §mm

142 1621 234 1685 tione
250 1628 285 1684 et
304 1618 347 1697 vi,
361 1619 563 1702 compellare
578 1617 792 1682 obscuritatis
807 1618 962 1697 amicam,
985 1619 1135 1684 altricem
1155 1620 1249 1702 igno·
1277 1604 1427 1710 ζῗζζῇή,

142 1723 280 1801 tantiae,
303 1723 517 1788 scientiarum
535 1720 652 1787 lumini
680 1733 713 1786 et
729 1725 918 1806 progressui
946 1721 1179 1789 infensam-
1200 1725 1250 1790 At
1267 1738 1324 1844 ἧς·
1342 1723 1427 1842 W

142 1847 229 1912 quae
242 1827 359 1912 primis
374 1827 419 1892 ab
434 1826 582 1892 exordiis
607 1825 759 1892 Ecclesia
781 1829 885 1910 gessit
905 1836 939 1893 et
954 1827 1070 1894 docuit
1085 1829 1249 1906 homines,
1274 1848 1319 1887 rur
1334 1790 1427 1901 parque

141 1952 181 1997 ea
196 1932 278 1996 satis
287 1930 442 1996 refellunt
457 1939 491 1996 et
500 1939 688 2014 coarguunt
702 1933 808 2014 turpis
815 1933 981 1996 mendacii
993 1933 1247 2015 impudentiam.
1275 1902 1426 1955 m‘s‘m'

141 2035 231 2100 Nam
248 2044 380 2118 praeter
392 2033 547 2099 notitiam
561 2053 669 2098 rerum
683 2033 881 2121 divinarum,
890 2035 924 2100 in
937 2055 1004 2118 qua
1016 2037 1165 2101 veritatis
1176 2037 1248 2102 sola
1275 2062 1427 2108 auratasne-

142 2139 302 2223 magistra
317 2137 390 2214 luit,
405 2137 664 2220 praestantiores
674 2138 776 2202 etiam
786 2137 1020 2222 philosophiae
1031 2147 1152 2222 partes,
1162 2160 1249 2223 quae
1274 2121 1378 2181 ⁰‘0ffi‘i'’

143 2262 276 2307 summa
290 2249 444 2307 statuunt
459 2241 625 2324 principia
638 2251 671 2305 et
698 2239 919 2306 fundamenta
935 2242 1148 2306 scientiarum
1176 2263 1246 2308 om·

142 2347 246 2422 nium,
270 2365 398 2430 quaeve
424 2347 589 2412 rationem
615 2346 764 2410 veritatis
788 2345 1008 2429 detegendae,
1032 2355 1188 2430 recteque
1208 2366 1247 2411 ac
1269 2381 1414 2440 „imma

140 2449 308 2515 subtiliter
330 2447 515 2516 disserendi
543 2450 690 2528 tradunt,
715 2449 767 2513 vel
795 2450 900 2515 anImi
915 2450 982 2514 vim
1011 2470 1050 2514 ac
1070 2450 1246 2516 facultates
1272 2441 1313 2490 ‘¹³¹

140 2555 323 2639 explicant,
345 2562 404 2620 aut
425 2554 458 2620 in
482 2555 586 2621 vitam
610 2553 784 2619 hominum
802 2573 978 2638 moresque
999 2553 1183 2639 inquirunt,
1199 2555 1246 2620 ita

90 2649 94 2664 ‘
139 2681 199 2745 per
211 2659 376 2725 Doctores
388 2657 626 2724 suosexcoluit
637 2667 671 2722 et
683 2657 907 2737 illustravitut
919 2657 1053 2724 difficile
1065 2659 1108 2723 sit
1121 2679 1244 2724 novum

139 2762 265 2848 aliquid
282 2760 445 2827 memoria
460 2763 600 2844 dignum
618 2762 657 2824 iis
673 2760 826 2840 adiicere,
842 2763 1063 2846 periculosum
1087 2763 1131 2827 sit
1147 2763 1245 2828 abiis

139 2867 319 2933 discedere.
344 2903 389 2917 -
410 2865 552 2932 Summa
576 2875 749 2949 praeterea
772 2865 844 2930 laus
871 2875 922 2932 est
947 2866 1127 2945 Ecclesiae,
1153 2867 1244 2950 quod
1262 2859 1422 2971 '‘gavamm'-

139 2972 217 3036 iuris
233 2970 447 3054 prudentiam
463 2969 637 3054 perfecerit
653 2979 755 3054 atque
770 2970 958 3054 expolierit,
969 2989 1030 3036 nec
1042 2971 1109 3036 ulla
1120 2972 1246 3038 delebit
1308 2961 1314 2980 '

137 3073 263 3138 oblivio
278 3081 443 3156 quantum
459 3071 533 3157 ipsa
548 3074 692 3138 contulit
706 3073 877 3152 doctrinis,
888 3075 1053 3158 exemplis
1069 3085 1103 3141 et
1113 3076 1244 3139 institu-

137 3180 181 3244 tis
205 3178 274 3242 suis
300 3178 343 3241 ad
374 3175 542 3260 implexas
556 3179 770 3261 quaestiones
797 3177 1036 3261 expediendas,
1062 3179 1095 3242 iu
1123 3179 1244 3259 quibus

137 3281 316 3364 scriptores
330 3282 469 3345 haerent
489 3281 713 3359 scientiarum,
740 3299 825 3364 quae
841 3282 1051 3346 oeconomicae
1066 3291 1100 3344 et
1114 3280 1244 3344 sociales

137 3388 287 3452 audiunt.
303 3421 347 3435 -
364 3385 502 3450 Interim
518 3405 655 3450 verone
678 3387 752 3456 illas
767 3385 904 3468 quidem
921 3385 1074 3470 neglexit
1096 3385 1243 3468 discipli-

137 3511 197 3555 nas
212 3510 299 3574 quae
314 3489 348 3552 in
372 3497 512 3554 naturae
527 3490 665 3574 eiusque
678 3490 798 3555 virium
814 3488 1047 3573 exploratione
1061 3499 1243 3556 versantur.

137 3592 279 3660 Scholas
295 3613 441 3676 namque
465 3594 616 3660 condidit
632 3605 665 3660 et
691 3614 806 3658 musea
821 3594 991 3674 instruxit,
1014 3615 1083 3677 quo
1097 3596 1243 3678 penitius
1264 3587 1376 3648 l’s'ssi‘is·

136 3698 210 3762 illas
226 3698 380 3762 iuventus
396 3697 591 3777 addisceret,
606 3719 752 3782 suosque
768 3699 853 3762 inter
876 3695 962 3762 filios
977 3707 1011 3762 et
1027 3698 1242 3764 administros

135 3801 289 3885 egregios
314 3800 432 3866 habuit
455 3820 569 3866 earum
595 3802 749 3880 cultores,
772 3821 858 3886 quos
883 3820 949 3884 ope
975 3821 1035 3866 sua
1060 3801 1192 3867 adiutos
1208 3813 1243 3868 et

135 3915 273 3971 ornatos
288 3904 415 3970 honore
429 3906 473 3970 ad
489 3926 530 3969 ea
541 3906 653 3970 studia
670 3905 854 3988 impensius
869 3904 1012 3970 colenda
1027 3906 1243 3972 excitavit—
1320 3950 1419 3996 Em„

137 4011 275 4076 Eminet
290 4010 324 4073 in
335 4010 399 4075 hoc
412 4009 626 4075 scientiarum
641 4030 780 4075 numero
789 4011 1123 4096 astronomia,quippe
1138 4012 1193 4077 cui
1203 4033 1242 4078 ea
1268 4007 1419 4114 {fgjfjfsffi'g

134 4115 310 4200 proposita
325 4121 403 4178 sunt
426 4114 635 4196 vestiganda,
646 4133 732 4198 quae
742 4133 823 4200 prae
834 4115 952 4180 ceteris
973 4116 1131 4182 inanimis
1143 4119 1241 4182 rebus
1269 4127 1357 4175 nomia.

134 4230 292 4287 enarrant
312 4218 453 4303 gloriam
471 4219 545 4298 Dei,
573 4239 611 4284 ac
624 4219 769 4286 virorum
782 4221 933 4286 omnium
957 4223 1240 4305 sapientissimum

134 4323 273 4388 mirifice
296 4321 521 4402 delectabant,
545 4323 601 4408 qui
622 4323 747 4388 lumine
772 4323 932 4389 divinitus
957 4325 1065 4390 indito
1081 4346 1179 4390 nosse
1206 4346 1241 4390 se

133 4427 324 4492 laetabatur
338 4427 502 4510 imprimis
522 4427 796 4496 (annicursuset
808 4427 979 4493 stellarum
990 4428 1238 4507 drapositnnesr
