3194 4872
305 441 309 448 p
390 362 436 448 76
655 375 835 428 aersrom
864 361 952 466 “Uin
980 374 1159 427 ranarius
1188 409 1208 438 „

226 581 359 628 Nturomr·
386 581 464 624 nam
479 560 649 626 Ecclesiae
664 561 819 626 virtutem
837 560 1036 642 praeclarius
1051 569 1204 637 exornat,
1219 570 1359 642 augetur
1381 559 1469 624 etiam

211 655 362 745 2¹}{WJZ‘}
386 685 405 728 a
422 665 617 730 fortitudine
632 665 735 730 animi
750 684 851 747 supra
866 683 966 746 quam
991 663 1148 728 credibile
1172 665 1215 727 sit
1233 663 1356 728 invicta
1371 673 1403 726 et
1420 683 1470 726 ex·

210 759 360 862 223?AE
386 769 482 845 celsa,
497 789 597 852 quam
614 769 700 832 bene
715 767 828 832 multis
843 768 886 831 de
901 767 1002 832 servis
1018 765 1141 831 infimis
1154 767 1263 850 potuit
1279 767 1351 850 ipsa
1371 765 1470 830 indere

211 877 362 982 ’1255qu
386 882 418 936 et
435 872 605 936 sustinere.
622 873 768 936 Permira
784 892 844 949 res,
858 871 916 954 qui
931 871 1076 934 dominis
1102 871 1171 934 suis
1197 880 1291 934 erant
1311 871 1344 933 in
1369 889 1469 934 exem·

210 996 267 1098 ‘²⁰⁷5
282 1003 359 1100 piro.
386 971 478 1054 plum
509 974 663 1058 morigeri
693 993 874 1056 eorumque
903 974 1011 1055 gratia
1037 974 1186 1038 omnium
1214 981 1309 1036 erant
1333 973 1470 1036 laborum

219 1067 249 1099 Π(
260 1069 297 1099 On
315 1070 348 1105 us.

218 1113 346 1172 ,qm-,m¹
386 1077 627 1157 patientissimi,
643 1076 736 1141 nullo
750 1077 841 1160 ipsos
857 1087 956 1160 pacto
971 1077 1120 1160 potuisse
1135 1077 1267 1154 adduci,
1280 1087 1318 1140 ut
1332 1075 1470 1140 domino·

231 1173 341 1278 iiiiii}
386 1201 457 1245 rum
474 1182 586 1266 iniqua
602 1183 763 1247 mandata
778 1179 945 1245 mandatis
961 1180 1100 1245 Domini
1126 1181 1250 1244 sanctis
1275 1180 1472 1257 anteferrent,

224 1291 337 1350 fierunt·
374 1269 485 1366 'atque
500 1285 586 1350 adeo
609 1285 713 1348 vitam
740 1283 960 1348 acerbissimis
986 1284 1194 1362 cruciatibus,
1209 1287 1332 1348 securis
1356 1283 1472 1351 animis·

385 1407 500 1453 securo
524 1388 627 1466 vultu,
652 1388 821 1453 obiecisse.
847 1387 981 1452 Nomen
1012 1388 1233 1452 Patamianae
1269 1389 1405 1472 virginis
1437 1386 1473 1450 ad

243 1501 359 1559 axmpra
386 1493 580 1556 memoriam
601 1493 742 1557 invictae
754 1493 960 1557 constantiae
970 1493 1013 1556 ab
1026 1491 1173 1556 Eusebio
1185 1491 1473 1572 celebratur:quae

218 1565 353 1664 'imi‘
385 1597 510 1660 scilicet
523 1598 635 1679 potius
660 1617 760 1680 quam
777 1597 937 1679 impudici
952 1597 1022 1661 heri
1047 1596 1235 1678 indulgeret
1251 1595 1390 1672 libidini,
1399 1613 1473 1658 mor-

211 1678 359 1784 ,ξ’,ζῖ2””ζζ
385 1709 452 1764 tem
470 1721 537 1764 non
553 1701 672 1765 timida
701 1701 852 1783 oppetiit,
872 1712 905 1765 et
925 1700 1061 1784 profuso
1087 1701 1250 1783 sanguine
1273 1698 1375 1765 fidem
1397 1700 1472 1763 lastJ

211 1795 335 1900 „Jffa‘f'm
387 1803 520 1869 Christo
534 1805 685 1868 servavit
699 1803 830 1869 Similia
845 1805 1001 1868 admirari
1017 1805 1094 1869 licet
1120 1823 1291 1868 servorum
1318 1801 1473 1884 exempla,

385 1911 451 1993 qui,
480 1909 625 1973 dominis
655 1907 841 1973 libertatem
878 1910 939 1972 sibi
975 1909 1172 1984 animorum,
1207 1907 1377 1992 fidemque
1409 1907 1473 1970 Deo

385 2011 566 2094 obligatam
579 2011 860 2095 oppugnantibus,
876 2011 1064 2076 firmissime
1078 2013 1121 2077 ad
1136 2031 1253 2076 necem
1280 2029 1473 2094 repugnave-

385 2122 483 2177 runt:
511 2113 567 2195 qui
591 2133 678 2191 vero,
703 2113 872 2179 christiani
888 2115 982 2192 servi,
1006 2113 1080 2179 aliis
1095 2115 1138 2179 de
1153 2115 1278 2178 caussis
1304 2113 1474 2178 restiterint

383 2211 537 2288 dominis,
565 2212 618 2275 vel
648 2213 893 2278 coniurationes
915 2215 1072 2279 turbaeve
1097 2215 1288 2279 civitatibus
1323 2214 1474 2278 exitiosas

384 2315 589 2394 concitarint,
599 2315 737 2380 historia
752 2317 898 2398 prodidit
914 2316 1032 2381 nullos.

428 2418 558 2483 Pacatis
585 2421 709 2484 exinde
734 2420 832 2484 rebus
856 2421 1043 2504 quietisque
1073 2419 1243 2484 Ecclesiae
1269 2418 1474 2502 temporibus,

222 2539 357 2608 qulatim,
385 2522 566 2603 apostolica
582 2523 784 2587 documenta
799 2524 842 2588 de
856 2522 1001 2588 fraterna
1016 2525 1101 2588 inter
1117 2522 1324 2588 Christianos
1347 2521 1475 2586 coniun-

202 2599 358 2716 jffiss'ss'ffss,
384 2624 494 2688 ctione
506 2625 691 2691 animorum
704 2627 810 2691 sancti
827 2626 940 2690 Patres
955 2627 1143 2692 admirabili
1155 2645 1340 2709 exposuere
1353 2625 1474 2708 sapien-

202 2716 276 2774 Μ’
313 2718 358 2788 ΕΞ·
384 2728 439 2804 tia,
455 2737 487 2791 et
512 2729 649 2794 caritate
672 2731 743 2813 pari
767 2730 811 2794 ad
836 2751 1004 2796 servorum
1030 2730 1207 2796 utilitatem
1234 2729 1475 2802 transtulerunt,

208 2774 279 2819 clesia
329 2791 357 2820 sn

208 2834 359 2938 amm
384 2831 447 2894 hoc
462 2831 544 2894 enisi
560 2831 762 2908 convincere,
778 2841 815 2898 ut
831 2835 901 2898 iura
917 2834 1052 2916 quidem
1069 2833 1214 2898 dominis
1229 2831 1263 2896 in
1279 2833 1391 2914 operis
1416 2849 1474 2893 ser·

242 2952 321 3020 pavit.
385 2953 499 2998 vorum
531 2954 575 2999 ex
605 2936 746 3002 honesto
771 2947 972 3015 constarent,
1003 2957 1213 3022 nequaquam
1251 2957 1329 3001 vero
1371 2936 1475 3000 liceret

208 3011 282 3114 {m
306 3012 358 3056 ‘⁰1⁶'
384 3037 561 3120 imperiosa
591 3039 648 3103 illa
677 3049 827 3122 potestas
851 3041 883 3104 in
909 3043 1020 3123 capita
1042 3051 1076 3104 et
1100 3039 1255 3104 immanis
1281 3039 1426 3104 saevitia.
1441 3037 1473 3099 ln

384 3141 518 3206 Graecis
533 3151 680 3224 praestat
693 3142 960 3226 Chrysostomus,
975 3145 1031 3227 qui
1048 3144 1148 3208 habet
1161 3145 1249 3208 hunc
1261 3142 1372 3208 locum
1384 3160 1475 3223 saepe

382 3254 570 3323 tractatum,
585 3247 709 3329 quique
723 3246 871 3329 perlaeto
886 3247 1000 3311 animo
1015 3257 1048 3310 et
1076 3248 1189 3330 lingua
1213 3244 1402 3322 affirmavit,
1416 3261 1475 3308 ser·

383 3347 531 3424 vitutem,
553 3350 595 3412 ad
622 3358 767 3413 veterem
783 3349 874 3413 verbi
900 3350 1081 3428 notionem,
1104 3351 1170 3414 iarn
1198 3369 1256 3432 per
1280 3349 1314 3413 id
1339 3357 1476 3430 tempus,

383 3468 506 3531 magno
521 3451 718 3515 christianae
744 3450 821 3516 fidei
837 3451 998 3518 beneficio
1013 3473 1084 3518 esse
1106 3452 1282 3527 sublatam,
1299 3460 1335 3516 ut
1350 3452 1422 3514 sine
1446 3469 1476 3512 re

383 3571 503 3616 nomen
520 3555 605 3618 inter
620 3555 758 3620 Domini
774 3556 955 3639 discipulos
966 3565 1000 3622 et
1012 3553 1179 3622 videretur
1190 3566 1224 3621 et
1232 3564 1329 3620 esset.
1345 3555 1474 3619 Etenim

382 3655 533 3721 Christus
549 3656 610 3738 (sic
626 3657 681 3723 illc
692 3661 885 3725 summatim
902 3660 1076 3743 disputat),
1087 3679 1191 3744 quum
1204 3657 1337 3740 culpam
1352 3657 1475 3738 origine

381 3769 585 3824 contractam
617 3781 747 3827 summa
774 3764 807 3826 in
833 3783 894 3828 nos
925 3765 1138 3828 miseratione
1174 3763 1321 3838 detersit,
1351 3757 1476 3824 sanavit

230 3879 349 3925 vetrana
381 3864 469 3928 idem
486 3874 698 3929 consecutam
716 3865 932 3949 multiplicem
949 3868 992 3931 ad
1012 3868 1145 3932 ordines
1171 3865 1340 3931 societatis
1362 3863 1475 3927 huma·

207 3937 356 4056 ‚ssif'yffi
381 3989 443 4032 nae
459 3968 705 4051 corruptionem
718 3993 727 4052 ;
742 3981 991 4053 proptereaque,
1001 3970 1287 4054 quemadmodum
1314 3987 1403 4032 mors
1422 3984 1477 4049 per

208 4055 305 4107 ΟΜ·
327 4057 355 4102 ‘²‘
381 4071 500 4151 ipsum,
515 4071 694 4135 terroribus
709 4072 836 4154 positis,
851 4073 983 4154 placida
999 4084 1051 4139 est
1062 4075 1105 4138 ad
1133 4074 1265 4138 beatam
1288 4072 1391 4138 vitam
1419 4069 1476 4134 mi·

206 4114 298 4159 sublata
310 4121 357 4173 per

205 4173 340 4277 ,gxij
380 4173 497 4254 gratio,
512 4173 559 4237 ita
574 4173 739 4238 sublatam
756 4193 828 4238 esse
840 4175 1041 4241 servitutem.
1057 4175 1284 4242 Christianum
1299 4174 1475 4247 hominem,

382 4277 443 4339 nisi
471 4296 581 4340 rursus
611 4277 756 4360 peccatis
784 4278 913 4354 serviat,
943 4297 1074 4342 servum
1105 4298 1147 4344 ne
1176 4279 1325 4344 dixeris:
1359 4275 1472 4340 fratres

381 4377 527 4454 omnino,
542 4388 707 4463 quotquot
722 4389 799 4444 sunt
815 4380 848 4444 in
860 4379 1028 4447 CHRISTO
1045 4383 1132 4448 IESU
1149 4383 1255 4449 renati
1267 4392 1301 4448 et
1317 4378 1472 4464 suscepti:
