3230 4874
508 1437 580 1512 fiii
590 1368 750 1512 lGNUM
761 1445 887 1530 pietate
895 1455 929 1510 et
941 1447 1119 1530 prudentia
1129 1455 1239 1511 vestra
1249 1465 1288 1509 ac
1300 1455 1484 1530 temporum

229 1463 369 1553 ΒΕΕΞἩΒ.

262 1561 328 1620 1890.
394 1437 421 1812 i

258 1671 371 1731 Pmsu
655 1654 662 1668 0
866 1655 873 1668 Ι
878 1655 885 1668 Ι
939 1654 946 1670 Ι
967 1654 974 1670 Ι

219 1729 308 1774 &Uda
347 1745 369 1776 0·
699 1758 707 1771 ο
835 1757 843 1772 ι
919 1757 927 1774 ο
975 1751 980 1761 “

450 1544 530 1694 D
608 1549 797 1615 necessitati
827 1552 956 1634 optime
991 1569 1179 1634 congruens
1217 1569 1302 1632 opus
1340 1569 1361 1614 a
1398 1550 1485 1615 vobis

607 1653 747 1736 alirsque
761 1673 903 1738 egregus
914 1673 994 1721 urns
1017 1662 1209 1737 susceptum
1225 1671 1298 1718 esse
1312 1671 1359 1718 ex
1375 1651 1486 1718 litteris

214 1793 262 1848 μ,
288 1789 318 1834 a,
348 1803 369 1836 ,.
607 1765 735 1836 vestns,
756 1767 902 1841 septumo
918 1758 992 1823 rdus
1009 1758 1213 1822 Decembres
1228 1757 1325 1834 datis,
1350 1756 1486 1822 libenter

215 1847 369 1954 imavi:
392 1867 600 1952 agnovimus.
624 1864 760 1932 Scilicet
786 1877 960 1951 comperto
975 1868 1176 1946 discrimine,
1191 1867 1282 1952 quod
1298 1867 1427 1951 patriae
1441 1887 1491 1931 ve·

213 1966 305 2083 {m
317 1971 368 2070 ᾗ
393 1989 482 2043 strae
495 1987 531 2044 et
546 1977 698 2061 religioni
709 1977 881 2062 impendet
896 1997 942 2044 ex
958 1979 1068 2062 pravis
1084 1979 1244 2044 doctrinis
1260 1987 1295 2044 et
1309 1998 1394 2044 ausu
1406 1997 1493 2042 oom-

217 2089 368 2204 mmm
393 2087 537 2169 plurium
552 2107 610 2172 qur
601 2085 798 2153 Ecclesiae
814 2097 848 2154 et
863 2087 995 2154 socialis
1007 2087 1133 2154 ordinis
1149 2086 1332 2153 moliuntur
1343 2088 1489 2163 exitium,

393 2205 582 2280 opportune
597 2215 712 2261 eorum
727 2195 875 2262 consiliis
891 2217 952 2280 pro
966 2195 1053 2262 virili
1068 2207 1163 2281 parte
1175 2196 1368 2262 decrevistis
1385 2213 1489 2260 occur

393 2327 472 2374 rere.
499 2307 539 2372 Id
567 2325 646 2372 vcro
672 2304 814 2371 scienter
844 2305 1057 2390 praestitistis
1090 2325 1259 2371 sacrorum
1289 2304 1485 2370 Antistitum

392 2417 495 2482 ductu
510 2426 545 2481 et
555 2415 723 2499 auspiciis,
737 2415 922 2480 constituta
947 2413 1107 2480 socictate
1121 2414 1363 2480 catholicorum
1388 2414 1486 2479 homi·

392 2547 472 2592 num
489 2547 533 2592 ex
549 2527 641 2592 omui
654 2525 855 2592 Germaniae
870 2527 1015 2612 regione,
1038 2528 1094 2611 qui
1111 2547 1202 2605 voce,
1219 2527 1351 2610 scriptis
1367 2535 1401 2590 et
1412 2543 1484 2610 qua·

392 2636 441 2700 vis
456 2635 606 2718 legitima
632 2637 761 2702 ratione
777 2646 812 2701 et
822 2655 887 2721 ope
903 2634 1042 2702 infensis
1056 2635 1121 2701 illis
1137 2635 1289 2701 hostibus
1305 2633 1485 2700 communis

246 2755 367 2802 Deibene
392 2745 509 2810 salutis
520 2745 686 2812 obsistant
700 2765 884 2831 eorumque
895 2755 1036 2813 conatus
1046 2747 1156 2812 irritos
1171 2745 1364 2812 iaciant-
1379 2743 1483 2830 Quum

215 2813 365 2934 filim-
393 2875 491 2940 porro
503 2857 667 2922 eiusmodi
679 2857 722 2922 sit
738 2857 913 2922 consilium
927 2877 946 2920 a
962 2858 1057 2922 vobis
1074 2857 1202 2936 initum,
1222 2865 1260 2922 ut
1275 2855 1401 2920 nemini
1418 2872 1484 2936 pro

216 2938 311 3044 {2222
314 2935 367 2994 Μ’
393 2964 463 3028 bari
480 2975 624 3050 nequeat
639 2986 692 3032 cur
684 2965 820 3050 'religio
835 2976 869 3032 et
884 2965 976 3044 fides,
992 2967 1044 3031 cui
1061 2986 1170 3032 mores
1186 2974 1220 3032 et
1235 2974 1343 3030 status
1374 2963 1420 3028 rei
1435 2981 1487 3044 pu·

393 3073 508 3153 blicae,
522 3075 575 3139 cui
591 3095 643 3139 res
655 3074 827 3140 familiaris
842 3085 877 3142 et
892 3075 982 3142 vitae
996 3077 1155 3141 securitas
1171 3073 1263 3141 cordi
1274 3074 1351 3153 sint,
1375 3071 1484 3138 merito

392 3203 594 3269 auguramur
623 3185 736 3250 nobile
762 3173 1108 3269 inceptum'vestrum
1129 3185 1243 3252 lavore
1268 3193 1303 3250 et
1329 3179 1486 3264 suffragiis

392 3315 528 3362 usurum
551 3295 765 3361 cordatorum
796 3298 948 3362 omnium
971 3298 1117 3362 virorum
1143 3307 1178 3363 et
1194 3294 1319 3361 fructus
1337 3297 1485 3362 daturum

391 3406 508 3470 salutis
523 3405 715 3472 uberrimos.
732 3407 852 3491 Neque
867 3407 1036 3474 laboribus
1052 3409 1238 3492 studiisque
1264 3406 1383 3472 vestris
1397 3401 1481 3470 delu-

391 3529 499 3583 turam
516 3528 674 3602 putamus
686 3537 785 3602 opem
811 3519 933 3584 summi
958 3519 1023 3586 Dei
1039 3521 1096 3604 qui
1112 3521 1189 3586 cuni
1215 3528 1349 3585 tueatur
1381 3513 1485 3582 Eccle-

391 3626 475 3690 siam
502 3647 597 3692 suam
624 3636 660 3692 et
685 3627 853 3694 sanabiles
877 3627 992 3693 iecerit
1023 3628 1176 3693 nationes
1207 3629 1297 3694 orbis
1318 3637 1482 3696 terrarum·

392 3737 499 3803 lacere
515 3759 581 3804 non
593 3748 705 3822 potest
721 3741 801 3822 quin
810 3759 869 3804 eos
884 3740 1108 3824 amplectatur
1122 3750 1156 3806 et
1169 3741 1289 3823 diligat
1303 3758 1362 3824 qur
1352 3739 1483 3802 ⁰·adver

235 3853 365 3915 seusus
390 3867 447 3914 sus
461 3869 508 3914 rer
500 3849 724 3914 'christianae
745 3858 778 3914 et
798 3850 953 3933 publicae
972 3869 1142 3915 eversores
1165 3849 1349 3914 decertant.
1364 3845 1483 3910 -Det

210 3918 332 4076 ἴξιν
288 3914 364 4019 seam
392 3960 453 4025 llle
471 3961 565 4026 vobis
580 3963 697 4027 volens
711 3962 876 4046 propitius
891 3964 1121 4028 communium
1136 3963 1284 4029 hostium
1299 3972 1433 4048 tempus
1453 3965 1481 4022 et

212 4032 332 4138 'on's‘iiirf
390 4073 658 4154 opportunitates
667 4083 875 4159 antecapere
885 4083 923 4138 ut
932 4072 1068 4140 salutari
1080 4093 1181 4157 opera
1190 4083 1302 4140 vestra
1311 4093 1401 4158 prius
1410 4089 1481 4137 con

389 4187 549 4244 sanentur
563 4180 796 4265 vulnera,quae
811 4201 926 4247 eorum
938 4202 1032 4266 spem
1042 4181 1136 4248 alunt
1152 4191 1187 4247 et
1196 4201 1352 4248 caussam
1368 4183 1485 4254 iuvant,

391 4303 491 4364 quam
516 4285 562 4348 illi
590 4287 763 4370 quidpiam
775 4291 905 4371 possint
917 4287 1046 4355 efficere
1062 4291 1162 4355 exiis
1177 4311 1264 4374 quae
1279 4291 1430 4375 cogitant
1443 4285 1480 4352 ad

391 4409 557 4456 summam
573 4393 700 4476 patriae
712 4403 746 4460 et
758 4395 929 4463 Ecclesiae
944 4399 1134 4481 perniciem.
1154 4399 1249 4466 Haec
1271 4400 1479 4484 adpreeants
