3172 4874
412 399 481 488 184
564 415 752 468 urrrsnnre
770 413 927 466 suevcr.
951 400 971 428 ‘⁸
987 413 1120 466 sanun
1140 411 1323 464 novnxuu
1338 448 1357 474 „

249 591 379 654 Βαθὺν·
403 585 447 649 de
462 583 727 667 possessionibus
742 581 776 646 in
792 600 971 646 commune
987 579 1177 666 redigendis
1188 581 1327 646 omnino
1340 581 1471 662 repudiari

403 695 566 768 oportere,
582 688 659 770 quia
675 687 714 750 iis
730 685 820 769 ipsis,
831 685 953 767 quibus
968 694 1020 749 est
1035 684 1281 768 opitulandum,
1296 693 1473 760 nocetnatu·

403 793 527 858 talibus
542 794 748 878 singulorum
758 794 884 858 iuribus
900 803 1073 876 repugnat,
1084 791 1195 858 officia
1207 791 1400 874 reipublicae
1410 803 1473 856 tran-

235 913 378 962 cmnsu:
403 897 671 981 quillitatemque
705 917 919 962 communem
950 897 1132 981 perturbat
1158 897 1301 960 Maneat
1326 915 1405 980 ergo,
1421 919 1474 962 cun

226 973 377 1080 mum&
403 1001 492 1084 plebi
508 1001 695 1066 sublevatio
715 1001 894 1084 quaeritur,
909 1001 974 1066 hoc
990 1001 1022 1064 in
1040 1001 1157 1084 primis
1170 999 1287 1064 haberi
1303 997 1475 1064 fundamenti
1532 1049 1533 1086 ,

226 655 295 701 latio.

225 1093 378 1210 23:53201222]
403 1104 507 1169 instar
529 1114 693 1188 oportere,
716 1105 862 1188 privatas
885 1105 1114 1186 possessiones
1141 1103 1304 1167 inviolate
1327 1102 1476 1166 servanda.

224 1217 375 1318 :zimm-
402 1205 480 1292 Quo
497 1208 616 1290 posito,
631 1209 826 1285 remedium,
842 1208 931 1291 quod
948 1209 1147 1292 exquiritur,
1159 1207 1250 1272 unde
1266 1207 1433 1291 petendum
1444 1207 1477 1275 sit

260 1307 265 1318 '
403 1313 657 1394 explicabimus.

230 1429 366 1512 ,gffiffi
445 1413 662 1480 Confidenter
687 1415 730 1480 ad
755 1425 992 1496 argumentum
1020 1415 1235 1500 aggredimur
1262 1433 1304 1478 ac
1330 1411 1476 1495 planeiure

244 1569 305 1598 „„,
320 1567 353 1596 ,ι
400 1517 544 1598 Nostro;
558 1529 735 1602 propterea
761 1519 852 1602 quod
868 1539 986 1583 caussa
1005 1520 1116 1601 agitur
1133 1538 1181 1590 ea,
1198 1517 1294 1581 cuius
1312 1515 1415 1579 exitus
1426 1533 1475 1596 pm

232 1612 366 1686 milii
399 1621 520 1685 babilis
535 1625 672 1706 quidem
694 1621 814 1699 nullus,
830 1623 893 1686 nisi
909 1623 1074 1688 advocata
1099 1622 1264 1704 religione
1290 1619 1477 1698 Ecclesiaqur,

222 1729 313 1833 nigro
322 1743 374 1834 τε
399 1727 590 1808 reperiatur.
606 1725 692 1792 Cum
708 1747 787 1790 vero
802 1735 836 1790 et
853 1726 1021 1809 religionis
1037 1727 1201 1804 custodia,
1213 1734 1249 1788 et
1259 1743 1373 1788 earum
1393 1739 1477 1794 rerum,

213 1846 340 1906 fungitur
398 1848 485 1925 quae
500 1829 533 1892 in
549 1829 719 1894 Ecclesiae
729 1838 900 1912 potestate
914 1839 1004 1908 sunt,
1016 1849 1121 1911 penes
1136 1829 1210 1893 Nos
1220 1829 1424 1911 potissimum
1434 1823 1478 1886 dis·

221 1905 342 1965 ¹⁰⁰⁸“7'²'
366 1991 373 2001 ,
398 1917 552 2016 pensatio
568 1933 619 2010 sit,
636 1933 826 2016 neglexisse
843 1932 989 1998 officium
1006 1933 1237 1999 taciturnitate
1252 1933 1436 1996 videremur.

221 2024 341 2129 mig,
443 2037 597 2102 Proiecto
617 2037 758 2103 aliorum
785 2057 921 2121 quoque
943 2057 1083 2121 operam
1100 2047 1134 2102 et
1149 2037 1398 2100 contentionem
1412 2039 1477 2094 tauta

221 2143 373 2214 caverispore-
399 2143 482 2207 haec
497 2161 615 2208 caussa
630 2143 812 2207 desiderat:
836 2141 1025 2225 principum
1044 2142 1260 2225 ¹reipublicae
1289 2137 1477 2218 intelligibili
1534 2147 1535 2160 ¹

221 2207 298 2254 statis,
308 2218 336 2248 nc
348 2218 374 2248 u·

222 2263 375 2332 :nusquar-
399 2247 612 2313 dominorum
637 2267 677 2312 ac
701 2247 929 2330 locupletium,
946 2248 1092 2329 denique
1119 2247 1278 2329 ipsorum,
1306 2264 1367 2326 pro
1391 2240 1477 2324 quibis

222 2323 376 2428 ffiffl
399 2354 572 2418 contentio
587 2362 646 2430 est,
661 2352 931 2436 proletariorum:
957 2352 1038 2417 illud
1066 2361 1179 2416 tamen
1205 2351 1278 2413 sine
1304 2345 1477 2413 dubitatione

222 2441 375 2546 ffissiffbffl,
400 2456 726 2535 affirmamus,inania
736 2463 857 2520 conata
873 2455 1049 2520 hominum
1068 2454 1188 2530 lutura,
1202 2453 1356 2518 Ecclesia
1376 2447 1477 2533 postha-

222 2560 345 2678 ΨΜ
401 2564 480 2630 bita
503 2564 671 2629 Videlicet
706 2563 858 2642 Ecclesia
890 2573 951 2640 est,
973 2583 1060 2647 quae
1095 2563 1219 2645 promit
1250 2581 1297 2624 ex
1327 2553 1477 2638 Evangelio

295 2653 301 2665 ’
400 2666 720 2749 doctrinas,quarum
733 2667 856 2734 virtute
865 2676 923 2732 aut
933 2667 1033 2750 plane
1043 2665 1200 2748 componi
1209 2675 1380 2729 certamen
1390 2665 1476 2744 potet

400 2777 460 2832 aut
475 2779 565 2832 certe
581 2767 659 2846 fieri,
685 2769 837 2834 detracta
862 2769 1053 2852 asperitate,
1078 2767 1229 2845 mollius:
1252 2767 1479 2846 eademqueet

401 2890 488 2954 quae
497 2890 564 2934 non
575 2871 737 2936 instruere
750 2883 897 2936 mentem
909 2873 1157 2949 tantummodo,
1166 2871 1225 2936 sed
1236 2889 1352 2953 regere
1363 2867 1477 2930 vitamet

236 2977 366 3084 riiffii‘
403 2993 512 3040 mores
538 2975 746 3058 singulorum
773 2974 960 3058 praeceptis
988 2976 1056 3040 suis
1080 2975 1269 3040 contendit:
1284 2992 1372 3056 quae
1384 2975 1478 3036 statum

256 3106 346 3144 nunu
403 3099 512 3163 :psum
529 3078 782 3162 proletariorum
798 3079 841 3144 ad
860 3078 998 3144 meliora
1021 3088 1199 3163 promovet
1214 3077 1364 3161 pluribus
1378 3063 1478 3137 utilissi-

231 3165 364 3262 {ffiffi
405 3203 458 3248 me
473 3183 649 3250 institutis:
661 3203 748 3268 quae
758 3185 829 3248 vult
839 3194 940 3268 atque
952 3186 1084 3268 expetit
1099 3183 1251 3248 omnium
1267 3183 1415 3247 ordinum
1425 3187 1479 3236 con·

227 3276 362 3404 ἓξὲᾞῖἒ
403 3287 477 3352 silla
492 3289 645 3370 viresque
661 3289 694 3351 in
712 3287 745 3352 id
761 3289 954 3366 consociari,
971 3298 1008 3353 ut
1026 3285 1184 3372 opificum
1202 3286 1391 3358 rationibus,
1405 3289 1477 3360 quan

228 3394 350 3439 nsnruus.
404 3393 676 3458 commodissime
691 3403 812 3474 potest,
835 3393 1041 3458 consulatur:
1060 3393 1103 3456 ad
1120 3410 1262 3474 eamque
1278 3409 1349 3454 rem
1364 3375 1479 3450 adhiberi

406 3496 496 3579 leges
512 3500 601 3581 ipsas
628 3499 929 3580 auctoritatemque
956 3497 1169 3581 reipublicae,
1194 3496 1310 3579 utique
1333 3491 1443 3558 ratione
1453 3497 1479 3543 ac

408 3601 518 3678 modo,
534 3610 631 3684 putat
647 3610 809 3683 oportere.

232 3761 256 3800 1,
272 3763 381 3800 nocrn-
452 3703 541 3768 Illud
558 3705 669 3788 itaque
685 3713 851 3768 statuatur
862 3703 971 3787 primo
988 3704 1071 3782 loco,
1083 3704 1255 3768 serendam
1267 3722 1341 3767 esse
1352 3691 1478 3764 conditio·

231 3823 382 3916 Damam
408 3827 485 3873 nem
501 3809 700 3872 humanam:
717 3809 784 3870 ima
794 3809 933 3871 summis
950 3810 1043 3892 paria
1054 3807 1122 3872 fieri
1132 3807 1166 3872 in
1176 3807 1266 3872 civili
1277 3807 1477 3870 societatemn

231 3931 360 3976 Ecclesia:
408 3933 514 3996 posse.
530 3913 676 3995 Agitant
692 3912 725 3976 id
740 3912 877 3994 quidem
906 3911 1117 3978 Socrirlistae:
1132 3913 1191 3976 sed
1207 3911 1318 3977 omnis
1333 3919 1381 3975 est
1393 3910 1477 3969 contra

231 3990 255 4046 a)
272 3990 383 4035 interdo-
933 4017 940 4030 .
1132 4016 1140 4032 .
1193 4016 1202 4031 .
1326 4015 1333 4030 .
1361 4015 1369 4028 .

232 4050 307 4094 mim
330 4049 383 4108 ,qm
409 4035 518 4078 rerum
529 4027 682 4079 naturam
696 4033 782 4078 vana
792 4024 973 4080 contentio.
988 4015 1175 4080 Suntenrm
1192 4035 1225 4078 m
1242 4013 1476 4078 hominibusna·

233 4113 384 4211 ζῆξξᾞ
410 4120 524 4184 xlmae
548 4117 777 4202 plurimaeque
801 4126 920 4182 natura
945 4119 1234 4184 dissimilitudines
1242 4139 1250 4198 ;
1276 4137 1344 4182 non
1363 4107 1475 4179 omniun

233 4225 385 4332 ‹liffmfigd'
410 4225 504 4306 paria
519 4221 654 4302 ingenia
677 4232 764 4298 sunt,
785 4242 852 4285 non
879 4223 1036 4301 sollertia,
1060 4243 1127 4288 non
1151 4222 1318 4299 valetudo,
1332 4209 1475 4284 nonvires:

236 4351 280 4393 que
299 4339 328 4382 :a
350 4339 386 4382 n»
411 4343 552 4405 quarum
568 4341 677 4386 rerum
704 4327 927 4389 necessarium
954 4327 1132 4392 discrimen
1149 4346 1210 4390 sua
1225 4334 1345 4408 sponte
1365 4313 1477 4400 sequitur

238 4408 297 4438 mm
327 4409 386 4438 COM-

237 4451 389 4504 mantuam·
413 4423 547 4486 fortuna
570 4425 690 4506 dispar.
708 4425 815 4508 quue
842 4429 942 4510 plane
957 4428 1000 4493 ad
1017 4449 1096 4494 usus
1119 4447 1197 4494 cum
1221 4429 1416 4512 privatorum
1428 4425 1477 4482 lum
