3250 4876
232 442 239 455 ο
244 442 252 456 e
269 430 435 459 &TV-‘3337
442 432 467 457 ’ὖ
472 431 562 457 'off-effe*
562 441 631 456 οοοοοο
633 431 657 455 ’ἦ
662 430 732 457 mres
739 443 1231 462 oooooooooooooooooooooooooooooooooooooo

354 531 677 613 LITTERAE
710 531 1154 616 APOSTOLICAE

124 687 129 696 ’
384 725 450 786 nu
481 725 765 788 secunus.
795 726 1117 792 Tusotocuon
1285 694 1295 802 {j

270 893 323 952 ru
347 891 633 954 curuotrco
658 890 938 952 eumsrsusr
963 892 1235 956 nrunuxso

583 1056 929 1118 INSTITUENDA.

385 1313 418 1376 N
441 1333 564 1396 magna
579 1322 614 1379 et
638 1312 814 1396 multiplici
838 1313 1089 1396 disciplinarum
1105 1317 1203 1398 copia
1218 1339 1305 1402 quae
1389 1355 1420 1391 ω

194 1311 346 1684 Ξ.
408 1417 512 1481 menti
528 1416 677 1481 veritatis
694 1418 837 1500 cupidae
852 1417 1016 1495 obiicitur,
1036 1421 1205 1486 neminem
1221 1424 1305 1488 latet
1332 1401 1483 1505 vsclrpppns

408 1540 537 1586 sacram
565 1521 790 1604 Theologiam
816 1521 864 1585 ita
888 1522 1072 1605 principem
1104 1524 1167 1588 sibi
1193 1525 1304 1590 locum
1420 1607 1424 1617 Ι

236 1633 272 1682 vt
408 1624 585 1703 vindicare,
602 1635 639 1689 ut
654 1635 750 1689 vetus
766 1625 956 1708 sapientum
973 1624 1111 1691 effatum
1128 1629 1172 1691 sit
1187 1631 1306 1693 ceteris
1331 1606 1482 1712 ,ifmfflj

195 1727 343 1791 scientiis
358 1736 461 1810 atque
483 1727 612 1791 artibus
635 1725 782 1792 officium
798 1727 1000 1806 incumbere,
1016 1738 1054 1792 ut
1069 1729 1099 1793 ei
1123 1731 1306 1796 inserviant
1334 1723 1475 1832 gfff&

195 1854 233 1896 ac
250 1831 341 1896 velut
356 1829 553 1895 ancillarum
571 1850 663 1894 more
678 1829 891 1896 famulentur.
905 1831 1001 1895 Haec
1016 1833 1183 1917 siquidem
1200 1835 1305 1900 caele·
1481 1832 1482 1840 '

194 1936 259 1999 stia
275 1935 435 2018 mysteria
450 1941 626 2013 scrutatur,
641 1953 729 2018 quae
744 1934 839 1998 Deus
855 1935 927 2018 ipse
949 1935 1142 2001 hominibus
1158 1937 1306 2003 revelata

193 2038 308 2118 voluit,
334 2059 440 2122 eaque
467 2039 592 2115 omnia,
614 2057 701 2120 quae
726 2048 898 2102 aeternam
925 2039 1123 2105 beatitatem
1151 2051 1306 2125 spectant

192 2143 291 2225 eique
306 2141 543 2224 adipiscendae
560 2141 762 2220 conducunt,
778 2141 951 2224 explanat,
970 2143 1104 2207 divinae
1119 2145 1305 2226 sapientiae

192 2247 367 2310 thesauros
392 2245 543 2322 recludit,
569 2255 672 2334 atque
687 2246 720 2309 in
747 2265 788 2309 eo
804 2265 913 2309 rerum
931 2247 1049 2311 ordine
1065 2258 1225 2327 versatur,
1247 2250 1305 2336 qui

192 2349 354 2432 quidquid
372 2358 510 2414 naturae
535 2349 682 2414 ambitus
698 2349 818 2414 elatius
834 2359 936 2432 atque
952 2349 1128 2414 sublimius
1153 2352 1304 2417 continet

190 2463 266 2517 toto
280 2452 375 2516 caelo
389 2453 647 2536 supergreditur.
660 2452 745 2516 Inde
758 2453 901 2536 contigit
918 2463 955 2517 ut
971 2473 1032 2536 pro
1049 2473 1186 2518 munere
1202 2465 1304 2539 atque

190 2557 300 2622 officio
330 2559 484 2624 homines
510 2559 654 2624 docendi
685 2579 705 2622 a
736 2557 873 2625 Christo
903 2559 967 2622 sibi
993 2559 1119 2623 tradito
1151 2559 1316 2626 Ecclesia

189 2661 356 2726 catholica
372 2663 521 2727 maxime
533 2683 665 2744 semper
675 2661 819 2726 sollicita
831 2660 931 2726 fuerit
941 2662 984 2726 de
999 2682 1113 2726 sacrae
1128 2664 1302 2730 doctrinae

188 2766 291 2842 cultu,
306 2785 449 2847 eamque
471 2777 505 2832 et
529 2766 692 2830 intactam
716 2774 816 2830 caute
841 2765 973 2844 servari,
989 2774 1023 2829 et
1047 2766 1177 2832 naviter
1199 2777 1302 2851 atque
1360 2779 1475 2850 Ecqleu'q.

190 2868 332 2935 fideliter
347 2871 434 2934 tradi
456 2881 489 2937 et
506 2870 763 2954 diligentissime
777 2869 888 2933 excoli
905 2889 1038 2934 summa
1055 2891 1189 2954 semper
1204 2874 1301 2937 sedu·
1327 2851 1374 2967 llis
1389 2845 1477 2944 illino]

190 2972 284 3037 litate
300 2974 472 3040 curaverit
490 2973 704 3058 Quapropter
715 2975 846 3039 romani
860 2973 1039 3039 Pontifices
1055 2977 1301 3057 praestantissi-
1324 2958 1478 3078 {21⁹2ssss

190 3097 267 3142 mae
282 3077 381 3143 huius
396 3079 556 3144 scientiae
569 3079 680 3143 studia
690 3078 784 3142 omni
794 3097 859 3161 ope
869 3078 902 3140 in
916 3077 1046 3162 Lyceis,
1058 3079 1092 3142 in
1103 3078 1300 3146 Academiis
1347 3075 1454 3123 sciense

1324 3142 1414 3195 semper
1418 3139 1475 3197 fite·
1581 3169 1582 3174 .

189 3181 284 3244 etin
316 3181 603 3247 Universitatibus
639 3180 759 3258 fovere,
784 3180 977 3263 provehere,
1008 3181 1299 3269 peculiaribusque
1324 3207 1350 3240 re
1369 3199 1475 3267 qnqsime

189 3287 371 3370 privilegiis
387 3299 420 3352 et
436 3288 620 3352 honoribus
631 3289 790 3352 decorare
806 3288 1016 3366 studuerunt,
1028 3289 1135 3371 iisque
1146 3290 1297 3355 obsecuti
1323 3255 1432 3335 imm

188 3412 358 3456 sacrorum
375 3391 557 3457 Antistites
578 3391 667 3456 idem
684 3392 719 3454 in
746 3411 808 3457 suo
824 3393 966 3474 quisque
981 3393 1108 3477 populo
1124 3405 1296 3477 praestan-

187 3497 269 3558 dum
287 3495 349 3558 sibi
377 3515 449 3560 esse
474 3505 683 3561 censuerunt.
700 3493 768 3560 Sed
796 3495 882 3558 inter
897 3495 959 3558 hos
982 3498 1122 3560 summis
1139 3498 1295 3581 prosequi

188 3597 343 3661 laudibus
359 3597 432 3663 Nos
457 3599 553 3663 decet
569 3598 755 3664 Galliarum
773 3597 971 3682 Episcopos,
986 3601 1045 3683 qui
1059 3620 1196 3682 operam
1213 3603 1295 3667 dan·
1353 3613 1424 3660 Zetus
1440 3617 1472 3660 Ε-

187 3712 248 3780 tes,
263 3712 300 3765 ut
315 3701 492 3768 facultates
509 3702 728 3785 theologicae,
744 3702 802 3766 ubi
819 3722 929 3766 rerum
945 3722 984 3766 ac
1000 3713 1190 3785 temporum
1207 3707 1295 3769 vices
1321 3679 1472 3780 2⁸52?ssssss

186 3805 333 3883 siverint,
347 3806 620 3883 instaurarentur,
637 3807 824 3870 maximam
850 3805 1087 3888 impenderunt
1111 3827 1224 3871 curam
1253 3827 1295 3872 ne
1317 3793 1465 3912 fflffi

187 3909 346 3993 principis
362 3908 458 3972 istius
473 3908 642 3984 scientiae,
657 3929 744 3992 quae
761 3929 870 3974 rerum
887 3909 1050 3986 omnium,
1065 3929 1149 3992 quas
1172 3912 1295 3976 mentis
1321 3911 1471 4016 mmo

186 4015 355 4077 humanae
371 4011 458 4077 acies
474 4012 595 4077 intueri
611 4021 734 4096 potest,
749 4032 918 4078 summam
934 4013 1188 4094 quodammodo
1203 4035 1294 4079 com·
1326 4029 1466 4100 aarum·

185 4117 351 4202 plectitur,
368 4116 401 4180 in
420 4115 588 4180 catholico
603 4115 781 4180 Parisiensi
798 4114 979 4180 Athenaeo
994 4115 1138 4180 facultas
1155 4117 1295 4185 deesset.
1319 4095 1471 4196 mliii.

185 4219 319 4304 Quibus
334 4218 479 4302 cognitis
493 4219 679 4285 Consilium
695 4218 949 4285 Venerabilium
974 4219 1130 4284 Fratrum
1140 4219 1141 4224 ’
1152 4220 1294 4287 Nostro·
1320 4209 1393 4256 ’Μ’

184 4343 259 4388 rum
281 4323 316 4388 S.
338 4323 378 4386 R
395 4321 435 4387 E.
451 4322 681 4390 Cardinalium
698 4323 817 4390 studiis
840 4323 1000 4405 regundis
1016 4325 1295 4407 praepositorum,

181 4449 226 4492 ne
250 4447 407 4510 suprema
433 4427 517 4492 haec
542 4427 685 4494 facultas
712 4427 746 4493 in
773 4427 924 4510 principe
952 4425 1137 4493 Galliarum
1158 4428 1294 4496 civitate

244 4564 322 4610 Actu
339 4563 439 4610 Laours
455 4565 526 4611 xlll.
1156 4567 1202 4614 111.
1215 4581 1290 4627 -19·
