3194 4872
385 417 391 434 .
438 387 488 437 nrt
516 387 637 439 nesus
669 387 869 438 navarrae
1161 386 1204 457 25

110 571 277 636 multorum
303 571 423 636 studiis
439 581 558 636 ornata
573 582 633 649 est,
650 582 773 648 tamen,
789 571 823 634 in
840 591 907 635 uno
924 570 1014 636 velut
1026 571 1207 635 constricta
1234 601 1384 674 occasions

108 673 249 740 aedificio
264 695 399 758 unoque
422 675 455 737 in
472 685 653 758 conspectu
671 675 837 757 exposita,
853 675 961 739 elucet
977 675 1029 738 vel
1057 677 1206 739 maxime
1283 683 1339 731 ¹⁸⁶⁷·

108 777 136 842 in
152 797 247 860 opere
263 778 296 844 S.
314 777 497 860 Augustini
514 778 603 861 quod
629 787 681 842 est
695 779 748 842 De
769 777 912 844 Civitatc
926 778 1001 855 Dei,
1017 781 1206 860 pariterque
1232 764 1382 872 n‘JJ‘ffi·

108 881 138 945 in
158 882 295 948 Summa
315 885 457 965 utraque
482 882 515 947 S.
539 882 693 947 Thomae
722 883 931 965 Aquinatis:
961 881 1083 966 quibus
1114 881 1206 946 libris
1232 897 1284 928 ’Μ’
1302 884 1383 952 Arm]-

108 987 253 1050 conclusa
268 987 420 1070 proiecto
435 986 601 1053 habentur
616 1006 849 1071 quaecumque
872 996 966 1052 erant
982 1007 1003 1050 a
1017 988 1206 1070 quibusque
1232 957 1284 1047 iis*
1296 950 1384 1047 ‘'i-iiis

107 1091 302 1172 sapientibus
318 1102 416 1157 acute
432 1091 582 1174 cogitata
593 1092 817 1174 etdisputata,
829 1111 874 1155 ex
884 1090 990 1174 iisque
1006 1091 1083 1157 licet
1096 1091 1206 1172 capita
1232 1061 1383 1166 1¹}{„,¹{¹,¹,ss,²,⁸

106 1203 137 1255 et
151 1191 254 1258 fontes
270 1213 436 1259 arcessere
452 1195 522 1258 eius
538 1195 718 1258 eminentis
733 1193 1017 1276 doctrinaequam
1031 1191 1207 1257 nominant
1232 1192 1283 1296 ΞΖ
1314 1185 1382 1224 '‘m'‘

106 1297 299 1380 theologiam
317 1299 587 1363 christianam—
597 1298 842 1383 Exemplorum
857 1308 926 1363 tam
939 1297 1120 1380 insignium
1139 1315 1206 1359 me·

106 1403 201 1466 moria
231 1403 347 1484 utique
362 1422 422 1486 per
444 1403 506 1468 hos
522 1403 594 1467 dies
617 1401 809 1484 replicanda
825 1413 859 1466 et
876 1402 1020 1466 fovenda
1035 1409 1086 1500 est
1109 1400 1207 1474 clero,
1232 1398 1382 1502 munito·-

105 1507 231 1588 quando
243 1506 287 1570 ab
303 1505 452 1570 adversis
467 1506 619 1588 partibus
634 1517 747 1570 vetera
763 1507 888 1588 passim
919 1524 1013 1570 arma
1035 1521 1206 1570 exacuun-
1227 1517 1382 1636 aigum&

103 1615 160 1680 tur,
183 1618 296 1672 vetera
321 1607 426 1672 ferme
446 1609 572 1692 praelia
603 1609 813 1672 renovantur.
836 1607 986 1673 Tantum
1018 1607 1091 1685 hoc,
1115 1605 1206 1690 quod
1232 1635 1381 1686 „mmm-ca,

102 1711 175 1775 olim
191 1713 424 1796 repugnabant
440 1713 563 1778 ethnici
579 1712 780 1777 christianae
793 1713 954 1795 religioni,
964 1733 1006 1776 ne
1021 1711 1065 1776 ab
1081 1713 1206 1776 invete-

103 1816 175 1878 ratis
204 1819 380 1881 numinum
408 1816 525 1881 ritibus
557 1817 786 1900 institutisque
823 1818 1092 1896 deducerentur;
1117 1835 1205 1879 nunc

102 1926 204 1982 autem
217 1919 519 2001 perditissimorum
532 1921 707 1985 hominum
719 1940 821 2004 opera
832 1921 979 2003 pessima
989 1921 1022 1984 in
1032 1941 1075 1984 eo
1090 1929 1206 1996 certat,

102 2029 134 2082 ut
148 2040 165 2082 e
179 2022 367 2086 christianis
398 2023 531 2106 populis
551 2024 666 2087 divina
681 2025 795 2087 omnia
811 2025 1014 2088 documenta
1029 2033 1063 2088 et
1087 2043 1203 2106 perne-

101 2127 243 2204 cessaria,
259 2147 347 2209 quae
363 2131 458 2191 sacrd
482 2147 557 2192 cum
575 2127 641 2193 fide
657 2137 735 2192 sunt
752 2127 867 2204 indita,
889 2129 1039 2212 stirpitus
1050 2124 1206 2203 evellant,

101 2239 193 2310 atque
208 2250 267 2294 eos
283 2231 429 2296 deterius
450 2231 592 2296 ethnicis
611 2233 759 2296 habeant
774 2233 807 2295 in
832 2233 1067 2314 miseriamque
1092 2230 1205 2294 devol-

101 2347 172 2398 tant
202 2336 400 2414 maximam,
415 2337 448 2399 in
465 2339 575 2401 omnis
593 2337 749 2402 videlicet
765 2335 842 2400 fidei
868 2337 1103 2419 religionisque
1126 2355 1204 2399 con·

101 2445 257 2520 temptum
290 2449 323 2502 et
350 2441 564 2506 eversionem.
587 2441 691 2506 Cuius
713 2443 865 2524 impurae
887 2441 1001 2523 pestis,
1023 2460 1089 2524 qua
1111 2440 1202 2504 nulla
1229 2495 1273 2554 qut
1313 2495 1381 2540 dm..

101 2551 145 2604 est
165 2543 404 2622 detestabilior,
434 2543 481 2608 illi
507 2545 602 2610 initia
626 2545 741 2623 secere,
772 2547 828 2628 qui
861 2545 989 2609 homini
1017 2545 1203 2610 tribuerunt
1229 2531 1380 2600 lusit-nan.

101 2652 208 2710 natura
225 2657 370 2726 tanturn,
386 2658 423 2713 ut
439 2649 482 2713 de
497 2648 650 2714 doctrina
662 2650 822 2714 divinitus
838 2651 919 2713 data
934 2659 1047 2732 posset
1063 2649 1204 2732 quisquc
1229 2615 1300 2726 iiii,
1310 2628 1383 2732 sicii}

100 2769 152 2828 pro
168 2753 297 2816 ratione
312 2752 504 2836 iudicioque
519 2773 581 2817 suo
596 2773 800 2835 cognoscere
816 2762 850 2817 et
865 2754 1051 2830 decernere,
1104 2754 1112 2768 ⁰
1139 2753 1146 2767 “
1229 2794 1276 2843 ω,
1293 2799 1339 2852 p„
1354 2757 1380 2836 α’,

100 2873 168 2918 vero
190 2857 382 2920 auctoritati
406 2855 543 2921 subesse
558 2857 696 2922 deberet
713 2856 886 2922 Ecclesiae
907 2865 941 2921 et
955 2855 1126 2922 Pontificis
1152 2877 1203 2920 ro·
1228 2851 1316 2955 ml?
1331 2851 1381 2954 ἕξ·

100 2961 189 3036 mani,
204 2981 349 3044 quorum
366 2963 463 3026 unice
487 2972 547 3039 est,
569 2964 685 3026 divino
702 2963 862 3027 mandato
885 2971 918 3026 et
941 2960 1112 3038 beneficio,
1129 2982 1202 3025 eam
1239 2945 1368 3020 tertatbmi.

99 3062 280 3128 doctrinam
303 3065 481 3142 custodire,
503 3086 577 3130 eam
594 3066 734 3142 tradere,
754 3066 796 3129 de
812 3085 851 3129 ea
863 3066 1034 3130 verissime
1050 3065 1202 3128 iudicare.
1229 3029 1271 3132 ii„
1290 3029 1381 3132 iiiii.

101 3165 178 3230 Inde
193 3189 353 3251 praeceps
374 3169 428 3232 via
449 3171 596 3252 patebat,
612 3171 721 3252 patuit
737 3178 851 3233 autem
867 3169 932 3233 illis
953 3168 1144 3244 miserrime,
1160 3167 1203 3230 ad
1230 3161 1302 3251 w„
1313 3161 1380 3251 ’ξ’,ζ

101 3271 205 3334 omnia
229 3270 410 3335 inficianda
434 3283 469 3336 et
484 3272 699 3337 amandanda
720 3292 807 3354 quae
831 3279 910 3336 sunt
932 3292 1033 3354 supra
1049 3281 1202 3336 naturam
1229 3267 1326 3312 ΜΗ·
1451 3295 1454 3304 ·

102 3391 202 3438 rerum
224 3384 259 3438 et
285 3384 421 3456 captum
447 3375 591 3439 hominis
617 3377 748 3458 posita:
773 3384 845 3440 tum
870 3377 1103 3440 auctoritatem
1131 3393 1204 3438 esse
1388 3357 1391 3362 ¹

102 3475 303 3561 ullam,quae
318 3499 338 3540 a
351 3478 427 3542 Deo
442 3479 602 3556 dimanet,
614 3481 793 3563 ipsumque
805 3481 917 3544 Deum
933 3501 1015 3556 esse,
1029 3476 1203 3562 impuden-

102 3581 162 3644 tius
177 3593 460 3665 pernegaverunt;
476 3583 603 3668 delapsi
620 3595 792 3666 postremo
808 3585 841 3647 in
858 3594 1049 3650 commenta
1064 3593 1098 3647 et
1112 3570 1203 3645 Idea·

101 3685 188 3750 lismi
210 3689 337 3752 insulsa
364 3698 398 3751 et
429 3687 674 3752 Materialismi
703 3690 938 3754 abiectissima.
966 3689 1065 3753 Hanc
1089 3696 1203 3752 tamen

103 3790 320 3853 maximarum
334 3809 444 3853 rerum
456 3789 717 3869 inclinationem,
725 3793 782 3874 qui
792 3791 1034 3861 Rationalt'stae
1044 3801 1205 3854 vocantur

102 3891 195 3972 quive
210 3893 452 3970 Naturalistac,
467 3895 734 3976 progressionem
756 3896 921 3972 scientiae,
937 3896 1202 3979 progressionem

102 3998 265 4062 societatis
291 3999 468 4076 humanae,
489 3999 631 4063 mentito
655 4000 800 4078 nomine,
823 4001 992 4084 appellare
1016 4019 1082 4064 non
1108 3998 1202 4062 dubi·

102 4111 179 4180 tant,
204 4123 290 4186 quae
313 4123 427 4168 revera
450 4103 621 4186 utriusque
645 4105 807 4189 pernicies
831 4113 882 4168 est
905 4115 1006 4187 atque
1023 4103 1202 4167 excidium.
1230 4149 1378 4206 Qum„

143 4207 268 4290 ltaque,
303 4207 523 4272 venerabiles
561 4207 686 4287 fratrea,
716 4211 888 4291 cognitum
926 4218 1203 4293 perspectumque
1230 4207 1379 4267 rusi-tosar-

1229 4271 1308 4312 nialus
1347 4267 1382 4310 ad

101 4309 226 4376 habetis
238 4312 326 4396 quali
340 4311 468 4376 ratione
489 4320 522 4375 et
538 4313 592 4376 via
607 4311 761 4376 alumnos
777 4313 949 4377 Ecclesiae
964 4312 1086 4376 erudiri
1105 4332 1203 4396 opor·
1228 4329 1268 4371 los
1306 4327 1380 4370 aeaer-

101 4421 166 4477 teat
181 4415 225 4478 ad
242 4415 381 4478 maiores
397 4414 576 4492 doctrinas,
601 4424 638 4479 ut
657 4415 895 4480 convenienter
906 4415 1112 4499 temporibus
1140 4415 1202 4478 uti·
1228 4384 1320 4502 iffi,
1340 4399 1379 4429 ‘³'
