3194 4872
443 513 809 598 hunocumo
907 454 934 457 ’ἦ
1141 468 1167 651 {3J

416 711 420 718 ·
508 682 556 741 ad
580 683 750 742 Polonon¹

96 981 291 1358 Ur
322 997 420 1054 tanta
445 988 620 1053 homiuum
651 987 847 1072 frequentia,
875 991 933 1074 qui
959 993 1108 1076 undique
1133 993 1178 1059 ob
1213 1016 1346 1104 mgm

279 1092 593 1175 quinquagesimum
604 1092 783 1157 sacerdotii
796 1093 944 1158 natalem
957 1095 999 1160 ad
1010 1096 1083 1160 Nos
1095 1116 1176 1180 quo·
1249 1113 1313 1158 1888.

278 1195 362 1260 tidie
377 1195 559 1260 salutatum
575 1196 712 1273 adeunt,
727 1206 860 1279 gratum
874 1205 970 1262 estet
982 1220 1041 1263 vos
1057 1199 1177 1264 intueri

514 1300 521 1314 .
545 1300 552 1315 .
807 1302 815 1316 .
1036 1303 1044 1318 .
1108 1305 1116 1318 .
1249 1273 1355 1318 Laetatrn

280 1320 366 1383 quos
386 1320 430 1364 ex
446 1298 575 1364 Galrcra
600 1309 634 1364 et
657 1301 880 1366 eDucatrbus
906 1301 1116 1368 Cracovrensr
1143 1312 1177 1367 et
1202 1333 1354 1392 ἄρχω.

95 1403 293 1468 Bucovinensi
321 1403 447 1467 eximia
475 1403 609 1485 pietatis
624 1404 675 1467 vis
701 1403 846 1468 Romam
871 1405 1032 1484 evocavit,
1051 1405 1176 1470 scilicet
1203 1391 1354 1502 12&ssssss

94 1515 123 1570 ut
137 1515 166 1569 et
185 1516 288 1570 vestra
304 1515 338 1570 et
360 1503 572 1589 popularium
588 1514 774 1571 vestrorum
791 1504 899 1570 officia
914 1527 1026 1571 coram
1037 1507 1176 1589 profite·
1202 1509 1355 1614 mm·

93 1607 202 1671 remini.
228 1609 322 1672 Haec
344 1608 557 1671 voluntatum
572 1607 761 1685 concordia,
787 1628 874 1692 quae
901 1611 986 1674 adeo
1001 1621 1126 1692 est.per
1141 1631 1176 1677 se
1203 1629 1280 1696 quus,
1303 1641 1355 1686 qua

93 1707 154 1789 ipsa
175 1707 339 1787 mirabilis,
362 1727 403 1771 eo
423 1708 496 1772 Nos
522 1707 753 1771 vehementius
773 1707 928 1786 delectat,
944 1711 1034 1791 quod
1050 1711 1176 1794 cogita·
1203 1691 1269 1804 3Ῐῖ
1287 1691 1356 1797 {25²

94 1831 155 1874 mus
179 1833 240 1876 uon
266 1813 409 1895 exiguas
435 1831 507 1874 esse
533 1812 621 1875 inter
646 1831 705 1875 vos
730 1821 763 1875 et
788 1832 909 1894 genere
926 1825 960 1876 et
975 1833 1127 1880 sermone
1143 1824 1177 1879 et
1203 1818 1356 1908 ὥρῃ

93 1913 154 1996 ipso
171 1916 320 2000 religioso
334 1917 399 1978 ritu
414 1913 709 1980 dissimilitudines.
724 1915 852 1998 Utique
867 1917 1074 1982 nobilissima
1094 1918 1176 1982 haec
1202 1923 1354 2028 aam-

93 2027 141 2094 est,
154 2029 184 2082 et
199 2039 294 2084 verae
311 2018 436 2084 Christi
464 2017 635 2083 Ecclesiae
660 2020 756 2082 unice
780 2020 915 2102 propria
939 2020 1020 2098 laus,
1034 2019 1177 2104 populos
1203 2041 1315 2110 aceresia
1328 2055 1354 2110 ῃ-

92 2141 146 2188 uno
159 2145 268 2190 omnes
292 2124 474 2206 complexu
497 2131 611 2188 tenere
637 2124 843 2201 coniunctos,
867 2125 1033 2208 simulque
1049 2125 1177 2189 efficere
1203 2101 1345 2205 ἶιζῖξζᾷἶω

92 2235 128 2302 ut,
151 2238 364 2309 permanente
388 2247 518 2292 morum
544 2237 645 2310 atque
670 2227 839 2310 originum
865 2228 1065 2306 discrimine,
1088 2228 1177 2292 idem
1261 2246 1264 2256 ·

93 2337 192 2394 tamen
208 2331 351 2395 universi
366 2331 521 2408 sentiant,
537 2331 694 2413 idemque
709 2329 821 2395 velint.
836 2368 880 2379 —
896 2330 997 2412 Quod
1013 2331 1055 2394 ad
1072 2331 1178 2394 diver-

92 2453 136 2496 sos
149 2437 430 2500 caeremoniarum
455 2436 739 2498 sanctissimarum
765 2435 847 2498 ritus
874 2436 1004 2512 attinet,
1028 2435 1179 2517 prolecto

91 2537 274 2621 Apostolica
285 2540 689 2621 Sedes,quemadmodum
700 2560 735 2603 re
744 2539 817 2623 ipsa
826 2559 957 2621 semper
968 2549 1178 2622 perspectum

91 2651 138 2716 est,
152 2664 214 2707 non
231 2644 336 2707 modo
347 2663 415 2706 non
433 2652 572 2720 recusat,
583 2643 641 2708 sed
658 2641 774 2707 volens
790 2653 823 2706 et
847 2643 955 2706 libens
971 2645 1124 2710 concedit
1143 2653 1179 2708 ut

90 2759 190 2826 gentes
205 2747 357 2830 singulae
371 2748 630 2812 consuetudines
646 2747 812 2830 legitimas
830 2747 1057 2832 traditumque
1073 2770 1092 2812 a
1109 2769 1178 2813 ma-

90 2847 198 2915 ioribus
213 2871 340 2916 morem
357 2851 548 2914 custodiant
564 2869 603 2912 ac
619 2858 783 2914 tueantur.
808 2887 852 2898 -
868 2850 980 2914 Tanta
1000 2853 1034 2915 in
1051 2855 1179 2918 unitate

89 2951 223 3030 varietm,
247 2950 329 3034 regii
355 2951 459 3014 instar
483 2950 625 3013 amictus
655 2961 714 3026 est,
745 2951 855 3032 specie
886 2949 1059 3034 formaque
1088 2955 1179 3016 varia

90 3056 251 3137 conspicui,
266 3075 334 3138 quo
349 3055 565 3118 immaculata
577 3052 703 3119 Christi
718 3073 841 3137 sponsa
859 3056 965 3137 magis
981 3055 1119 3119 efficitur
1135 3057 1177 3120 ad

90 3162 293 3238 spectandum
311 3161 459 3243 insignis.

124 3263 232 3349 Atque
268 3264 459 3329 huiusmodi
500 3263 783 3327 conciliandorum
826 3264 1027 3346 populorum
1066 3266 1178 3342 virtus,
1224 3292 1357 3352 summ

90 3367 206 3442 quaein
224 3365 375 3429 Ecclesia
391 3363 522 3440 residet,
537 3363 603 3426 late
634 3373 757 3439 manat,
773 3365 984 3446 multumque
1000 3373 1119 3446 potest,
1141 3377 1178 3430 ut
1203 3353 1356 3456 fifflffiel,

90 3485 137 3529 vos
168 3470 227 3552 ipsi
254 3469 461 3550 experiendo
485 3469 599 3545 nostis,
623 3468 665 3531 ad
694 3469 929 3549 componenda
956 3469 1093 3533 dissidia
1116 3471 1178 3535 tol·
1203 3472 1328 3530 capacem.

90 3568 259 3656 lendasque
275 3573 497 3648 difficultates,
510 3592 594 3654 quas
606 3571 692 3635 forte
707 3571 759 3635 vel
776 3591 884 3634 rerum
903 3581 1022 3636 eventa
1043 3573 1094 3637 vel
1118 3574 1178 3636 ho-

91 3674 201 3738 minum
219 3677 331 3740 studia
347 3675 575 3758 excitaverint.

126 3777 239 3844 Sancte
254 3781 356 3862 igitur
366 3778 591 3860 inviolateque
613 3776 818 3860 praeclarum
836 3777 937 3840 istum
952 3779 1093 3843 retinete
1109 3781 1177 3842 ani·
1233 3783 1357 3888 Hffvr

91 3899 203 3946 norum
228 3901 438 3958 consensum,
466 3883 521 3964 qui
546 3891 725 3963 perpetuus
755 3890 806 3944 est
833 3889 866 3943 et
897 3880 974 3944 fidei
1001 3902 1113 3945 comes
1144 3892 1177 3945 et
1202 3853 1355 3954 Ϊῖἷιεκηωοῖἶ

91 3985 220 4050 caritatis
245 3987 446 4051 christianae
467 3985 599 4049 fructus.
625 4021 668 4032 -
696 3984 828 4067 Pergite
851 3985 884 4046 in
911 3986 1073 4067 obsequio
1098 3986 1176 4050 obe·
1198 3974 1355 4082 {5¹⁴²“3'2'd2'j
1384 4015 1396 4038 τ

92 4087 266 4172 dientiaque
281 4109 361 4173 erga
374 4087 593 4172 apostolicam
611 4087 745 4164 Sedem,
769 4086 883 4151 multis
899 4088 964 4150 iam
991 4089 1089 4152 rebus
1104 4109 1177 4170 per·
1202 4153 1262 4190 cam,
1324 4077 1356 4181 ‘u-

94 4203 199 4271 specta,
209 4196 367 4292 immotos
377 4213 585 4275 permanere:
602 4193 750 4274 itemque
760 4193 803 4256 ad
815 4212 949 4255 omnem
962 4191 1176 4259 christianam
1202 4197 1356 4316 ‘3355‘ss

95 4293 209 4362 laudem
225 4299 446 4378 contendere;
462 4297 504 4360 ad
521 4297 661 4360 illustria
678 4296 841 4361 maiorum
857 4305 1042 4359 vestrorum
1063 4316 1176 4364 exem·
1211 4317 1269 4372 ipsis
1292 4315 1357 4360 dem

97 4399 142 4480 pla
154 4402 252 4467 vitam
270 4423 445 4485 moresque
460 4421 669 4485 componere.
1204 4383 1331 4422 nmmum.
