3194 4872
478 360 529 411 us
555 360 723 412 sumam
751 359 971 411 sanvrrurs.
1229 355 1273 427 77

167 557 190 602 a
207 558 293 602 nova
306 539 371 600 ista
385 539 615 620 procreatione
630 546 732 619 atque
749 537 782 599 in
799 537 864 600 Dei
881 535 1041 598 familiam
1052 537 1274 618 cooptatione,
1363 565 1381 610 5

167 663 238 706 non
255 662 276 704 a
301 641 453 705 claritate
482 642 621 723 generis,
641 650 838 704 ornamenta
862 639 1024 722 proficisci
1037 662 1046 718 ;
1072 660 1093 703 a
1117 639 1274 712 veritatis,
1335 612 1414 707 m

165 767 238 810 nou
255 767 275 808 a
289 745 462 828 sanguinis
476 744 575 808 laude
590 745 789 826 dignitatem
809 745 917 825 parari
934 766 941 822 ;
957 764 1025 826 quo
1040 763 1119 808 vero
1146 743 1272 824 species

164 848 246 929 ipsa
269 847 480 930 evangelicae
487 847 720 926 fraternitatis
750 845 945 927 ampliorem
972 845 1096 910 lrabeat
1120 843 1273 920 fructum,
1300 853 1368 912 Quia
1382 855 1448 924 ‚fra-

164 970 257 1032 opus
282 952 463 1016 admodum
488 970 568 1027 esse,
592 949 643 1013 vel
670 951 703 1012 in
734 959 874 1014 externa
904 951 993 1014 vitae
1022 949 1273 1024 consuetudine,
1297 919 1440 1034 emissa

163 1055 430 1120 vicissitudinem
455 1055 636 1136 quamdam
665 1054 793 1118 elucere
821 1053 1006 1118 studiorum
1038 1064 1072 1117 et
1087 1051 1271 1116 officiorum

164 1159 433 1234 libentissimam,
442 1159 490 1222 ita
505 1167 542 1221 ut
557 1159 641 1220 servi
658 1157 776 1221 eodem
789 1155 893 1220 ferme
915 1156 989 1220 loco
1016 1158 1180 1221 ducantur
1205 1173 1273 1238 quo

162 1264 345 1328 domestici
360 1272 394 1327 et
409 1261 597 1337 familiares,
607 1262 713 1344 iisque
733 1282 754 1324 a
769 1261 1008 1344 patrefamilias
1025 1281 1091 1325 non
1108 1261 1216 1324 solum
1232 1281 1272 1322 ea
1305 1256 1373 1323 ‚Mt
1386 1259 1448 1302 “rvi

162 1376 351 1448 suppetant
362 1386 447 1448 quae
458 1374 538 1428 sunt
549 1365 637 1428 vitae
662 1367 844 1448 victusque,
859 1365 917 1428 sed
934 1367 1048 1429 omnia
1072 1367 1173 1429 etiam
1199 1365 1272 1428 reli·
1291 1315 1445 1434 13350ῗῖ-

161 1474 284 1555 giosae
299 1469 517 1535 institutionis
540 1469 715 1552 praesidia.
740 1470 770 1534 E
795 1469 955 1552 singulari
979 1471 1124 1552 denique
1149 1470 1270 1534 saluta·
1298 1434 1415 1480 'mam'

161 1578 263 1650 tione
279 1573 372 1637 Pauli
387 1574 429 1637 ad
443 1573 681 1647 Philemonem,
693 1575 836 1654 gratiam
859 1573 1071 1655 adprecantis
1096 1586 1130 1638 et
1154 1593 1270 1655 pacem

161 1679 332 1744 Ecclesias
346 1698 427 1760 quae
443 1678 478 1740 in
492 1677 584 1740 dama
595 1686 654 1740 tua
667 1686 716 1740 ast
730 1676 781 1760 (1),
796 1678 1034 1741 documentum
1048 1697 1153 1760 aeque
1165 1678 1271 1742 domi·

161 1786 223 1849 nis
239 1783 405 1864 servisque
420 1781 608 1844 christianis
631 1782 758 1862 optime
773 1781 887 1844 haberi
903 1790 1076 1858 statutum,
1087 1802 1171 1864 quos
1187 1783 1273 1847 inter

160 1886 363 1952 communio
386 1887 429 1949 sit
454 1883 540 1959 fidei,
564 1885 731 1947 intereos
757 1885 1027 1950 communionem
1053 1905 1125 1949 esse
1150 1886 1271 1952 debere

160 1989 344 2071 caritatis(
362 1989 383 2071 ).
406 2026 451 2036 -
466 1988 519 2051 De
535 1987 666 2052 Latinis
681 1989 799 2051 merito
816 1997 849 2052 et
875 1988 945 2051 iure
969 2009 1271 2055 commemoramus

160 2095 412 2172 Ambrosium;
442 2093 498 2175 qui
529 2101 600 2156 tam
624 2093 774 2156 studiose
803 2093 837 2156 in
868 2094 986 2158 eadem
1010 2114 1127 2158 caussa
1154 2113 1271 2158 omnes

159 2198 450 2264 necessitudinum
466 2197 611 2260 rationes
628 2205 678 2260 est
694 2207 896 2278 persecutus,
911 2207 1049 2279 tamque
1075 2197 1211 2262 definite
1226 2199 1268 2261 ad

156 2301 362 2366 christianas
377 2301 469 2382 leges
485 2301 616 2382 utrique
631 2300 805 2364 hominum
821 2302 934 2384 generi
961 2303 1094 2384 propria
1110 2302 1268 2370 attribuit.
1296 2295 1444 2346 sammaa.

158 2427 270 2470 nemo
299 2415 335 2469 ut
361 2407 471 2488 aptius
505 2403 645 2468 fecerit:
683 2405 776 2469 cuius
812 2405 997 2469 sententiae
1037 2404 1118 2467 nihil
1149 2405 1269 2469 attinet
1295 2355 1446 2470 megg-

155 2513 279 2575 dicere
293 2529 392 2591 quarn
409 2509 507 2590 plene
522 2529 598 2572 cum
614 2509 787 2573 sententiis
804 2508 1035 2592 Chrysostomi
1058 2507 1269 2590 perfecteque
1290 2473 1447 2576 ppssarnara

157 2613 369 2676 conveniant
385 2610 398 2694 (
414 2611 436 2694 ).

207 2714 319 2778 Erant
332 2715 414 2778 haec
431 2714 622 2792 rectissime,
637 2724 674 2778 ut
700 2723 802 2797 patet,
829 2714 1019 2796 utiliterque
1044 2713 1249 2797 praescripta
1263 2733 1270 2792 ;

152 2819 272 2882 sedet
288 2819 362 2896 iam,
378 2819 467 2902 quod
478 2828 580 2900 caput
594 2828 654 2896 est,
670 2819 799 2901 integre
814 2827 994 2901 sancteque
1006 2839 1027 2882 a
1049 2819 1165 2902 priscis
1187 2827 1269 2882 tem-

152 2922 302 3008 poribus
312 2931 390 2986 sunt
404 2923 571 2986 custodita
581 2923 780 3004 ubicumque
791 2921 901 2985 floruit
912 2922 1090 2987 christiana
1102 2921 1270 3004 professio

151 3067 203 3079 -
215 3027 319 3109 Quod
332 3027 500 3104 nisiesset,
510 3046 577 3090 nou
587 3028 635 3090 ita
646 3027 852 3103 Lactantius,
870 3026 1025 3090 defensor
1036 3025 1090 3088 ille
1102 3025 1270 3106 religionis

152 3133 322 3208 eximius,
346 3129 551 3195 confidenter
580 3131 675 3212 quasi
702 3131 795 3193 testis
824 3131 981 3194 instaret:
1008 3129 1105 3193 Dicet
1126 3129 1270 3211 aliquas:

152 3239 287 3304 Nonne
299 3245 377 3298 sant
384 3233 474 3316 apud
486 3255 542 3297 vas
556 3233 620 3296 alii
626 3245 792 3315 pauperes,
807 3233 871 3296 alii
882 3232 1011 3310 divites,
1023 3233 1088 3296 alii
1101 3233 1197 3310 servi,
1206 3233 1271 3296 alii
1310 3245 1447 3288 Praeclarus

150 3338 321 3407 domr'nr'P
336 3336 580 3420 nonnealiquid
602 3337 689 3399 inter
710 3337 856 3418 singulas
881 3336 1047 3399 interest?
1070 3335 1192 3400 Nihil:
1216 3356 1271 3398 nac
1293 3303 1446 3408 mrim

145 3447 235 3512 alia
249 3465 365 3508 caussa
375 3453 489 3506 estcur
497 3442 587 3505 nabas
598 3441 734 3504 inut'cem
740 3443 897 3521 fratrum
909 3461 1021 3504 nomen
1033 3441 1270 3522 impertaamur,

149 3548 236 3617 nisi
247 3548 326 3630 quta
336 3557 433 3628 pares
443 3567 509 3609 esse
521 3567 577 3609 nas
591 3545 774 3608 credimus:
786 3565 863 3608 nam
878 3565 978 3627 quum
990 3545 1100 3608 omnia
1115 3544 1269 3622 humana,

150 3676 227 3721 non
252 3662 376 3733 corpore
389 3651 449 3713 scd
470 3650 588 3731 spiritu
616 3649 801 3725 metiamur,
824 3649 956 3711 tametsi
971 3659 1137 3730 carporum
1150 3651 1196 3712 sit
1220 3649 1269 3711 di-

145 3775 261 3825 versa
277 3755 421 3825 conditae.
434 3753 524 3816 nabis
541 3763 647 3816 tamen
663 3753 753 3814 serui
767 3773 829 3814 non
845 3761 931 3830 sunt,
940 3751 998 3814 sed
1009 3772 1059 3815 eas
1073 3762 1105 3815 et
1118 3752 1270 3816 habemus

142 3875 183 3932 et
199 3859 350 3925 dr'cr'mus
363 3859 482 3942 spiritu
489 3859 630 3937 fratres,
646 3857 799 3939 religione
812 3877 977 3919 conservas
991 3855 1043 3938 (4).

200 3963 440 4030 Procedebant
455 3961 626 4025 Ecclesiae
642 3981 740 4023 curae
756 3961 797 4023 in
823 3961 1009 4040 patrocinio
1034 3979 1211 4035 servorum,
1228 3969 1270 4036 et,

147 4067 259 4138 nulla
276 4067 376 4130 missa
399 4067 659 4149 opportunitate,
682 4085 722 4128 eo
749 4083 853 4146 usque
880 4073 976 4127 caute
1000 4063 1219 4144 pertinebant,
1243 4065 1270 4128 si

190 4278 216 4310 1.
234 4261 273 4306 Ad
287 4261 356 4312 Phil,
369 4271 393 4312 v,
406 4274 427 4304 a.
440 4283 470 4292 —
480 4273 501 4304 2.
515 4259 589 4304 Hom,
604 4267 680 4310 xxlx,
693 4259 718 4303 in
729 4259 799 4310 Gen..
813 4271 847 4303 or.
860 4257 885 4302 in
896 4257 989 4310 Lazar..
1004 4257 1078 4303 Hom.
1098 4267 1153 4304 x1x.
1166 4259 1191 4303 ln
1210 4273 1247 4319 ep.
1262 4272 1270 4305 1

152 4333 193 4381 ad
212 4330 285 4380 Cor..
299 4328 373 4373 Hom.
386 4337 402 4379 1,
417 4328 441 4372 in
451 4340 488 4384 ep.
502 4328 535 4371 ad
546 4326 605 4371 Phil.
617 4349 647 4358 —
657 4339 677 4384 3.
693 4325 730 4370 De
748 4326 804 4370 Abr.
825 4325 948 4376 delacob,
964 4333 988 4370 et
1005 4327 1053 4371 vita
1070 4326 1271 4380 beatac.111‚de
1313 4359 1315 4362 -

156 4402 235 4466 Patr.
250 4395 345 4452 loseplu
360 4407 379 4440 c.
392 4403 426 4448 lv,
439 4393 537 4440 Exhort.
550 4393 632 4451 virgin.
646 4407 666 4438 c.
681 4403 697 4438 1,
709 4417 739 4425 -
748 4407 770 4449 4
785 4393 862 4438 Divin.
877 4391 955 4438 lnstit.
966 4392 981 4437 l.
995 4402 1018 4436 v.
1032 4407 1052 4438 c.
1067 4394 1101 4438 1⁶.
