3172 4874
412 492 420 505 0

397 517 420 541 ὲ.

385 541 419 563 ⁷³·

412 568 419 581 Ι

451 653 499 712 ad
522 651 761 714 cardinalem
789 651 1031 712 Fredericum
1059 638 1322 728 rirrstenberg,
1345 655 1420 711 iir-
1452 608 1478 747 {i

451 785 994 860 chlepisc.01umucensem‚et
1011 785 1255 844 Franciscum
1269 797 1293 844 a
1305 785 1422 844 Paula
1451 758 1476 847 .ἷῇ’

451 909 685 984 Schdnborn‚
708 909 938 982 archiepisc.
969 909 1205 983 Pragensem,
1232 913 1270 966 et
1300 922 1420 968 vene-

1448 945 1461 974 ,

449 1034 587 1094 rabiies
617 1033 766 1092 Fratres
794 1032 1021 1104 archiepisc.
1046 1036 1084 1090 et
1113 1029 1233 1104 Episc.
1262 1033 1418 1104 Imperii
1451 963 1488 1030 ἰ

394 1110 420 1152 '
834 1155 1030 1214 austriaci.
1451 1136 1477 1229 {i}

381 1263 417 1380 31}
450 1286 1419 1362 nl:Qumusoaucarrrmuscononsssm
1452 1259 1487 1371 ,ἒ

407 1534 1457 1555 ιιιιιιιιιιιιιιιιιιιιιιιιιιιιιιιιιιιιιιιιιιιιιιιιιιιιιιιιιιιιιιιιιιιιιιιιιιιιι

377 1547 516 1623 mv
539 1574 553 1592 ι’
576 1574 589 1591 ι’
613 1572 696 1607 e'emey
724 1572 766 1591 ι’·
797 1578 803 1591 ι
835 1572 891 1591 1'a‘
919 1572 1035 1605 '1¹07'ss
1057 1574 1481 1601 e'u'efffa'a'fl1''.'1*.⁸.,

1211 1604 1214 1609 ,
1362 1606 1363 1609 ,
1472 1600 1477 1607 .

265 1677 284 1722 ³
376 1723 392 1762 a
566 1685 599 1750 N
616 1687 690 1769 ipso
705 1685 851 1770 supremi
869 1683 1098 1764 Pontificatus,
1110 1707 1177 1770 quo
1193 1689 1376 1771 providens
1393 1689 1483 1754 Deus

153 1799 156 1810 '
300 1809 310 1896 ’ἱ
452 1797 487 1946 I
587 1791 661 1854 Nos
674 1793 780 1870 auxit,
793 1791 945 1870 exordio,
957 1791 1207 1857 universitatem
1220 1793 1379 1858 catholici
1393 1795 1482 1858 orbis

196 1957 216 2005 g
232 1959 247 1989 u
265 1901 349 1990 ,3222
375 1691 561 2068 {U}
586 1903 795 1974 contuentes,
809 1893 988 1960 habuimus
1000 1895 1157 1978 equidem
1171 1897 1264 1978 quod
1280 1895 1479 1962 laetaremur

230 2064 234 2072 ,
588 2008 658 2063 tam
685 1997 792 2064 muita
816 2017 890 2064 esse
908 2008 1046 2082 tamque
1067 2000 1201 2083 egregia
1226 2001 1372 2065 inomni
1395 2011 1481 2066 recte

197 2069 287 2170 m
318 2071 349 2110 '⁶'
375 2101 538 2168 sactorum
553 2121 676 2186 genere
691 2103 743 2168 vel
759 2103 872 2168 studia
888 2101 940 2168 vei
956 2122 1067 2186 opera.
1079 2103 1113 2166 in
1136 2123 1232 2187 quae,
1244 2102 1322 2169 Deo
1338 2105 1480 2179 iuvante,

374 2207 457 2270 sacri
480 2216 632 2290 pastores
647 2216 681 2272 et
697 2216 836 2291 uterque
863 2207 970 2273 clerus
987 2205 1169 2290 fidelesque
1194 2205 1350 2272 homines
1367 2208 1479 2272 sedulo

374 2309 628 2378 incumberent:
658 2331 768 2395 neque
794 2321 908 2377 tamen
934 2311 1006 2376 sine
1032 2312 1153 2377 acerba
1179 2311 1242 2377 fuit
1270 2313 1479 2396 aegritudine

374 2416 591 2499 conspexisse
619 2415 788 2482 Ecclesiae
803 2417 928 2496 hostes¹
951 2417 1099 2500 pessimo
1127 2417 1263 2481 loedere
1277 2419 1477 2492 coniuratos,

374 2519 481 2584 moliri
509 2539 549 2584 ac
574 2527 704 2586 tentare
726 2519 850 2598 omnia,
876 2530 914 2585 ut
938 2520 1136 2586 admirabile
1162 2521 1251 2584 istud
1279 2519 1476 2602 aedificium,

372 2623 462 2705 quod
479 2623 632 2707 perfugio
647 2624 786 2690 humaui
801 2625 932 2709 generis
954 2625 1027 2709 ipse
1046 2625 1171 2690 extulit
1187 2625 1290 2704 Deus,
1313 2627 1473 2692 convelle

372 2735 445 2790 rent
460 2736 562 2809 atque
577 2728 672 2806 adeo,
687 2728 714 2792 si
730 2727 799 2792 fieri
812 2737 935 2810 posset,
955 2727 1199 2793 exscinderent
1210 2763 1254 2776 —
1266 2724 1366 2810 Quae
1382 2729 1472 2793 nimi·

226 2841 348 2889 neser-rur
372 2849 445 2894 rum
472 2830 572 2914 louge
596 2830 730 2916 lateque
753 2831 787 2896 in
813 2830 999 2897 Ecclesiam
1025 2831 1149 2898 Christi
1173 2832 1269 2897 ardet
1292 2832 1471 2906 dimicatio,
1572 2823 1573 2826 '

194 2907 345 3007 mm
371 2933 432 2998 etsi
448 2934 548 2998 variis
563 2954 624 3018 pro
638 2935 800 3001 varietate
812 2935 961 3002 iocorum
973 2936 1101 3000 artibus
1112 2936 1280 3018 armisque
1290 2945 1469 3012 exercetur,

369 3144 633 3227 praescriptam
658 3163 679 3208 a
709 3142 853 3222 familiis,
882 3163 902 3208 a
927 3143 1059 3222 scholis,
1088 3164 1108 3208 a
1140 3143 1280 3228 legibus,
1310 3143 1355 3208 ab
1380 3143 1467 3208 insti-

369 3247 450 3311 tutis
480 3247 622 3331 vestigia
651 3246 821 3331 religionis
850 3247 961 3314 delere
997 3247 1120 3326 omnia,
1146 3246 1332 3312 Ecclesiam
1363 3247 1465 3331 ipsam

369 3348 583 3417 facultatibus
599 3352 666 3416 suis
682 3361 716 3417 et
736 3352 859 3435 insigni
879 3372 946 3436 qua
961 3353 1067 3436 pollet
1082 3353 1116 3415 in
1139 3371 1320 3416 commune
1343 3351 1464 3416 mrum

367 3453 490 3520 virtute
504 3455 656 3539 spoliare,
667 3455 982 3539 perniciosissimam
996 3475 1143 3521 errorum
1159 3465 1289 3540 pestem
1306 3455 1339 3518 io
1352 3471 1464 3518 omnes

367 3576 469 3624 venas
492 3559 699 3626 domesticae
722 3560 894 3644 civilisque
915 3559 1169 3626 communitatis
1196 3558 1381 3625 infundere.
1411 3557 1464 3624 Ab

366 3664 563 3729 adversariis
578 3664 646 3728 iam
663 3663 744 3728 nihil
761 3674 984 3748 temperatum
1001 3673 1061 3741 est,
1085 3662 1216 3730 infinita
1231 3663 1389 3742 licentid;
1410 3663 1461 3746 qui

364 3767 499 3853 plurimi
515 3787 672 3851 acresque
688 3767 721 3830 in
738 3767 819 3844 iura,
845 3768 1044 3845 libertatem,
1068 3767 1272 3850 dignitatem
1289 3767 1461 3846 Ecclesiae,

363 3873 396 3936 io
414 3870 601 3955 Episcopos
621 3889 806 3954 omnesque
819 3869 899 3935 cleri
917 3870 1060 3950 ordines,
1084 3871 1117 3934 in
1134 3871 1370 3936 auctoritatem
1398 3889 1461 3933 ma·

361 3977 455 4040 xime
470 3983 504 4040 et
519 3975 744 4058 principatum
760 3975 888 4040 romani
906 3973 1077 4040 Pontificis
1093 3976 1295 4040 invaserunt
1314 3975 1371 4040 Ex
1394 3987 1460 4038 tan·

361 4080 405 4144 tis
435 4078 602 4144 catholico
629 4080 756 4144 nomini
783 4081 911 4145 iniuriis
952 4079 1064 4158 illatis,
1094 4080 1202 4144 muita
1239 4081 1273 4143 in
1312 4079 1459 4144 nationes

361 4180 578 4263 ingentiaque
588 4183 675 4246 mala
684 4183 917 4265 profluxerunt
927 4193 961 4246 et
973 4183 1144 4266 profluunt
1155 4207 1163 4248 :
1173 4183 1207 4247 io
1219 4183 1259 4248 iis
1271 4182 1459 4255 dolendum,

363 4291 400 4344 ut
416 4293 527 4364 serpat
555 4283 654 4347 latius
669 4286 865 4367 opinionum
885 4287 1093 4368 perversitas,
1115 4287 1323 4370 comitesque
1339 4287 1457 4370 impro-

363 4382 451 4444 bitas
477 4393 510 4448 et
525 4385 646 4449 seditio
661 4388 796 4468 spiritus
823 4387 953 4466 tollant,
979 4400 1081 4472 atque
1097 4389 1175 4454 inde
1202 4389 1300 4454 rebus
1321 4389 1455 4473 publicis
