3250 4876
199 409 251 460 DE
269 408 490 460 PRAECIPUIS
508 403 646 459 ClVlUM
665 401 985 456 CHRISTIANORUM
1004 399 1175 453 OFFICIIS·
1218 401 1241 467 9

125 580 258 646 civibus
288 580 485 665 respublica,
510 579 601 645 aliud
632 599 652 644 a
683 578 873 644 christianis
899 576 1017 660 religio
1050 573 1241 659 postulare:
1273 586 1417 683 wjgffl

127 685 232 768 idque
248 705 315 750 non
326 685 393 749 alia
408 704 491 750 sane
505 685 548 749 de
558 703 684 760 caussa,
700 703 802 766 quam
818 681 910 765 quod
926 691 1072 746 rectores
1084 677 1241 762 reipubli·
1310 683 1375 743 189⁰·

126 810 189 855 cae
205 810 333 854 sacram
349 790 520 854 Ecclesiae
536 798 740 874 potestatem
753 797 813 852 aut
826 787 907 851 nihil
920 786 1015 870 pensi
1030 785 1167 862 habent,
1182 791 1241 848 aut
1300 846 1419 904 raptant

123 893 191 958 sibi
215 894 334 959 volunt
360 913 434 958 esse
459 892 655 958 subiectam.
683 892 774 956 Hinc
800 902 833 956 et
858 901 1027 956 certamen
1056 888 1182 965 existit,
1206 895 1241 952 et
1266 909 1345 950 rama
1369 904 1418 950 an·-

124 997 367 1081 periclitandae
377 997 490 1062 virtuti
501 997 535 1062 in
546 996 729 1061 certamine
742 996 844 1060 locus.
857 995 968 1078 Urget
983 995 1072 1059 enim
1089 1001 1240 1077 potestas
1264 963 1420 1076 imcut-

126 1099 275 1183 duplex:
311 1101 432 1185 quibus
462 1101 630 1166 contraria
664 1099 857 1166 iubentibus
886 1097 1112 1181 obtemperari
1141 1095 1240 1161 simul
1262 1083 1418 1188 {zmirssffss

128 1207 278 1291 utrisque
293 1226 361 1271 non
377 1216 491 1290 potest
503 1231 511 1272 :
524 1207 632 1271 Nemo
642 1215 747 1290 potest
760 1205 886 1271 duobus
898 1205 1043 1269 dominis
1051 1203 1174 1268 seruire
1188 1203 1242 1287 (1),
1267 1215 1334 1305 ΕΖΓ·
1361 1201 1418 1305 ⁰²5?

128 1311 176 1376 ita
202 1320 239 1375 ut
265 1311 414 1387 omnino,
438 1311 465 1375 si
494 1330 567 1375 mos
597 1311 724 1394 geritur
748 1309 855 1388 alteri,
877 1309 1020 1374 alterum
1046 1306 1241 1393 posthaberi
1265 1324 1378 1390 mamque

127 1435 264 1480 necesse
287 1415 341 1480 sit.
367 1414 453 1480 Uter
479 1435 557 1478 vero
588 1416 632 1479 sit
661 1414 929 1498 anteponendus,
955 1413 1111 1478 dubitare
1141 1431 1242 1476 nemo
1261 1383 1382 1484 ffn'

125 1520 236 1584 debet.
256 1555 295 1568 -
310 1519 480 1584 Videlicet
491 1518 599 1584 scelus
611 1531 663 1584 est
678 1520 723 1584 ab
737 1519 902 1602 obsequio
923 1519 999 1597 Dei,
1014 1516 1241 1583 satisfaciendi

124 1621 319 1686 bominibus
334 1625 462 1701 caussa,
476 1623 669 1687 discedere:
683 1621 778 1687 netas
804 1623 892 1688 insu
906 1621 1071 1722 §Hulsu
1087 1621 1188 1705 leges,
1204 1627 1241 1684 ut
1265 1597 1418 1704 „2²2ss”ssss

125 1735 284 1806 pareatur
293 1725 555 1808 magistratibus,
572 1745 795 1809 perrumpere,
811 1734 879 1803 aut,
895 1744 954 1808 per
970 1724 1116 1808 speciem
1125 1723 1240 1789 'civilis
1265 1717 1418 1822 omntznrsnm

124 1828 345 1892 conservandi
373 1828 463 1906 iuris,
484 1828 556 1893 iura
582 1828 754 1893 Ecclesiae
780 1829 932 1912 migrare.
959 1826 1098 1892 Obedire
1121 1837 1243 1911 oportet
1265 1851 1339 1908 rm
1372 1835 1417 1882 ντὶ·

124 1930 198 1994 Deo
211 1932 328 2015 magis,
343 1951 443 2015 quam
469 1931 656 1998 luminibus
670 1931 717 2016 (²).
735 1931 905 2015 Quodque
929 1931 1010 1995 olim
1038 1931 1240 2014 magistrati·
1266 1896 1344 1942 ”m

124 2035 189 2099 bus
216 2054 284 2099 non
310 2035 453 2100 honesta
480 2037 725 2119 imperantibus
742 2035 860 2099 Petrus
886 2033 1054 2118 ceterique
1080 2034 1240 2118 Apostoli

127 2139 332 2223 respondere
347 2151 602 2218 consueverunt,
617 2141 707 2204 idem
731 2159 865 2222 semper
879 2147 929 2202 est
946 2137 980 2202 in
997 2158 1116 2202 caussa
1139 2140 1239 2206 simili

125 2244 200 2308 siue
222 2243 447 2308 haesitatione
474 2243 753 2327 respondendum.
770 2243 882 2306 Nemo
902 2242 983 2306 civis
1006 2262 1089 2323 pace
1108 2243 1241 2310 bellove

128 2345 254 2426 melior,
279 2367 382 2431 quam
409 2347 610 2412 christianus
635 2347 686 2412 sui
718 2365 848 2410 memor
874 2345 992 2410 officii:
1019 2347 1079 2410 sed
1111 2351 1239 2430 perpeti

127 2449 241 2516 omnia
265 2451 388 2535 potius,
414 2461 448 2516 et
472 2451 580 2533 ipsam
605 2449 705 2515 malle
737 2457 879 2514 mortem
906 2449 1019 2528 debet,
1042 2469 1144 2534 quam
1173 2455 1238 2518 Dei

127 2553 339 2619 Ecclesiaeve
363 2573 516 2619 caussam
533 2553 695 2618 deserere.
717 2589 762 2602 —
782 2551 998 2636 Quapropter
1021 2574 1088 2619 non
1113 2556 1240 2622 habent
1280 2566 1417 2638 Haecnulto

124 2659 194 2724 vim
221 2667 444 2740 naturamque
472 2657 585 2739 legum
612 2657 717 2739 probe
748 2665 970 2740 perspectam,
994 2657 1051 2741 qui
1079 2659 1179 2726 istam
1205 2659 1238 2723 in
1264 2626 1417 2732 fflff‘m'

121 2761 257 2826 delectu
273 2759 373 2825 officii
389 2759 615 2824 constantiam
645 2758 901 2843 reprehendunt,
920 2769 955 2824 et
971 2761 1015 2826 ad
1037 2761 1237 2828 seditionem

118 2867 217 2933 aiunt
242 2866 417 2950 pertinere.
439 2865 554 2949 Vulgo
574 2865 712 2950 cognita
728 2875 762 2930 et
787 2887 807 2929 a
824 2866 933 2930 Nobis
953 2867 1035 2950 ipsis
1058 2867 1237 2951 aliquoties

119 2970 294 3054 explicata
308 2968 485 3052 loquimur.
498 2969 531 3034 N
533 2989 577 3033 on
594 2978 646 3033 est
661 2968 729 3046 lex,
745 2970 807 3032 nisi
818 2969 922 3034 iussio
935 2980 1046 3035 rectae
1060 2971 1201 3037 rationis
1217 2991 1237 3036 a

122 3082 292 3156 potestate
308 3073 458 3155 legitima
475 3073 509 3135 in
525 3073 652 3137 bonum
668 3091 849 3137 commune
864 3072 1007 3156 perlata·
1019 3074 1087 3140 Sed
1103 3096 1182 3140 vera
1198 3096 1237 3139 ac

122 3177 274 3259 legitima
299 3186 450 3261 potestas
475 3177 567 3243 nulla
592 3187 652 3254 est,
677 3177 740 3242 nisi
765 3197 785 3240 a
816 3176 892 3241 Deo
922 3197 1056 3243 summo
1086 3179 1236 3263 principe
1262 3145 1415 3263 samii?

121 3279 327 3364 dominoque
351 3281 503 3344 omnium
530 3279 769 3364 proficiscatur,
783 3280 840 3364 qui
861 3281 1023 3346 mandare
1049 3282 1177 3348 homini
1200 3283 1234 3346 in
1261 3264 1414 3382 ζξξῖἔζᾞζ

120 3383 274 3448 homines
296 3383 474 3466 imperium
495 3383 586 3448 solus
601 3384 674 3467 ipse
695 3393 826 3467 potest:
850 3403 960 3467 neque
975 3395 1027 3449 est
1043 3395 1134 3451 recta
1150 3385 1236 3450 ratio
1260 3383 1370 3501 m

116 3490 282 3571 putanda,
301 3509 389 3572 quae
413 3507 489 3552 cum
516 3487 657 3553 veritate
682 3487 861 3552 dissentiat
885 3498 919 3553 et
944 3489 1074 3554 ratione
1098 3490 1234 3554 divina:
1259 3501 1412 3571 contrariari

115 3610 229 3674 neque
253 3611 369 3655 verum
395 3593 532 3670 bonum,
561 3593 653 3675 quod
679 3611 813 3656 summo
837 3601 940 3675 atque
964 3593 1233 3658 incommutabili
1259 3565 1354 3664 {23⁸⁸
1375 3561 1413 3664 di}

112 3697 211 3760 bono
230 3705 405 3779 repugnet,
424 3696 475 3760 vel
492 3716 513 3760 a
529 3695 668 3760 caritate
684 3696 750 3760 Dei
766 3705 922 3780 torqueat
937 3696 1114 3762 hominum
1130 3706 1233 3781 atque
1258 3691 1351 3784 {zm
1376 3679 1411 3730 θῶ

110 3799 267 3864 abducat
277 3799 478 3864 voluntates.
499 3837 543 3848 -
559 3799 723 3865 Sanctum
736 3799 839 3882 igitur
854 3799 1044 3864 christianis
1060 3808 1112 3864 est
1123 3798 1231 3884 publi·

109 3923 178 3968 cae
189 3905 368 3986 potestatis
391 3923 525 3980 nornen,
541 3904 574 3968 in
599 3923 666 3988 qua
681 3903 817 3967 divinae
833 3901 1019 3969 maiestatis
1035 3901 1181 3987 speciem
1198 3913 1232 3968 et
1307 3897 1411 3944 crason

109 4006 298 4089 imaginem
326 4007 509 4091 quamdam
541 4018 613 4071 tum
641 4007 743 4071 etiam
771 4015 972 4089 agnoscunt,
997 4025 1073 4070 cum
1101 4006 1232 4090 'geritur
1257 3961 1381 4062 amaa

1257 4075 1410 4122 Deocatlroli·
1466 4103 1470 4114 ι

108 4111 158 4176 ab
176 4110 336 4195 indigno:
351 4112 439 4176 iusta
464 4121 498 4176 et
514 4111 629 4176 debita
645 4111 758 4195 legum
778 4110 989 4188 verecundia,
1010 4130 1077 4175 non
1094 4120 1232 4195 propter
1257 4141 1408 4189 curvaretur.

109 4215 185 4278 vim
208 4223 242 4279 et
267 4213 385 4291 minas,
400 4213 458 4279 sed
482 4226 620 4297 propter
643 4212 883 4278 conscientiam
909 4211 1031 4279 officii:
1054 4235 1117 4278 non
1143 4213 1230 4278 enim
1257 4195 1410 4300 ,¹125ssss

111 4313 209 4380 dedit
223 4315 313 4380 nobas
328 4315 420 4380 Deus
434 4317 588 4398 spiritum
612 4317 743 4380 timoris
766 4315 818 4398 (³).
834 4315 960 4380 Verum
979 4317 1006 4380 si
1030 4317 1231 4400 reipublicae
1256 4312 1410 4417 ᾖξῗῖἑζ

149 4475 170 4509 ¹·
183 4463 280 4516 Mum·
294 4473 328 4516 vt,
342 4477 378 4521 24
392 4488 421 4498 -
431 4478 452 4511 θ·
466 4465 529 4514 Act·
543 4474 567 4517 v,
580 4477 619 4523 29.
629 4488 660 4497 -
670 4479 690 4524 3.
706 4464 729 4509 11
741 4464 814 4515 Tim,
829 4475 848 4517 t,
861 4477 882 4520 7.
1257 4444 1301 4477 Μ·
