3336 4870
829 503 1147 587 EPISTOLA
1189 501 1191 508 ’

629 687 676 746 ad
697 687 869 761 Arohlep.
893 687 1001 748 Card.
1026 687 1346 748 Mechliniensem.

444 804 455 911 [3
518 853 583 913 nn
620 853 847 926 Pnoxrms
883 854 1119 916 unasuno
1156 857 1459 921 cnruonrco-
1500 804 1525 941 ξῖ.

781 1015 890 1076 nun
924 1017 1198 1079 couvauru.
1501 974 1525 993 ”

266 1236 400 1317 sarlius
622 1259 651 1322 E
668 1277 792 1340 magno
808 1257 1048 1321 catholicorum
1071 1258 1218 1322 virorum
1241 1270 1418 1340 conventu,
1439 1285 1534 1346 quern

303 1341 316 1372 ¹
318 1327 368 1386 ⁸⁸⁹·
433 1255 620 1476 ΞΜὛ
643 1352 844 1418 Mechliniae
860 1355 1015 1434 proxime
1030 1351 1223 1418 habendum
1245 1354 1449 1437 decrevistis,
1464 1381 1535 1426 vere

296 1487 410 1534 ,mm
433 1370 620 1630 &RE
640 1449 766 1525 scribis,
780 1447 991 1512 Venerabilis
1003 1448 1128 1526 Frater,
1143 1449 1233 1515 haud
1245 1451 1360 1533 exigui
1377 1457 1535 1520 momenti

258 1546 409 1594 laudaram-
642 1555 834 1626 susceptum
864 1563 885 1607 a
914 1543 1009 1607 vobis
1040 1564 1112 1608 esse
1143 1545 1324 1629 negotium.
1362 1547 1454 1614 Sane
1484 1551 1536 1615 ubi

257 1605 409 1667 siliumpro-
663 1640 671 1654 .
762 1638 805 1652 ..
979 1639 985 1654 .
1086 1641 1193 1656 ...
1244 1642 1282 1655 ..

257 1665 323 1710 ,ame
366 1668 408 1711 aa.
435 1660 567 1704 summa
597 1649 710 1722 capita
739 1639 883 1703 vrdrmus
919 1638 1152 1704 deliberationi
1183 1641 1371 1725 iudicioque
1408 1655 1537 1710 servata

257 1723 409 1830 '‘2¹32‘ss
434 1745 555 1813 vestro,
585 1737 699 1801 statim
731 1734 999 1816 magnitudinem
1027 1735 1245 1816 cognovimus
1274 1737 1536 1824 varietatemque

256 1851 389 1890 conamus.
434 1850 553 1908 rerum,
583 1832 617 1895 in
648 1830 769 1913 quibus
800 1830 944 1911 primum
975 1829 1208 1907 diiudicandis,
1236 1831 1360 1896 deinde
1390 1836 1536 1917 agendis¹

341 2003 345 2012 Ι
434 1936 544 1990 vestra
567 1925 753 1991 versabitur
782 1944 892 2006 opera.
919 1961 963 1972 -
993 1921 1156 2004 Profecto,
1182 1945 1257 1990 cum
1289 1936 1383 1992 tanta
1411 1931 1535 2012 passim

258 2001 410 2108 {mm
435 2021 616 2088 multitudo
633 2030 825 2086 numeretur
841 2040 950 2082 rernm
964 2021 1125 2084 malarum
1141 2021 1388 2103 conspiratione
1397 2045 1536 2088 consen·

256 2133 368 2192 mmo
380 2124 409 2171 in
434 2117 529 2196 tiens,
545 2118 696 2200 pulcrum
713 2117 813 2180 estin
829 2135 948 2179 caussa
966 2115 1107 2179 honesta
1123 2135 1162 2180 ac
1179 2116 1283 2181 nobili
1298 2127 1350 2182 tot
1365 2119 1535 2184 elaborare

258 2181 409 2287 „mxu
434 2213 531 2290 viros,
560 2214 682 2295 quibus
708 2231 770 2275 nec
799 2211 933 2274 claritas
963 2210 1058 2274 deest
1087 2213 1226 2292 generis,
1256 2231 1317 2276 nec
1355 2216 1535 2279 auctoritas

257 2298 299 2403 ἵξῃ
320 2303 408 2418 35:222
434 2308 589 2386 nominis,
603 2329 666 2372 nec
691 2307 850 2389 splendor
870 2307 1058 2370 honorum:
1081 2314 1182 2386 atque
1204 2325 1306 2372 unum
1324 2309 1356 2372 in
1381 2309 1536 2372 omnibus

257 2418 362 2533 αἰαῖ..
394 2481 399 2491 ,
434 2421 506 2466 esse
530 2404 750 2486 propositum,
775 2400 919 2466 similem
946 2399 1130 2466 caritatem.
1157 2400 1338 2485 Praecipue
1363 2423 1445 2466 vero
1477 2405 1536 2466 ista

298 2492 320 2522 m
337 2493 409 2526 nmis

154 2535 158 2540 ·
257 2537 408 2586 mm„
435 2497 543 2564 Nobis
559 2501 720 2583 probatur
736 2497 891 2561 voluntas
911 2506 1031 2574 vestra,
1045 2496 1137 2580 quod
1148 2497 1301 2561 videmus
1316 2517 1390 2562 esse
1405 2498 1536 2582 sapien·

277 2599 386 2666 ”uelim
433 2604 485 2658 ter
495 2607 676 2660 actuosam.
695 2593 772 2658 Hoc
787 2594 877 2657 enim
894 2592 1004 2669 vultis,
1017 2590 1082 2656 hoc
1094 2594 1306 2670 contenditis,
1322 2593 1480 2658 meliores
1488 2611 1536 2656 res

256 2656 408 2764 αἶ’ᾞῗζζζ,
433 2690 558 2772 populo
574 2710 650 2754 cum
670 2689 793 2753 virtute
809 2708 975 2771 quaerere,
992 2686 1141 2751 mortalis
1157 2688 1245 2751 vitae
1265 2689 1448 2752 commoda
1463 2707 1536 2752 cum

254 2775 398 2880 w‘jfssg‘ffis
433 2787 565 2868 magnis
580 2787 769 2849 animorum
786 2785 882 2848 bonis
897 2784 1108 2864 coniungere,
1123 2783 1390 2865 christianaeque
1406 2801 1535 2849 morum

399 2870 404 2880 '
432 2878 600 2944 honestati
627 2900 694 2944 non
723 2881 833 2943 minus
851 2899 953 2962 quam
980 2878 1101 2942 solatio
1126 2879 1332 2942 miseriarum
1355 2879 1536 2943 consulere.

253 2943 406 3048 srffbffl
433 2971 574 3057 Optima
597 2995 679 3040 sane
705 2975 921 3057 maximeque
947 2972 1068 3037 efficax
1091 2971 1311 3038 iuvandorum
1335 2974 1534 3055 populorum

254 3063 405 3166 mx*
431 3069 532 3148 ratio;
548 3091 645 3154 aqua
657 3078 824 3154 quotquot
833 3068 1025 3145 deflectunt,
1034 3066 1181 3150 pessimo
1194 3067 1328 3149 publico
1337 3067 1535 3132 deflectunt:

253 3131 396 3228 sudumst
430 3167 580 3230 omnium
604 3167 693 3228 enim
710 3165 884 3240 bonorum,
907 3183 993 3247 quae
1009 3163 1060 3226 vel
1077 3163 1229 3227 homines
1252 3161 1374 3244 singuli
1390 3163 1443 3226 vel
1461 3162 1536 3224 civi·

430 3269 517 3323 tates
533 3271 653 3326 natura
677 3279 715 3322 ac
733 3259 861 3322 ratione
882 3268 1055 3342 appetunt,
1071 3259 1158 3322 inest
1182 3259 1215 3322 in
1233 3256 1394 3340 religione
1416 3255 1535 3338 princi·

431 3357 534 3437 pium,
558 3358 591 3419 in
617 3354 793 3435 Evangelii
819 3353 942 3418 virtute
970 3353 1238 3418 fundamentum.
1258 3390 1302 3402 —
1322 3350 1537 3435 Quapropter

252 3441 345 3546 cffl
359 3441 405 3546 fg
430 3452 696 3533 omnipotentem
722 3449 833 3513 Deum
857 3449 1079 3524 obsecramus,
1091 3457 1129 3512 ut
1144 3448 1379 3512 communibus
1395 3447 1536 3530 inceptis

256 3559 331 3618 serici
344 3507 397 3606 copa-
430 3545 547 3608 vestris
558 3545 674 3609 volens
690 3543 854 3627 propitius
870 3543 989 3622 faveat,
1005 3542 1143 3626 eiusque
1159 3561 1296 3606 munere
1307 3539 1536 3624 beneficioque

280 3625 369 3724 ,vm
431 3638 499 3702 iore
524 3637 733 3716 confidimus,
750 3648 787 3702 ut
812 3637 951 3702 consilia
972 3659 1010 3701 ac
1032 3637 1162 3702 labores
1183 3637 1283 3701 vestri
1307 3636 1350 3700 ad
1376 3636 1535 3699 maiorem

269 3713 383 3808 Pmisdf
430 3735 556 3818 Belgici
574 3734 719 3800 nominis
746 3735 1002 3817 prosperitatem
1025 3734 1216 3799 conducant
1234 3733 1476 3813 universaeque
1491 3729 1535 3795 rei

254 3797 403 3902 meam
430 3831 613 3895 catholicae
640 3833 725 3895 bene
748 3840 888 3894 vertant.
921 3827 1126 3896 caelestium
1158 3830 1324 3893 donorum
1356 3827 1534 3910 auspicem.

254 3915 404 4020 ²²2jssw·
429 3924 747 4009 benevolentiaeque
772 3925 916 3989 Nostrae
938 3934 1059 3989 testem
1085 3925 1156 4004 tibi,
1174 3923 1386 3989 Venerabilis
1412 3921 1535 3996 Frater,

273 4034 386 4093 impertit.
430 4031 464 4085 et
478 4033 645 4106 quotquot
663 4021 879 4086 Mechliniam
896 4021 1051 4102 auspiciis
1064 4021 1130 4085 tuis
1146 4019 1373 4094 convenerint,
1385 4017 1533 4099 Aposto·

430 4116 527 4180 licam
544 4118 812 4181 benedictionem
829 4124 1041 4198 peramanter
1056 4117 1089 4179 in
1104 4116 1254 4180 Domino
1272 4115 1492 4196 impertimus.

474 4212 600 4276 Datum
633 4213 763 4275 Romae
787 4213 875 4292 apud
908 4211 941 4275 S.
966 4213 1101 4277 Petrum
1127 4211 1181 4276 die
1213 4228 1253 4290 14
1287 4210 1415 4292 Aprilis
1442 4209 1533 4287 1889,

431 4305 648 4370 Pontificatus
665 4307 780 4371 Nostri
797 4327 885 4370 anno
897 4308 1107 4373 duodecimo

980 4409 1074 4476 LEO
1093 4411 1156 4477 PP.
1174 4409 1273 4474 Xlll.

1429 4796 1475 4835 'L
