3250 4876
434 345 458 414 4
552 345 700 398 cuman.
720 343 847 398 arose.
869 332 891 362 “
911 342 1095 395 vrcanrnn
1120 333 1366 390 rorasrarast
1386 367 1408 394 ,.

433 513 584 590 beantur,
599 522 688 578 stata
702 511 863 597 temporis
889 509 1065 576 intervalla
1091 507 1178 572 inter
1206 503 1340 568 ordines
1355 503 1522 570 seruentur,

434 617 581 700 itemque
597 635 639 682 ne
654 615 788 682 ordines
803 625 901 682 extra
916 625 1070 697 tempora
1096 631 1117 674 a
1140 610 1209 674 iure
1234 606 1423 672 constituta
1436 599 1520 664 susci·

435 721 579 804 piantur.

259 824 409 930 fflffiffm
481 822 520 886 In
547 821 760 886 alumnorum
787 821 966 906 disciplina
992 819 1083 903 leges
1112 837 1198 904 quae
1222 817 1255 879 in
1285 812 1419 896 collegio
1437 807 1524 874 Urba·

257 957 315 990 num
365 949 410 1046 zv
436 927 536 990 ηἱαηο
551 925 628 992 fidei
644 928 883 1038 prppagandae
899 926 1023 1009 vigent,
1037 921 1197 990 adhibitis
1222 913 1523 1002 praescriptionibus

256 1015 410 1132 mm}
435 1031 484 1109 ils,
498 1051 582 1116 quas
606 1031 668 1097 sibi
694 1031 845 1116 proprias
870 1029 1001 1111 collegii
1028 1026 1178 1092 conditio
1204 1021 1365 1108 postulat,
1389 1027 1524 1082 accurate

255 1121 357 1180 ΜΨ·
434 1145 615 1201 serventur.

287 1246 407 1317 owe
479 1239 537 1306 Ius
551 1249 587 1304 et
601 1249 751 1324 potestas
772 1239 805 1304 in
832 1235 1010 1320 collegium
1027 1253 1131 1318 penes
1145 1229 1451 1314 Archiepiscopunr
1466 1223 1524 1286 Ρη·

255 1309 344 1414 Ῐῖεῗιῗι
365 1319 410 1411 ανῖἶ
434 1363 573 1428 gensem
589 1351 806 1426 caeterosque
821 1359 989 1406 sacrorum
1020 1335 1203 1404 Bohemiae
1228 1331 1423 1407 Antistites,
1437 1343 1523 1409 eaque

252 1431 317 1486 Μ’
435 1469 503 1512 una
518 1447 617 1512 simul
633 1447 784 1512 omnium
801 1445 872 1510 erit.

252 1550 410 1656 {amr
480 1549 677 1616 Moderator
691 1546 837 1630 collegio
852 1547 1009 1630 regende,
1026 1566 1084 1612 seu
1102 1553 1210 1611 rector
1224 1545 1251 1608 is
1266 1541 1340 1620 crit,
1355 1539 1415 1624 qui
1427 1558 1446 1602 a
1456 1536 1522 1600 Pon·
1573 1597 1574 1602 ,

258 1671 310 1716 rem
326 1675 411 1730 pope
437 1652 525 1718 tilice
552 1651 705 1718 maximo
734 1671 776 1716 eo
806 1651 943 1715 nomine
972 1661 1007 1715 et
1036 1656 1204 1734 potestate
1235 1643 1456 1729 praeficiatur.
1469 1633 1522 1718 lpai
1573 1649 1574 1676 ¹

255 1729 411 1836 iim&
436 1765 549 1820 autem
566 1753 802 1819 constituendo
818 1753 870 1818 ius
893 1755 955 1819 crit
985 1752 1251 1836 Archiepiscopo
1267 1745 1440 1832 Pragensi,
1452 1759 1520 1806 com·

264 1848 381 1906 ‘'mist“
438 1853 615 1919 municatis
630 1872 706 1917 cum
724 1853 907 1918 Bohemiac
924 1854 1101 1938 Episcopis
1116 1856 1272 1934 consiliis,
1289 1855 1402 1918 virum
1426 1855 1477 1912 aut
1488 1843 1522 1906 ui·

256 1907 386 1952 instituen-

257 1967 324 2012 dum·
436 1976 500 2034 ros,
525 1976 609 2040 quos
635 1957 700 2022 hoc
723 1976 860 2022 munere
890 1957 1012 2040 dignos
1042 1969 1187 2038 censeat,
1212 1957 1369 2024 Pontifici
1395 1950 1521 2018 maximo

437 2061 510 2128 desi
537 2083 624 2128 nare.

282 2173 412 2222 Hrffcsin·
481 2083 623 2248 Cgllcgii
642 2167 834 2232 moderator
856 2164 999 2248 singulis
1025 2167 1123 2232 annis
1136 2167 1179 2230 de
1194 2165 1397 2250 disciplinae
1410 2153 1519 2226 rationi·

253 2237 413 2355 {stigma
438 2269 511 2348 bus,
525 2270 568 2334 de
584 2269 733 2334 moribus
764 2269 987 2347 alumnorum,
1009 2270 1053 2335 dc
1080 2269 1126 2334 rei
1153 2268 1326 2334 familiaris
1354 2259 1520 2332 conditione

258 2360 379 2460 m?
438 2381 629 2436 accuratam
646 2371 907 2455 descriptionem
937 2372 1063 2457 duplici
1094 2372 1254 2454 exemplo
1284 2369 1518 2443 conficiatque

259 2487 324 2520 '⁸¹⁸-
439 2497 512 2542 rum
551 2475 693 2541 alterum
725 2495 821 2540 sacro
852 2475 994 2542 Consilii>
1015 2475 1137 2540 studiis
1163 2475 1319 2557 regundis
1348 2463 1519 2558 praepositi
1572 2457 1573 2466 ἵ

439 2579 581 2644 alterum
620 2577 887 2663 Archiepiscopo
920 2580 1076 2664 Pragensi
1104 2579 1273 2655 exhibeat,
1303 2578 1365 2662 qui
1395 2569 1517 2638 eamdem

439 2682 697 2766 descriptionem
715 2683 855 2747 caeteris
875 2682 1058 2748 Bohemiae
1075 2683 1252 2767 Episcopis
1267 2679 1461 2746 tradendam
1476 2686 1514 2730 ω·

441 2785 536 2850 rabit.

486 2887 686 2952 Adiutorem
703 2898 816 2953 autem
833 2889 957 2954 vicario
973 2909 1119 2969 munere,
1134 2909 1192 2954 scu
1209 2895 1509 2972 pro-rectorem&

441 2991 577 3055 derator
601 2989 748 3068 habebit,
763 3009 808 3054 ex
824 2995 1122 3076 praestantioribus
1140 2994 1273 3078 collegii
1288 2994 1442 3080 alumnis,
1460 2979 1515 3063 Epi·

443 3113 547 3176 scopo
562 3102 743 3171 annuente,
758 3095 850 3158 cuius
867 3096 899 3160 in
915 3095 1043 3162 ditione
1059 3099 1102 3163 sit
1118 3095 1283 3175 alumnus,
1306 3091 1518 3181 deligendum:

444 3200 538 3283 isque
553 3197 693 3262 caeteris
708 3198 944 3264 anteferendus
971 3202 1042 3278 erit,
1065 3202 1122 3284 qui
1153 3201 1285 3266 virtutis
1301 3213 1336 3266 et
1352 3188 1519 3286 prudentiae

276 2875 353 2922 Adsit
359 2883 413 2934 pro-

262 2940 343 2987 tector.

444 3303 554 3379 laude,
565 3302 608 3364 ad
624 3299 756 3384 collegii
769 3321 847 3365 usus
861 3301 967 3385 magis
979 3313 1190 3386 opportunus
1199 3305 1363 3372 videatur.

268 3405 421 3512 „wlff”
490 3407 547 3472 Ad
565 3405 761 3488 magistrum
779 3405 912 3488 pictatis
940 3407 972 3469 in
999 3407 1143 3490 collegio
1156 3407 1437 3480 constituendum,
1446 3394 1520 3462 colle·
1571 3379 1572 3386 ἵ

264 3513 370 3573 pretatis.
445 3510 491 3594 gii
508 3510 699 3573 moderator
725 3509 769 3572 de
797 3510 869 3573 viro
884 3527 984 3590 quem
1011 3509 1085 3574 huic
1101 3508 1295 3592 magisterio
1321 3509 1519 3594 opportuniln

445 3613 611 3678 censuerit
625 3613 668 3675 ad
686 3611 899 3677 Cardinalcm
915 3610 983 3675 vice
996 3631 1091 3675 sacra
1105 3611 1302 3676 Antr'stitem
1317 3611 1408 3679 urbr‘s
1421 3603 1519 3672 reseret.

446 3718 540 3799 isque
550 3717 612 3779 rite
628 3715 777 3778 delectus
793 3715 863 3791 erit,
875 3714 969 3778 cuius
989 3713 1133 3796 eligendi
1149 3715 1239 3780 idern
1265 3717 1417 3782 Antiates
1430 3711 1519 3775 aucl⁰f

448 3820 514 3885 fiat.
529 3819 666 3884 Pietatis
680 3828 793 3883 autem
811 3817 969 3900 magister
985 3819 1074 3900 apud
1100 3819 1256 3885 alumnos
1280 3839 1412 3907 cosque,
1431 3811 1477 3896 qui
1495 3805 1517 3866 ll

447 3923 579 4028 collegii
597 3922 781 3988 ministerio
796 3932 830 3986 et
842 3921 1013 3986 domicilio
1029 3931 1116 4001 sunt,
1127 3924 1263 4006 parochi
1275 3923 1458 3990 muneribus
1467 3911 1519 3974 ful·

449 4036 555 4112 getur.

272 4104 424 4210 suffimen
495 4129 573 4213 Quo
589 4137 703 4194 autem
726 4126 919 4192 necessariis
935 4127 1123 4208 sumptibus
1139 4130 1172 4194 in
1200 4131 1407 4196 alumnorum
1422 4123 1516 4188 vienn

450 4233 654 4313 cultumque,
668 4249 738 4313 quo
753 4229 822 4295 vita
837 4229 974 4311 indiget,
989 4231 1106 4313 copiae
1121 4243 1155 4298 et
1170 4233 1346 4299 facultates
1361 4223 1515 4314 suppetant.
1569 4235 1571 4272 r

450 4342 671 4418 praeteream
687 4333 864 4412 pecuniam
876 4351 1016 4414 quaecx
1031 4335 1159 4400 aerario
1179 4337 1348 4401 Austriaci
1366 4315 1513 4414 1mpen'iiu
