3194 4872
369 375 415 446 54
550 373 729 424 urrsrosn
759 361 778 388 “
797 374 902 438 ouon
928 373 1236 426 Auurvnnsanrus
1255 409 1274 439 „

200 580 242 682 ἐκ
255 578 318 682 ff
367 563 461 636 rium,
485 569 519 623 et
534 560 578 623 ab
593 559 747 624 omnibus
763 559 1001 637 sacerdotibus,
1015 560 1200 624 dummodo
1224 579 1266 624 ne
1291 559 1462 624 omittatur

222 652 260 682 asc
304 652 325 682 ts

228 696 294 744 1333,
367 666 467 730 missa
494 661 605 726 officio
631 663 696 727 diei
713 665 925 746 respondens,
942 665 1142 749 ubicumque
1156 675 1208 730 est
1230 667 1397 749 obligatio.
1419 699 1461 710 -

188 791 267 842 crena.
293 789 341 834 ino
365 770 463 834 Alios
494 777 605 831 autem
623 765 861 832 Christifideles
873 768 1087 833 vehementer
1110 770 1282 834 hortamur
1305 781 1351 850 ut,
1377 771 1461 836 lacta

188 863 341 953 mm
366 872 600 937 sacramentali
617 870 834 948 consessione,
850 871 892 935 ad
913 873 1127 954 purgantium
1152 876 1336 940 animarum
1349 875 1460 940 suffra·

187 969 282 1024 mml-
366 979 459 1060 gium
478 975 630 1058 angelico
651 995 738 1057 pane
753 995 789 1038 se
804 976 924 1039 devote
939 975 1097 1040 reficiant.
1111 1015 1155 1026 —
1172 977 1236 1040 His
1251 997 1329 1042 vero
1351 978 1461 1062 plena-

205 1077 341 1180 fflffj‘
365 1082 449 1145 riam
478 1079 729 1161 Indulgentiam
749 1098 809 1161 pro
824 1077 990 1142 defunctis
1006 1099 1014 1156 ;
1029 1079 1177 1162 singulis,
1194 1090 1232 1144 ut
1257 1081 1383 1146 dictum
1414 1091 1463 1145 est

190 1193 339 1252 uniantfide·
366 1205 474 1267 supra,
499 1184 752 1261 celebrantibus,
767 1183 895 1247 Altaris
910 1184 1129 1267 privilegium,
1155 1186 1352 1250 auctoritate
1372 1185 1461 1269 Apo·

185 1253 340 1382 ffatim
365 1290 482 1356 stolica
498 1291 712 1373 impertimur.

186 1376 318 1430 ²¹⁶¹“''¹¹‘''
410 1395 466 1460 Sic
490 1394 644 1456 nimirum
663 1393 737 1475 piae
752 1394 883 1456 animae
914 1393 946 1455 in
971 1393 1091 1475 quibus
1115 1411 1281 1458 noxamm
1308 1393 1465 1476 reliquiae

366 1497 505 1563 terribili
521 1497 727 1560 cruciatuum
749 1494 981 1578 magnitudine
996 1495 1159 1572 eluuntur,
1183 1505 1463 1580 peropportunum

367 1621 406 1665 ac
429 1601 601 1683 singulare
619 1600 774 1664 solatium
791 1599 975 1682 percipient
990 1619 1034 1662 ex
1052 1598 1175 1664 Hostia
1197 1599 1342 1674 salutari,
1364 1617 1464 1681 quam

368 1705 520 1769 Ecclesia
543 1706 704 1780 universa,
726 1703 837 1786 Capiti
849 1723 910 1768 suo
932 1702 1053 1766 visibili
1074 1704 1260 1781 coniuncta,
1281 1703 1467 1786 eodemque

368 1810 516 1875 caritatis
529 1807 650 1873 affectu
663 1808 880 1885 inflammata,
895 1808 970 1872 Deo
994 1817 1046 1871 est
1060 1808 1221 1885 oblatura,
1242 1818 1279 1872 ut
1294 1809 1341 1872 eis
1356 1807 1464 1874 locum

369 1913 539 1997 refrigerii,
555 1915 636 1978 lucis
652 1923 685 1977 et
701 1913 793 1996 pacis
806 1912 977 1995 indulgeat
993 1913 1223 1995 sempiternae.

416 2019 547 2081 Interea
572 2017 691 2094 Vobis,
720 2015 937 2080 venerabiles
954 2015 1096 2094 Fratres,
1122 2018 1341 2099 universoque
1371 2015 1468 2082 Clero

201 2117 336 2224 mm
371 2131 404 2185 et
420 2119 546 2203 populo
570 2139 668 2182 curae
693 2127 821 2182 vestrae
844 2119 1044 2196 concredito,
1071 2119 1303 2202 Apostolicam
1335 2118 1468 2183 benedi·

196 2237 342 2297 impertitur.
371 2225 530 2301 ctionem,
547 2223 739 2288 caelestium
758 2241 932 2287 munerum
949 2223 1347 2308 auspicem,peramanter
1356 2223 1391 2285 in
1406 2222 1472 2284 Do·
1581 2206 1585 2217 ¹

373 2325 465 2390 mino
476 2325 694 2407 impertimus.

417 2425 544 2489 Datum
563 2424 692 2487 Romae
707 2422 796 2505 apud
821 2421 855 2487 S.
870 2423 1005 2488 Petrum
1017 2425 1050 2487 in
1075 2424 1130 2488 die
1145 2423 1285 2488 solemni
1303 2420 1473 2486 Paschatis
1580 2516 1585 2527 ἱ

378 2537 469 2610 1888,
482 2535 698 2601 Pontificatus
716 2533 829 2597 Nostri
847 2552 936 2597 anno
953 2534 1137 2600 undecimo.

908 2683 1002 2750 LEO
1028 2684 1089 2749 ΡΡ.
1112 2683 1212 2749 ΧΙΙΙ.
