3258 4880
272 1275 414 1348 ssUOD
441 1276 550 1359 primo
579 1274 794 1338 adventantis
810 1273 889 1338 anni
914 1274 979 1351 die,
996 1276 1071 1340 Deo
1087 1276 1228 1358 favente,
1254 1297 1408 1378 ocro'snrs

146 1341 308 1592 U}
330 1377 547 1444 sacerdotalis
569 1377 712 1442 lubilaei
738 1377 854 1440 Nostri
870 1377 1118 1444 solemnitatem
1143 1383 1227 1446 cele·
1295 1388 1360 1446 ’837-

116 1283 142 1654 i
174 1387 250 1568 Q
280 1482 510 1648 §brabimus
547 1501 665 1546 omnes
702 1480 826 1564 ubique
860 1491 1021 1546 terrarum
1046 1495 1165 1567 gentes
1195 1500 1229 1550 et

327 1587 567 1668 cuiuscumque
583 1585 710 1649 ordinis
724 1582 983 1668 familiae,quasi
1008 1607 1065 1651 cor
1082 1609 1184 1654 unum
1195 1599 1229 1654 et
1257 1614 1354 1672 engen
1379 1612 1412 1657 ae·

116 1695 232 1759 anima
249 1713 316 1756 una
336 1711 417 1775 prae
436 1690 564 1754 laetitia
579 1691 740 1773 gestiunt,
755 1688 968 1774 mirificisque
984 1691 1093 1756 modis
1117 1693 1149 1756 in
1166 1695 1229 1759 hac
1255 1676 1408 1778 ''m-'falfi

118 1809 312 1880 temporum
340 1793 539 1858 difficultate
566 1793 673 1858 Nobis
701 1793 734 1856 in
765 1791 900 1857 sublimi
926 1791 1116 1859 Beatissimi
1142 1797 1230 1861 Petri
1256 1791 1408 1896 mm

15 1957 16 1960 ,
118 1903 209 1967 Sede
223 1899 389 1963 divinitus
405 1897 560 1962 collocati
575 1896 738 1961 solemnia
754 1915 835 1959 suae
850 1894 937 1976 fidei,
952 1899 1063 1979 studii,
1079 1900 1231 1984 obsequii
1256 1911 1323 1970 ufer.

118 2017 152 2068 et
174 2002 413 2087 gratulationis
428 1999 593 2065 exhibent
608 1999 810 2064 testimonia.
836 1999 932 2064 Haec
955 2001 1091 2083 quidem
1116 2003 1230 2068 omnia

117 2117 258 2191 accepta
290 2106 463 2171 referimus
495 2105 580 2182 Deo,
594 2104 652 2187 qui
668 2103 860 2168 consolatur
876 2103 948 2169 Nos
965 2106 998 2168 in
1015 2106 1230 2172 tribulatione

119 2213 256 2286 Nostra,
266 2229 411 2292 eumque
423 2211 495 2273 sine
509 2209 755 2273 intermissione
772 2209 995 2286 obsecramus,
1011 2220 1047 2275 ut
1056 2211 1229 2275 dominico
1254 2236 1349 2295 mm,
1371 2249 1406 2280 re-

118 2315 211 2397 gregi
239 2316 394 2378 universo
429 2312 594 2395 propitius
632 2311 809 2376 benedicat
839 2322 872 2376 et
909 2323 1062 2394 optatam
1100 2315 1227 2378 iamdiu
1247 2297 1405 2414 &¹5⁸2ss

119 2433 237 2495 pacem
255 2423 288 2478 et
303 2414 518 2478 concordiam
542 2414 712 2476 concedat.
727 2412 799 2475 Nos
810 2411 995 2495 exploratis
1004 2413 1228 2478 hisceamoris
1254 2415 1309 2460 Μ·

118 2529 151 2582 et
181 2520 342 2601 antiquae
357 2517 493 2601 pietatis
509 2515 809 2600 significationibus
825 2517 978 2600 permoti,
1007 2519 1228 2602 precibusque

118 2623 159 2686 ad
176 2623 212 2686 id
229 2622 338 2687 Nobis
355 2620 501 2685 admotis
513 2620 790 2698 obsecundantes,
804 2629 843 2684 ut
854 2621 997 2684 universi
1018 2619 1076 2684 filii
1092 2642 1137 2685 ex
1165 2623 1226 2686 Pa-

118 2727 222 2790 rentis
237 2726 289 2789 sui
305 2725 488 2789 festivitate
503 2723 639 2807 aliquod
652 2723 715 2788 sibi
732 2724 902 2807 parented
916 2733 1086 2806 aeternam
1097 2724 1226 2792 facilius
1265 2724 1404 2797 Quam·

118 2827 318 2910 potiundam
334 2827 531 2893 beatitatem
549 2827 825 2904 emolumentum,
847 2827 1018 2892 Ecclesiae
1044 2829 1226 2906 thesauros,
1251 2784 1407 2902 Ϊῖζῗκεῗῖἶ

118 2951 262 3012 quorum
291 2931 581 3014 dispensationem
610 2929 718 2994 Nobis
741 2931 883 2994 credidit
899 2930 1002 3009 Deus,
1032 2934 1227 2997 reserandos
1254 2903 1404 3020 Zfflffiss.

118 3035 318 3101 censuimus.
358 3033 471 3118 Quare
498 3035 542 3098 de
572 3035 814 3116 omnipotentis
840 3033 904 3098 Dei
943 3035 1168 3100 misericordia
1193 3046 1228 3101 et
1253 3023 1405 3130 fflffll*

117 3137 292 3202 beatorum
323 3138 568 3221 Apostolorum
601 3139 689 3202 Petri
706 3147 740 3202 et
757 3138 851 3202 Pauli
874 3141 1073 3204 auctoritate
1103 3139 1228 3212 confisi,
1287 3117 1292 3134 ⁵

117 3242 275 3306 omnibus
286 3253 321 3307 et
332 3243 472 3326 singulis
483 3243 654 3326 utriusque
670 3263 772 3307 sexus
787 3242 1065 3309 Christilidelibus
1081 3244 1226 3310 Romam

117 3346 295 3411 occasione
325 3348 543 3411 sacerdotalis
571 3346 712 3410 Iubilaei
730 3345 845 3410 Nostri
862 3365 999 3428 peregre
1022 3347 1227 3412 advenienti·

118 3449 192 3527 bus,
206 3457 245 3514 ut
260 3469 395 3516 suorum
422 3449 623 3534 populorum
648 3450 784 3514 nomine
800 3448 932 3531 publice
948 3460 983 3514 et
993 3448 1105 3533 palam
1122 3451 1227 3533 pieta·

118 3565 188 3618 tem
206 3553 448 3638 etobsequium
476 3564 649 3630 testentur,
675 3554 827 3620 debitum
859 3573 1035 3637 supremae
1072 3553 1180 3619 Nobis
1206 3575 1227 3617 a
1297 3577 1406 3624 omnious

120 3657 198 3722 Deo
210 3659 353 3722 traditae
369 3658 560 3723 auctoritati
575 3659 738 3724 honorem
754 3668 788 3723 et
803 3659 1030 3724 obedientiam
1048 3665 1227 3742 praestent,
1255 3637 1408 3756 ,ffib‘ssd

119 3783 182 3828 nec
213 3781 279 3826 non
306 3763 464 3827 omnibus
491 3764 615 3844 pariter
642 3764 816 3847 utriusque
843 3782 944 3827 sexus
975 3762 1137 3840 fidelibus,
1169 3763 1226 3846 qui
1255 3757 1403 3808 mm·

118 3863 330 3948 supradictas
368 3866 411 3930 ad
444 3863 572 3930 Urbem
600 3867 885 3949 peregrinationes
920 3875 1032 3930 mente
1069 3876 1104 3931 et
1126 3867 1227 3930 corde
1284 3929 1374 3962 aanor:

117 3977 373 4051 prosequantur,
387 3969 601 4046 comitentur,
631 3970 778 4053 itemque
793 3969 950 4034 omnibus
966 3977 1000 4034 et
1015 3968 1154 4053 singulis
1170 3969 1227 4052 qui
1255 3975 1406 4022 menuadse

116 4091 214 4138 suam
240 4071 359 4154 quovis
387 4071 490 4137 modo
505 4072 539 4135 in
551 4073 681 4156 piarum
705 4072 897 4138 huiusmodi
920 4072 1226 4156 peregrinationum
1256 4035 1406 4142 {imam

115 4177 256 4252 bonum,
282 4173 480 4258 felicemque
491 4176 622 4240 exitura
639 4195 776 4258 operam
796 4174 980 4254 conferant,
995 4175 1022 4238 si
1045 4176 1227 4240 novendia·
1255 4155 1304 4207 ⁶¹⁴⁸·

115 4279 182 4344 lem
207 4277 489 4362 supplicationem
515 4277 708 4343 recitatione
736 4279 854 4343 tertiae
870 4280 974 4362 partis
1001 4277 1063 4344 SS.
1094 4279 1227 4344 Rosarii

112 4384 189 4468 ipsa
203 4380 579 4447 sacerdotalislubilaei
615 4381 730 4446 Nostri
747 4383 810 4459 die,
826 4383 979 4448 kalendis
1004 4403 1126 4467 nempe
1147 4405 1226 4448 ven·
1253 4383 1298 4428 ’Μ
1313 4381 1403 4441 suppu-
