3172 4874
226 397 277 445 AD
295 395 532 446 ARCHIEPISC.
552 393 599 444 ΕΤ
618 393 732 444 EPISC.
753 393 902 442 IMPERII
921 389 1131 442 AUSTRIACI.
1168 387 1234 458 155

126 576 341 660 imperiisque
365 576 511 659 pericula
537 575 755 658 impendeant
778 572 929 658 quotidie
947 572 1081 636 maiora.
1111 571 1230 656 Neque

126 679 192 742 alia
207 699 289 743 sane
307 689 402 744 erant
418 689 657 745 consecutura:
682 697 760 742 narn
777 676 961 754 debilitato,
977 696 1061 742 eove
1077 676 1233 754 deterius,

126 783 249 848 reiecto
277 783 468 849 firmissimo
491 784 636 849 civitatis
659 782 836 866 praesidio,
862 780 1032 863 religione,
1057 801 1142 864 quae
1168 801 1234 845 una

127 887 280 952 homines
305 898 339 952 et
364 897 454 952 recte
477 887 726 953 commonendo
752 895 786 950 et
811 885 1000 949 salutariter
1030 883 1233 949 deterrendo

125 1011 203 1055 vere
218 1000 331 1074 potest
346 991 380 1056 in
397 1012 459 1057 suo
474 1010 642 1075 quemque
654 989 765 1055 officio
780 990 1056 1079 retinere,nutant
1071 990 1232 1053 continuo

128 1104 162 1160 et
178 1094 424 1160 labefactantur
439 1095 545 1179 ipsius
561 1093 782 1160 fundamenta
797 1093 951 1157 civitatis.

174 1198 269 1262 Haec
287 1199 368 1277 Nos,
380 1198 621 1264 nulladimissa
632 1197 976 1280 occasione,gravibus
989 1195 1108 1261 litteris
1120 1195 1233 1279 palam
1270 1217 1352 1274 parm
1365 1229 1414 1262 om-

129 1303 400 1368 denuntiavimus
426 1314 459 1368 et
476 1305 516 1368 iis
533 1303 589 1387 qui
612 1323 688 1368 curn
704 1311 874 1386 potestate
894 1309 1054 1383 praesunt
1069 1309 1104 1365 et
1119 1301 1160 1364 iis
1176 1302 1234 1384 qui
1260 1280 1414 1381 ζ’ἶᾏῖἶξῗξζξ

128 1415 206 1470 sunt
222 1407 284 1471 sub
312 1416 489 1490 potestate,
504 1407 692 1473 indicantes
717 1406 829 1472 alteris
851 1405 1022 1489 religionIs
1038 1415 1072 1468 et
1087 1405 1233 1469 civitatis
1260 1394 1413 1514 §33ngss

128 1511 215 1574 inter
230 1532 265 1575 se
281 1512 427 1577 rationes
442 1531 544 1595 quam
555 1519 646 1576 arcte
657 1511 915 1588 continerentur,
925 1509 1047 1574 alteros
1064 1509 1233 1574 adhortati
1259 1514 1412 1565 adhortatus:

130 1624 166 1678 ut
181 1615 296 1679 divina
310 1615 481 1680 Ecclesiae
497 1614 702 1681 documenta
717 1616 803 1679 iuste
817 1615 966 1678 colerent
987 1613 1234 1696 diligenterque

129 1718 313 1801 explerent.
330 1719 516 1802 Singularis
532 1739 631 1803 porro
654 1719 716 1783 luit
732 1717 948 1802 compellatio
965 1717 1090 1782 Nostra
1106 1715 1149 1781 ad
1166 1717 1233 1782 Ve-
1277 1772 1412 1834 prasertim

127 1820 294 1886 nerabiles
305 1822 440 1886 Fratres
457 1823 654 1906 Episcopos‚
671 1843 755 1907 quos
765 1821 910 1904 Spiritus
927 1819 1072 1885 Sanctus
1089 1829 1232 1884 rectores
1259 1837 1340 1902 tenua
1378 1833 1413 1902 E:

128 1926 239 2005 posuit
257 1925 428 1990 Ecclesiae
443 1926 508 1990 Dei
529 1927 686 2010 idemque
702 1927 795 2008 larga
822 1945 902 1989 suae
917 1925 1045 2007 gratiae
1070 1923 1144 1988 luce
1159 1945 1233 2007 per·
1254 1897 1411 1996 ἷζῖἶῗωξῖζῖ

128 2025 238 2094 fundit
253 2031 328 2114 :qui
345 2031 444 2109 enirn,
468 2040 641 2114 tamquam
658 2031 814 2095 custodes
839 2049 899 2111 per
913 2048 1031 2093 omnes
1056 2028 1233 2112 vigilantes
1259 2024 1383 2116 ῗῖζζξξη,

129 2139 291 2196 terrarum
314 2135 477 2216 regiones,
501 2134 534 2198 in
552 2154 587 2199 re
605 2134 771 2217 praesenti
788 2141 944 2198 notarent
959 2132 1234 2216 experiendoque
1259 2129 1361 2234 mm·

130 2248 267 2300 nossent
283 2257 448 2322 quaenam
465 2237 584 2322 cuique
596 2238 689 2321 genti
705 2238 775 2302 sive
786 2236 979 2301 adhibenda
996 2237 1143 2300 remedia
1163 2239 1232 2300 sive
1322 2223 1328 2235 ’

129 2339 270 2404 insidiae
297 2342 556 2423 praecavendae,
597 2342 699 2407 iidem
727 2339 879 2424 profecto
916 2339 1086 2404 adiutores
1126 2339 1235 2404 Nobis

130 2444 250 2535 optimi
266 2444 368 2509 futuri
384 2456 480 2510 erant
499 2446 541 2510 ad
562 2446 595 2510 id
612 2445 702 2529 quod
727 2443 868 2508 suminis
882 2441 1008 2507 viribus
1024 2441 1236 2525 urgebamur,

130 2565 299 2629 urgemus,
323 2548 562 2614 catholicarum
590 2549 742 2631 gentium
774 2548 926 2610 salutem.
952 2545 1041 2612 Sunt
1072 2555 1185 2610 autem
1215 2566 1235 2608 a

130 2649 239 2713 Nobis
256 2649 449 2732 peramplae
462 2648 539 2712 Deo
553 2647 690 2732 gratiae,
708 2648 798 2730 quod
817 2645 1068 2730 compellationi
1091 2645 1236 2709 Nostrae

130 2751 214 2816 mira
229 2773 364 2835 prorsus
391 2774 435 2818 ex
450 2753 544 2818 omni
565 2753 811 2837 Episcoporum
837 2750 954 2816 ordine
968 2749 1147 2814 consensio
1169 2771 1236 2814 res·

129 2855 286 2936 ponderit
295 2865 329 2918 et
344 2853 504 2921 sollertia:
520 2866 774 2940 nam,quanturn
785 2853 866 2918 eniti
884 2851 931 2916 illi
947 2852 1236 2935 possunt,ingenio

130 2967 163 3021 et
179 2959 310 3036 animis,
326 2960 515 3024 hortatione
527 2969 561 3024 et
570 2959 754 3038 actione,eo
763 2959 826 3023 toti
843 2966 998 3040 spectant
1014 2967 1051 3021 ut
1060 2958 1234 3021 veritatem

130 3062 316 3128 catholicae
342 3061 421 3128 fidei
444 3073 610 3140 tueantur,
641 3073 744 3145 utque
760 3061 937 3126 hominurn
965 3061 1171 3138 societatem,
1190 3061 1234 3125 ad

130 3176 373 3232 consentaneas
390 3167 467 3232 fidei
493 3168 632 3233 virtutes
648 3166 847 3244 revocando,
874 3167 1034 3230 maximis
1051 3164 1236 3248 expediant

133 3268 283 3347 miseriis,
297 3272 340 3335 ad
356 3271 425 3334 veri
441 3273 587 3336 nominis
599 3271 857 3355 prosperitatem
874 3269 1053 3333 adducant.
1373 3333 1379 3344 ,

178 3372 217 3435 In
233 3392 301 3455 quo
328 3384 398 3439 tarn
426 3374 530 3439 nobili
545 3374 648 3440 studii
663 3373 841 3458 pastoralis
866 3371 1048 3438 certamine
1068 3369 1237 3452 praeclare
1258 3333 1357 3452 fiili?
1361 3347 1413 3437 2²1¹:

129 3476 267 3558 quidem
283 3476 433 3543 lecerunt
447 3478 608 3543 Austriae
623 3477 793 3561 Episcopi,
809 3486 843 3542 et
859 3475 967 3542 Nobis
983 3475 1114 3539 animus
1135 3474 1238 3556 gestit
1261 3452 1415 3556 ζξζῖἶβῇῗζ

129 3579 278 3645 debitam
295 3581 390 3645 vobis
415 3581 549 3648 laudem
574 3583 638 3647 hoc
661 3582 736 3646 loco
751 3581 897 3647 tribuere
911 3605 919 3645 :
933 3579 1096 3643 habemus
1112 3579 1237 3662 quippe
1261 3569 1417 3630 eumenen,-

128 3692 339 3766 compertum
355 3694 483 3768 quanta
498 3685 711 3751 contendatis
726 3684 907 3768 prudentia
922 3693 956 3747 et
977 3682 1174 3750 assiduitate
1190 3683 1236 3746 la-

128 3787 247 3852 borum
274 3788 317 3852 ad
346 3790 436 3854 mala
461 3793 599 3874 quaevis
625 3793 659 3856 in
682 3789 809 3875 populo
832 3790 983 3871 germina
1006 3787 1181 3852 evellenda
1203 3797 1237 3853 et

128 3893 171 3956 ad
198 3894 326 3957 semina
341 3895 486 3960 fovenda
510 3895 711 3961 christianae
737 3896 835 3960 vitae.
854 3893 928 3957 Irno
951 3911 1057 3974 nuper
1072 3891 1235 3976 perliben-

128 4005 179 4060 ter
209 3999 416 4079 agnovimus,
440 3999 645 4064 coniunctim
673 4021 693 4064 a
717 3998 813 4063 vobis
843 3996 1022 4081 epistolam
1053 3997 1097 4061 ad
1121 3993 1236 4060 fideles

128 4099 332 4165 dioecesium
360 4112 543 4168 vestrarum
565 4103 666 4167 luisse
691 4102 816 4179 datam,
831 4120 918 4184 quae
941 4099 1113 4182 praeclaro
1128 4099 1236 4164 Nobis

128 4215 329 4286 argumento
359 4205 422 4271 fuit
452 4207 754 4272 consociatissImas
789 4226 861 4270 esse
884 4203 1077 4270 voluntates
1110 4213 1236 4268 vestras

128 4327 233 4390 quum
250 4327 301 4371 res
318 4319 369 4374 est
383 4309 426 4374 de
451 4311 496 4375 rei
523 4309 708 4376 catholicae
735 4309 919 4375 rationibus
946 4307 1090 4372 tuendis.
1106 4306 1234 4372 Verum

128 4423 165 4476 ut
190 4411 317 4476 firmius
341 4424 472 4480 constet
488 4417 666 4499 vigeatque
681 4415 715 4479 in
739 4423 911 4498 posterum
939 4412 1021 4477 haec
1048 4411 1236 4490 concordia,
