3230 4874
162 377 213 426 DE
233 376 414 428 SEMINAR.
436 375 508 425 PRO
527 373 655 424 lTALlA
674 373 803 424 SUPER.
825 372 956 424 ROMAE
975 374 1147 426 CONSTIT.
1185 379 1250 447 123

149 553 216 616 iam
234 552 311 614 inde
327 552 371 614 ab
386 571 476 614 anno
495 551 579 629 1854
594 548 726 613 initium
743 551 777 612 in
798 548 879 613 urbe
903 549 1031 628 habuit,
1056 549 1253 635 felicemque
1338 571 1367 619 15

143 655 358 718 alumnorum
396 661 596 737 proventum
628 650 751 716 extulit
789 651 911 735 quibus
951 652 1105 718 Insubria
1133 657 1252 719 merito
1286 619 1427 728 offla

144 757 271 820 laetata
288 764 348 834 est,
364 757 423 820 sed
439 775 549 820 rerum
566 753 774 838 publicarum
799 756 1034 821 conversiones
1050 776 1136 840 quae
1161 777 1252 823 anno
1277 781 1335 826 urse
1358 784 1427 838 capta

147 863 232 941 1870
248 861 281 924 in
298 862 380 925 urbe
395 879 545 938 evenere,
560 859 742 924 effecerunt
758 869 794 924 ut
805 859 1026 925 contubernio
1038 861 1250 927 alumnorum
1275 840 1388 891 ‘mm'

141 965 264 1042 soluto,
287 983 354 1028 una
373 963 473 1029 simul
500 962 679 1048 collegium
703 963 814 1046 ipsum
840 983 914 1028 esse
938 965 1082 1030 desierit.
1111 965 1152 1031 Id
1178 966 1251 1030 Nos

140 1089 242 1152 aegre
256 1068 442 1132 admodum
459 1077 493 1132 et
509 1068 649 1132 moleste
666 1067 863 1144 ferentes,ab
876 1068 1024 1132 exordiis
1035 1069 1251 1152 pontificatus

142 1173 270 1250 Nostri,
285 1193 361 1237 cum
379 1171 542 1238 Odoardo
558 1171 741 1236 Borromeo
753 1171 889 1236 illustris
906 1173 1095 1251 memoriae,
1109 1174 1143 1239 S.
1155 1173 1194 1237 R.
1209 1175 1248 1240 E.

142 1276 314 1342 Cardinali
332 1275 463 1358 collegii
480 1285 633 1359 patrono,
649 1275 799 1358 impense
816 1277 956 1359 egimus,
976 1286 1013 1342 ut
1036 1277 1249 1342 alumnorum
1279 1300 1334 1358 jam
1346 1301 1427 1372 (tarta

138 1382 362 1446 contubernio
378 1381 587 1445 restituendo
601 1400 739 1464 operam
763 1391 909 1446 navaret
927 1381 1103 1464 Nobisque
1118 1381 1251 1464 placere
1274 1365 1426 1480 mm

141 1484 455 1562 demonstravimus,
472 1484 499 1548 si
510 1504 550 1549 ea
561 1485 657 1548 sedes
668 1504 736 1549 non
748 1485 958 1568 excipiendis
977 1486 1086 1550 solum
1097 1507 1142 1550 ex
1154 1487 1249 1550 Insu-
1275 1479 1426 1586 ’Δῇῑζίζζῖἰῗ

141 1587 216 1652 bria
231 1587 367 1665 clericis,
383 1587 441 1650 sed
458 1588 560 1652 etiam
577 1607 622 1651 ex
638 1587 847 1654 dioecesibus
858 1589 977 1654 Italiae
991 1591 1178 1672 superioris,
1189 1609 1249 1656 nec
1276 1603 1366 1652 ratum.

143 1711 212 1756 non
239 1691 488 1756 edioecesibus
511 1691 724 1769 Mutinensis,
752 1693 941 1758 Parmensis
969 1702 1003 1758 et
1034 1693 1250 1759 Placentinae
1268 1713 1286 1728 ⁴·

141 1795 289 1877 regionis
302 1795 454 1858 universe
468 1803 607 1878 pateret.
623 1795 847 1879 Amplissimo
873 1817 974 1880 quem
1001 1797 1151 1864 diximus
1178 1799 1249 1864 viro

136 1909 278 1963 curante
295 1909 327 1963 et
344 1899 457 1962 divina
473 1898 667 1981 adspirante
682 1900 899 1982 benignitate,
915 1901 1041 1966 iactum
1065 1911 1125 1980 est,
1141 1911 1178 1966 ut
1193 1903 1249 1967 die

142 2021 185 2084 30
201 2003 360 2069 Octobris
384 2023 474 2068 anno
505 2004 586 2084 1878
613 2024 681 2086 quo
708 2004 742 2067 in
767 2005 841 2070 loco
868 2003 1047 2088 collegium
1074 2005 1191 2084 suerat,
1213 2006 1247 2070 in

137 2129 181 2174 eo
206 2109 268 2174 sub
291 2109 448 2193 auspiciis
471 2119 662 2174 sanctorum
688 2109 845 2174 caelitum
876 2109 1051 2174 Ambrosii
1077 2122 1109 2175 et
1137 2111 1250 2179 Caroli

140 2212 448 2278 Mediolanensium
465 2213 678 2292 Antistitum,
694 2213 778 2278 sacri
795 2213 963 2280 seminarii
980 2215 1076 2279 initia
1091 2215 1247 2281 dedicata

138 2314 270 2394 luerint,
300 2336 345 2379 ex
375 2316 502 2380 clericis
532 2316 674 2382 adlectis
704 2316 907 2380 dioecesium
942 2315 1062 2380 Italiae
1097 2337 1246 2400 superae,

135 2419 196 2502 qui
212 2420 464 2502 opportunitate
478 2420 594 2485 oblata
609 2419 738 2484 fruituri
766 2419 799 2483 in
828 2421 943 2486 urbem
969 2429 1099 2485 mature
1125 2439 1244 2484 conve-

137 2533 265 2588 nerant.

182 2627 267 2694 Cum
280 2626 363 2692 haec
379 2626 474 2692 initia
490 2645 647 2709 prospere
662 2625 849 2705 cessissent,
862 2629 940 2692 novi
953 2627 1097 2693 instituti
1107 2626 1242 2692 rationi·
1290 2661 1380 2721 &gam
1389 2677 1418 2708 a,

132 2730 198 2795 bus
214 2741 249 2795 et
264 2730 478 2814 prosperitati
494 2729 567 2794 Nos
582 2730 756 2794 consulere
765 2730 1042 2813 cupientes,leges
1052 2731 1082 2794 ei
1095 2733 1242 2814 regendo
1268 2720 1394 2791 ''utils“

133 2835 320 2917 descriptas
335 2844 369 2898 et
385 2834 428 2898 ad
441 2834 515 2898 Nos
530 2833 659 2912 allatas,
671 2835 870 2900 auctoritate
882 2835 1008 2898 Nostra
1018 2835 1242 2917 probavimus,
1265 2785 1418 2887 mibi}

132 2938 399 3020 spectatissimos
414 2937 503 3000 viros
527 2936 723 3019 disciplinae
746 2937 917 3002 seminarii
942 2947 976 3000 et
997 2939 1043 3001 rei
1068 2935 1241 3002 familiaris
1263 2903 1392 2951 ‘mm'

131 3039 417 3106 administrationi
427 3040 595 3105 curandae
604 3040 868 3122 praeposuimus,
879 3038 1072 3124 laetumque
1081 3041 1238 3110 solatium

130 3143 343 3226 percepimus
358 3153 569 3226 compertum
592 3145 764 3219 habentes,
790 3143 1000 3209 alumnorum
1017 3144 1051 3208 in
1067 3146 1189 3209 virtute
1205 3155 1239 3209 et

129 3245 286 3310 doctrina
302 3265 497 3329 progressus
513 3247 742 3330 expectationi
757 3247 902 3312 Nostrae
918 3249 1129 3330 respondere.

176 3346 208 3411 N
212 3367 276 3412 unc
292 3368 372 3413 vero
386 3349 526 3414 dilectus
543 3347 630 3414 filius
647 3350 772 3415 Noster
794 3349 941 3416 Lucidus
958 3351 1066 3414 Maria
1090 3349 1123 3417 S.
1141 3351 1180 3417 R.
1198 3353 1237 3418 E.
1292 3360 1412 3423 Pontifex.

129 3449 321 3516 cardinalis
339 3453 509 3530 Parocchi,
525 3453 650 3518 Noster
666 3455 699 3517 in
725 3453 808 3518 urbe
822 3451 977 3518 Vicarius
1007 3462 1042 3518 et
1067 3455 1236 3520 seminarii
1277 3421 1415 3538 ω’ωἶῗιῖἷῖ

134 3553 284 3621 eiusdem
303 3557 477 3636 Patronus,
492 3578 554 3622 nec
577 3577 644 3623 non
661 3557 880 3623 Venerabiles
903 3557 1036 3622 Fratres
1060 3558 1236 3644 Archiepi·
1262 3536 1412 3658 535³}ss

129 3677 252 3743 scopus
281 3659 347 3725 Tit
373 3661 644 3727 Nicomediensis
674 3671 709 3726 et
735 3661 1017 3744 Archiepiscopus
1044 3661 1110 3727 Tit.
1139 3663 1236 3728 Meli·
1256 3662 1411 3776 mmff

125 3763 279 3826 tenensis
295 3765 465 3830 seminarii
481 3764 678 3849 disciplinae
692 3775 727 3829 et
742 3763 907 3830 bonorum
935 3762 1006 3828 eius
1022 3765 1234 3831 administra·
1383 3750 1389 3769 ⁹

127 3865 212 3929 tioni
239 3870 431 3952 praepositi,
457 3869 610 3952 precibus
635 3869 678 3932 ad
704 3867 777 3932 Nos
804 3868 924 3932 delatis
951 3866 1171 3950 postularunt,
1197 3881 1233 3936 ut

123 3967 289 4032 clericalis
306 3971 460 4050 instituti,
475 3971 565 4055 quod
582 3971 649 4035 iam
667 3989 831 4034 annorum
853 3970 1008 4034 undecim
1025 3971 1233 4055 experientia

127 4074 354 4150 commendat,
371 4073 549 4139 stabilitati
566 4084 601 4138 et
616 4074 830 4138 incrementis
846 4073 1121 4156 prospiceremus,
1136 4076 1233 4161 eique

126 4173 204 4239 iusti
220 4187 254 4238 ct
270 4175 411 4257 legitimi
426 4175 596 4240 seminarii
613 4175 673 4252 ius,
697 4175 740 4241 ad
756 4176 935 4240 canonicas
962 4174 1062 4258 leges,
1086 4179 1231 4242 auctori-

127 4286 197 4341 tate
214 4277 340 4342 Nostra
356 4279 502 4344 tribuere
516 4278 688 4344 vellemus.

172 4379 245 4445 Nos
274 4381 388 4465 itaque
417 4381 514 4448 firma
543 4401 604 4467 spe
629 4383 775 4460 adducti,
801 4382 919 4448 faustis
949 4383 1090 4468 inceptis
1119 4383 1230 4452 Deum
