3194 4872
217 756 378 848 Etonia
399 773 524 844 uthina
548 775 772 858 prorutum
791 767 931 868 Papae
948 766 1095 858 XIII
1174 847 1196 887 a·

144 942 147 961 s
206 932 504 1031 autumentur,
523 937 747 1036 aurnum,
768 937 1104 1031 constitutiones.
1190 1008 1196 1021 .

157 1095 225 1147 12‘r
279 1104 296 1137 εἰ
353 1103 370 1137 s,
576 1106 592 1137 va
736 1108 741 1133 z
873 1108 890 1137 η
1021 1112 1038 1137 ω

510 1331 821 1413 EPISTOLA

366 1467 423 1526 Ad
445 1468 665 1542 episcopum
690 1470 935 1532 Leodiensem

109 1581 167 1640 DE
202 1581 444 1642 HABENDO
479 1583 673 1644 ALTERO
709 1585 974 1650 CONVENTU
1013 1591 1206 1656 SOCIALI

568 1693 728 1754 DICTO.

208 1878 210 1881 ,
288 1813 517 1899 ³]
534 1816 583 1878 tui
600 1835 678 1898 erga
692 1835 871 1882 commune
887 1819 1012 1886 bonum
1031 1826 1133 1890 studii
1150 1847 1208 1891 no.
1270 1825 1362 1915 μῆῃ

122 1914 127 1929 ²
189 1936 226 1993 f,
250 1946 271 1983 r
302 1922 341 2009 st
368 1939 447 1984 vum
473 1919 627 2002 praebuit
658 1919 766 1985 Nobis
792 1937 1029 2006 argumentum
1060 1929 1209 1997 officiosa
1279 1916 1344 1973 ¹⁸⁸⁷·

110 2076 111 2079 ,
163 2008 169 2021 “
197 2008 247 2099 J
266 2030 274 2115 ἑ,
368 2023 519 2106 epistola,
531 2043 633 2106 quam
644 2025 705 2088 abs
717 2033 750 2089 te
765 2027 858 2091 Maio
869 2051 983 2095 mense
993 2038 1208 2100 exeunteda-

308 2128 340 2213 fet
367 2139 437 2192 tam
465 2129 664 2209 accepimus
682 2129 738 2193 Ex
754 2151 795 2194 ea
811 2152 956 2216 namque
984 2140 1209 2220 comperimus

109 2274 111 2283 ι
180 2218 312 2297 ζμ
366 2232 542 2297 consilium
559 2254 580 2296 a
595 2241 628 2296 te
645 2234 764 2298 initum
781 2256 858 2299 cum
875 2238 948 2301 aliis
961 2243 1121 2322 spectatis
1131 2244 1208 2310 viris
1274 2261 1364 2307 uuum

106 2336 210 2423 Belgis
227 2339 453 2421 externisque,
465 2346 502 2399 ut
518 2335 675 2418 proximo
689 2357 803 2402 mense
820 2339 1011 2423 Septembri
1024 2358 1208 2411 conventus
1235 2326 1391 2440 ζξῖξῖἷῶἶζ

104 2440 181 2506 alter
202 2444 278 2507 istic
294 2442 466 2518 habeatur,
480 2440 589 2522 qualis
605 2461 695 2504 anno
718 2444 887 2526 superiore
911 2445 1046 2510 habitus
1070 2448 1142 2528 suit,
1164 2454 1207 2515 ad
1239 2445 1320 2490 ‘'m‘'

104 2567 153 2610 eas
169 2547 385 2631 quaestiones
397 2544 640 2628 expendendas
655 2566 741 2628 quae
760 2548 988 2613 conditionem
1013 2562 1046 2616 et
1064 2556 1208 2620 rationes

103 2661 249 2733 spectant
275 2651 442 2715 humanae
458 2649 636 2712 societatis.
653 2648 766 2732 Quum
789 2671 829 2714 ea
858 2672 945 2734 quae
961 2664 1041 2719 tunc
1066 2677 1086 2720 a
1113 2661 1208 2725 vobis

103 2765 191 2834 gesta
221 2765 301 2818 sunt
326 2753 540 2835 prudentium
565 2753 709 2815 virorum
727 2757 1056 2821 commendationem
1088 2763 1207 2826 retule-
1263 2781 1366 2826 alterius

104 2860 170 2937 rint,
194 2859 369 2941 multaque
384 2867 418 2920 et
433 2856 775 2939 graviasintquaeea
797 2879 897 2941 super
927 2861 1016 2924 rein
1042 2863 1207 2948 discepta·
1252 2846 1380 2945 (Ζζῖξζὲῗ

101 2964 219 3028 tionem
237 2963 350 3028 adhuc
365 2962 476 3025 vocari
492 2970 657 3042 oporteat,
673 2963 848 3026 consilium
866 2974 1011 3028 vestrum
1024 2967 1207 3048 probamus
1248 2960 1376 3064 &Imm

100 3068 319 3144 vehementer,
350 3075 546 3146 vestrosque
584 3064 714 3129 labores
749 3068 862 3130 studio
900 3070 1016 3150 utique
1053 3071 1207 3154 uotisque
1239 3079 1358 3138 Pontifex-

101 3169 227 3234 Nostris
257 3169 498 3253 prosequimur.
518 3167 855 3252 Intelligimusporro
885 3173 1099 3253 quaestiones
1122 3175 1207 3236 eius-

101 3277 185 3338 modi
209 3294 298 3357 quae
329 3274 361 3335 in
393 3271 545 3335 coetibus
561 3271 678 3335 vestris
694 3283 848 3354 aguntur,
866 3293 931 3337 non
961 3275 1064 3338 modo
1087 3276 1207 3358 dignas

101 3395 167 3439 esse
197 3378 230 3439 in
261 3375 382 3458 quibus
398 3393 470 3436 sese
483 3374 628 3436 virorum
645 3374 848 3455 sapientium
863 3374 998 3455 ingenia
1017 3385 1207 3454 exerceant,
1238 3407 1323 3466 Digna
1334 3421 1377 3450 sa,

100 3479 153 3541 sed
169 3499 265 3542 curas
293 3475 489 3559 praecipuas
516 3485 551 3538 et
566 3477 678 3540 studia
693 3477 735 3539 ad
767 3496 803 3538 se
818 3486 1011 3540 convertere
1027 3477 1206 3540 catholico·
1253 3481 1325 3512 Μ
1343 3481 1370 3510 ¹²²

1238 3541 1286 3584 qua
1297 3539 1390 3570 secuer-

100 3603 166 3646 rum
191 3582 367 3646 hominum
385 3599 469 3664 quos
482 3579 605 3644 Christi
631 3581 752 3644 caritas
769 3592 874 3662 urget,
890 3591 928 3643 ut
944 3591 1116 3663 praestent
1146 3601 1207 3663 pro
1237 3591 1307 3655 ceant
1326 3563 1388 3642 tuse·

101 3687 220 3750 viribus
236 3706 323 3769 quae
340 3686 382 3748 ad
399 3703 613 3747 communem
628 3683 770 3748 salutem
788 3685 966 3766 pertinent,
990 3687 1207 3768 maximeque
1238 3659 1309 3749 m
1320 3649 1389 3688 ‘m‘

100 3809 193 3872 opem
224 3801 259 3853 et
290 3789 439 3854 solamen
457 3787 565 3850 serant
581 3789 610 3851 ei
634 3789 748 3870 generi
776 3789 960 3866 hominum,
990 3791 1046 3872 qui
1071 3791 1205 3872 inopem

101 3895 207 3970 vitam,
230 3893 448 3977 quotidianae
477 3911 599 3973 operae
622 3891 736 3955 labore
759 3893 902 3955 tolerare
929 3902 1103 3975 coguntur.
1130 3893 1206 3956 Hoc

100 3997 184 4062 enim
219 3997 330 4079 agitur
371 3993 535 4078 imprimis
574 4005 612 4057 ut
635 3995 850 4076 exploratum
879 3994 937 4058 fiat
971 4016 1038 4078 qua
1075 3995 1206 4077 potissi·
1260 4013 1391 4076 Agiturde

103 4120 187 4164 mum
213 4100 342 4163 ratione
358 4109 392 4161 et
422 4099 485 4176 uia,
501 4118 563 4179 pro
578 4099 738 4181 cuiusque
754 4110 874 4162 natura
891 4099 964 4176 loci,
994 4119 1035 4161 ea
1057 4098 1208 4162 leventur
1239 4075 1390 4193 „hissa-

103 4204 185 4268 mala
200 4225 286 4288 quae
301 4195 470 4286 operarios
486 4203 639 4266 homines
656 4214 821 4287 premunt,
849 4212 882 4267 et
906 4211 1099 4266 avertantur
1122 4205 1206 4285 peri·
1250 4195 1377 4300 “wige

102 4307 171 4370 cula
199 4327 285 4390 quae
300 4327 345 4370 ex
369 4327 484 4370 eorum
508 4306 724 4370 multitudine
740 4316 774 4371 et
790 4306 985 4370 conditione
1001 4305 1122 4369 misera
1146 4306 1206 4369 im·
1239 4313 1390 4370 arcendi*-

103 4409 225 4475 minent
241 4411 286 4474 rei
302 4409 457 4494 publicae
475 4411 577 4474 statui
588 4419 623 4473 et
638 4411 759 4473 civium
767 4410 954 4474 securitati.
971 4409 1095 4492 Agitur
1113 4428 1206 4490 prae·

127 4545 199 4592 Aera
215 4545 315 4592 Leouus
330 4544 402 4591 xssl.
796 4551 811 4590 ι
1067 4543 1112 4590 111.
1126 4559 1178 4590 -1
