3172 4874
103 389 154 441 DE
166 391 478 450 FESTlVlTATIBUS
498 399 538 450 llll
559 399 705 452 HONOR.
718 400 746 452 S.
763 399 891 452 ALOYS.
908 399 1118 454 GONZAGAE.
1139 399 1207 472 145

101 563 165 647 piis
180 565 272 630 hisce
283 565 437 649 precibus
446 568 592 652 benigne
605 569 824 636 adnuendum
837 571 1209 656 censuimusQuamob-
1237 589 1380 684 mm

99 688 172 734 rem
197 671 240 735 de
275 671 531 756 omnipotentis
560 673 627 739 Dei
655 674 881 740 misericordia
908 695 947 740 ac
978 677 1045 742 BB.
1063 676 1152 742 Petri
1176 685 1210 742 et
1279 685 1348 744 1891·

100 771 197 838 Pauli
212 773 461 856 Apostolorum
476 775 548 842 eius
566 777 769 842 auctoritate
782 776 910 857 confisi,
925 779 1082 844 omnibus
1098 788 1132 844 et
1143 778 1209 844 sin·
1243 793 1386 842 perunu-

99 878 187 960 gulis
199 879 373 963 utriusque
389 899 494 946 sexus
507 880 787 960 christifidelibus,
798 882 856 966 qui
872 883 1036 948 triduanis
1050 883 1211 967 quotidie,
1236 853 1317 964 2222.
1328 868 1391 958 ahh-

98 982 152 1046 vel
167 983 347 1068 quinquies
374 985 497 1051 saltem
514 985 771 1052 novendialibus
798 987 1109 1071 supplicationibus,
1124 1008 1211 1072 quae
1235 971 1388 1092 'lixam

100 1085 276 1152 habendae
288 1098 368 1154 sunt
384 1099 465 1155 ante
476 1090 654 1157 Aloisiana
669 1090 974 1170 sollemnia,diebus
990 1111 1009 1155 a
1026 1092 1211 1174 respectivo
1235 1089 1388 1202 mm·

99 1189 165 1255 loci
181 1193 359 1259 Ordinatio
375 1195 603 1278 designandis,
619 1194 840 1274 interfuerint,
856 1205 891 1260 ct
902 1195 954 1260 vel
970 1195 1045 1278 ipso
1060 1195 1115 1259 die
1126 1194 1211 1260 festo
1236 1213 1288 1252 tum
1303 1209 1388 1278 iquos

99 1294 153 1358 vel
167 1315 235 1360 uno
250 1315 296 1359 ex
311 1297 410 1361 dictis
422 1298 543 1363 diebus
555 1298 598 1363 ad
615 1299 775 1382 cuiusque
791 1297 964 1364 arbitrium
974 1298 1038 1362 sibi
1054 1298 1210 1380 eligendo
1235 1268 1371 1386 :1352ngth
1374 1303 1379 1321 ’

99 1417 177 1462 vere
187 1400 398 1481 poenitentes
411 1411 445 1468 et
457 1401 604 1468 confessi
615 1422 654 1467 ac
667 1402 954 1470 S.Communione
967 1401 1079 1468 refecti
1090 1423 1209 1486 quam·
1236 1385 1285 1430 ‘³⁰⁸

100 1502 184 1568 libet
213 1504 389 1569 ecclesiam
420 1504 472 1570 vel
504 1505 677 1589 publicum
709 1505 914 1585 Oratorium,
941 1505 998 1570 ubi
1028 1506 1152 1571 festum
1175 1507 1209 1574 S.

99 1606 222 1672 Aloisii
239 1607 471 1688 celebrabitur,
485 1611 608 1676 devote
624 1609 843 1687 visitaverint,
858 1609 971 1694 ibique
987 1631 1048 1694 pro
1060 1610 1209 1676 christia·

100 1731 219 1778 norum
237 1715 426 1798 principum
442 1715 633 1792 concordia,
648 1714 826 1778 haeresum
843 1715 1078 1797 extirpatione,
1093 1735 1210 1798 pecca·

98 1826 211 1881 torum
234 1818 460 1895 conversione,
476 1838 515 1883 ec
532 1817 565 1883 S.
587 1817 707 1882 Matris
724 1816 896 1881 Ecclesiae
911 1816 1121 1883 exaltatione
1136 1818 1210 1900 pias

98 1919 143 1983 ad
160 1921 273 1986 Deum
290 1942 404 2005 preces
422 1920 611 2002 effuderint,
622 1921 809 2006 plenariam
825 1921 977 1986 omnium
994 1931 1208 2005 peccatorum

98 2043 236 2089 suorum
253 2026 498 2109 indulgentiam
515 2035 550 2092 et
565 2027 795 2090 remissionem
813 2025 1071 2092 misericorditer
1086 2025 1120 2090 in
1138 2023 1208 2089 Do·

99 2127 193 2192 mino
209 2131 433 2194 concedimus.
451 2131 498 2194 Iis
513 2149 593 2194 vero
609 2128 772 2208 fidelibus,
794 2129 852 2213 qui
868 2131 969 2192 corde
993 2129 1113 2194 saltem
1129 2149 1207 2194 con-

97 2231 168 2297 triti
184 2233 258 2316 pias
282 2235 569 2318 peregrinationes
585 2235 628 2300 ad
647 2242 833 2300 memorata
854 2233 928 2298 loca
944 2231 1157 2311 confecerint,
1172 2242 1207 2299 et

95 2338 245 2420 parvulis
262 2339 364 2403 etiam
388 2359 451 2423 pro
466 2358 583 2403 eorum
606 2349 708 2421 captu
725 2356 908 2418 eorumque
930 2336 1134 2419 parentibus,
1148 2340 1205 2422 qui

95 2443 238 2506 nomina
258 2443 301 2506 ad
317 2443 576 2525 promerendum
592 2441 714 2508 Aloisii
730 2440 953 2524 patrocinium
970 2441 1206 2523 inscripserint,

94 2547 284 2612 dummodo
300 2547 464 2612 triduanis
489 2546 542 2611 vel
559 2545 815 2612 novendialibus
843 2544 1143 2629 supplicationibus
1170 2558 1207 2613 ut

95 2651 341 2732 supradictum
357 2660 409 2715 est
424 2648 624 2726 adstiterint,
635 2659 765 2732 septem
781 2667 888 2713 annos
898 2647 1108 2732 totidemque
1123 2669 1206 2732 qua·

94 2754 262 2838 dragenas
290 2755 334 2819 de
359 2753 518 2818 iniunctis
543 2754 591 2818 eis
607 2773 666 2818 seu
692 2753 774 2818 alias
801 2752 1057 2836 quomodolibet
1084 2754 1207 2820 debitis
1255 2753 1384 2857 ⁰35⁸:th

95 2857 314 2940 poenitentiis
340 2856 498 2922 informa
518 2857 691 2923 Ecclesiae
707 2867 868 2922 consueta
884 2857 1086 2926 relaxamus.
1112 2857 1206 2943 Quas
1226 2817 1383 2930 fumiflu-

95 2980 217 3028 omnes
232 2971 267 3027 et
282 2963 432 3046 singulas
447 2962 683 3045 indulgentias,
699 2971 912 3046 peccatorum
930 2963 1151 3043 remissiones,
1167 2986 1205 3030 ac
1223 2935 1383 3050 ῗῖἷιῖῗαῖρη

96 3066 382 3148 poenitentiarum
394 3065 622 3130 relaxationes
631 3068 733 3140 etiarn
744 3067 922 3131 animabus
932 3066 1207 3147 christifidelium,

96 3189 187 3252 quae
202 3170 279 3236 Deo
294 3171 328 3234 in
353 3169 517 3235 charitate
533 3169 732 3234 coniunctae
748 3171 791 3234 ab
807 3170 870 3236 hac
891 3170 964 3236 luce
981 3174 1206 3256 migraverint,

97 3293 159 3357 per
175 3275 313 3340 modum
324 3273 474 3358 suffragii
489 3274 651 3360 applicari
667 3295 765 3357 posse
781 3275 1003 3358 indulgemus.
1020 3277 1206 3342 Praesenti-

97 3379 162 3443 bus
186 3380 251 3446 hoc
267 3397 357 3444 anno
380 3388 512 3445 tantum
528 3377 688 3444 valituris.
712 3377 880 3447 Volumus
902 3389 1025 3458 autem,
1048 3387 1086 3445 ut
1112 3399 1206 3464 prae·

97 3485 245 3550 sentium
262 3483 446 3550 litterarum
463 3482 683 3567 transumptis
698 3503 756 3548 seu
773 3482 938 3567 exemplis
951 3485 1052 3548 etiam
1069 3485 1207 3568 impres·

96 3585 151 3662 sis,
168 3605 269 3652 manu
286 3586 428 3651 alicuius
445 3584 577 3650 Notarii
592 3585 718 3668 publici
734 3585 940 3669 subscriptis,
955 3595 989 3650 et
1005 3585 1115 3669 sigillo
1133 3606 1206 3669 per·

95 3708 200 3754 sonae
216 3689 250 3753 in
274 3689 502 3754 ecclesiastica
518 3689 685 3773 dignitate
712 3689 916 3754 constitutae
933 3690 1070 3755 munitis
1087 3691 1206 3755 eadem

96 3813 233 3876 prorsus
243 3791 325 3859 tides
338 3793 636 3876 adhibeatur,quae
650 3792 864 3857 adhiberetur
873 3792 955 3877 ipsis
965 3792 1208 3876 praesentibus,

97 3896 125 3959 si
137 3894 248 3962 forent
265 3895 440 3963 exhibitae
457 3896 509 3962 vel
527 3906 693 3962 ostensae.

142 4001 272 4067 Datum
287 4002 418 4068 Romae
434 4002 527 4087 apud
544 4002 579 4069 S.
596 4002 731 4068 Petrum
749 4000 812 4066 sub
837 4000 940 4066 anulo
958 4001 1137 4067 Piscatoris
1152 4002 1208 4068 die

103 4123 118 4172 1
138 4107 286 4172 Ianuarii
306 4109 398 4188 1891,
414 4104 633 4173 Pontificatus
650 4103 767 4170 Nostri
783 4124 873 4170 anno
895 4105 1028 4171 decimo
1042 4109 1151 4174 tertio.

553 4210 599 4274 M.
616 4207 731 4275 Cano.
747 4207 1121 4278 LEDOCHOWSKI.

159 4541 235 4587 Acus
252 4538 353 4586 Lsours
369 4536 441 4584 xlll.
