3310 4868
405 395 456 444 DE
475 399 687 449 LIBERTATE
707 399 883 450 llUMANA.
1118 412 1126 451 t
1142 400 1181 471 15

106 595 235 663 respectu
268 585 455 666 degendam
494 587 700 668 praedicant,
725 585 813 650 hanc
851 589 894 650 de
924 608 992 670 qua
1018 588 1185 671 loquimur
1235 589 1330 684 Jffi„

104 687 290 750 coniunctam
305 707 382 751 cum
399 688 576 752 honestate
591 689 818 772 religioneque
839 689 1028 755 libertatem
1047 692 1185 755 minime
1252 686 1318 732 ¹⁸⁸&

101 799 262 868 agnoscunt
276 814 282 854 :
297 791 391 854 cuius
403 795 654 856 conservandae
670 814 788 858 caussa
798 795 825 856 si
841 796 923 877 quid
938 793 1006 873 fiat,
1022 797 1142 859 iniuria
1151 805 1186 860 et
1210 845 1252 891 m.
1281 851 1361 892 ,mn

100 901 198 955 contra
212 895 448 977 rempublicam
465 895 589 960 sactum
607 897 834 962 criminantur.
846 897 947 981 Quod
967 899 994 962 si
1010 901 1185 964 veredice·
1221 905 1349 1010 ‹tanlqua-

98 1003 169 1070 rent,
182 995 283 1061 nullus
297 1009 386 1062 esset
408 1008 477 1062 tam
501 1000 658 1064 immanis
681 1002 886 1079 dominatus,
912 1003 966 1066 cui
993 1005 1129 1068 subesse
1153 1011 1186 1068 et
1212 969 1361 1085 libelii?

99 1113 184 1176 quem
194 1098 270 1164 serre
286 1121 353 1166 non
370 1113 550 1185 oporteret.
568 1097 570 1101 ’
1212 1097 1255 1130 res·

134 1305 348 1374 Vehementer
361 1312 497 1394 quidem
512 1311 612 1376 vellet
626 1312 792 1389 Ecclesia,
802 1313 835 1375 in
849 1332 966 1376 omnes
987 1312 1189 1396 reipublicae

95 1410 210 1476 ordines
224 1414 315 1491 haec,
338 1435 424 1498 quae
446 1417 641 1480 summatim
668 1417 854 1498 attigimus,
877 1415 1058 1481 christiana
1085 1417 1187 1480 doeu-
1228 1394 1362 1499 dffl‘ssu

97 1525 192 1578 menta
210 1538 242 1580 re
258 1538 387 1602 usuque
398 1530 622 1601 penetrarent.
640 1519 680 1584 In
698 1519 743 1582 iis
759 1521 848 1584 enim
866 1539 997 1584 summa
1010 1519 1188 1584 efficacitas
1223 1513 1355 1631 {my

94 1615 167 1681 inest
181 1621 221 1684 ad
245 1623 398 1686 sananda
421 1623 540 1688 horum
563 1633 754 1706 temporum
773 1623 871 1699 mala,
888 1645 955 1687 non
983 1645 1065 1688 sane
1080 1644 1188 1706 pauca
1214 1645 1261 1676 ²³⁰¹*
1284 1637 1365 1678 ‘sm

94 1722 242 1802 neclevia,
257 1746 364 1810 eaque
380 1747 539 1810 magnam
557 1737 686 1810 partem
701 1727 741 1789 iis
765 1728 846 1810 ipsis
871 1737 951 1792 nata
967 1727 1188 1805 libertatibus,
1213 1696 1363 1797 mepa-

93 1843 165 1903 quae
191 1838 286 1893 tanta
311 1825 561 1913 praedicatione
591 1830 783 1908 efferuntur,
810 1842 845 1894 et
869 1833 902 1894 in
926 1833 1049 1914 quibus
1071 1831 1189 1897 salutis

91 1929 266 2016 gloriaeque
281 1934 410 1997 inclusa
432 1934 563 1998 semina
578 1933 790 1998 videbantur.
803 1933 907 2016 Spem
924 1934 1041 2000 seiellit
1068 1937 1188 2000 exitus.

92 2033 146 2094 Pro
168 2035 318 2100 iucundis
340 2047 374 2100 et
397 2035 587 2100 salubribus
611 2037 722 2100 acerbi
747 2046 781 2100 et
811 2037 978 2119 inquinati
1004 2058 1188 2120 provenere

92 2133 211 2204 fructus.
226 2138 264 2204 Si
289 2141 474 2204 remedium
494 2140 674 2223 quaeritur,
685 2160 842 2205 sanarum
856 2139 1083 2206 doctrinarum
1096 2163 1188 2206 revo-

88 2242 203 2308 catione
217 2255 407 2327 quaeratur,
422 2265 443 2308 a
458 2244 580 2327 quibus
597 2243 677 2307 solis
701 2247 912 2309 conservatio
935 2247 1074 2323 ordinis;
1085 2247 1184 2311 adeo-

86 2364 141 2426 que
169 2369 268 2413 verae
299 2347 408 2413 tutela
443 2347 608 2411 libertatis
634 2347 777 2414 fidenter
802 2350 976 2432 expectari
1004 2359 1128 2431 potest.
1141 2388 1189 2412 -.

87 2447 299 2516 Nihilominus
315 2461 468 2516 materno
484 2452 608 2515 iudicio
637 2451 787 2516 Ecclesia
804 2454 962 2516 aestimat
977 2473 1079 2534 grave
1101 2471 1184 2535 pon.
1236 2462 1336 2514 recem.

84 2553 136 2617 dus
167 2556 371 2621 infirmitatis
396 2557 588 2620 humanae:
611 2567 644 2620 et
682 2556 791 2640 qualis
812 2555 867 2620 ltic
894 2557 948 2634 sit,
970 2575 1039 2639 quo
1069 2567 1185 2620 nostra
1207 2523 1362 2641 {illm-

84 2658 198 2726 vehitur
207 2671 314 2738 aetas,
329 2661 519 2725 animorum
535 2681 714 2743 rerumque
735 2681 861 2738 cursus,
877 2680 944 2724 non
965 2661 1106 2743 ignorat„
1120 2661 1185 2725 His
1210 2654 1258 2752 ’,ᾖξ’
1287 2640 1362 2758 225,

84 2763 119 2826 de
131 2768 266 2844 caussis,
288 2765 370 2830 nihil
380 2766 517 2850 quidem
535 2765 729 2848 impertiens
745 2766 825 2829 iuris
841 2765 904 2829 nisi
933 2765 973 2829 iis
996 2786 1084 2848 quae
1107 2787 1185 2830 vera
1210 2759 1364 2864 mxii?

84 2887 221 2954 quaeque
246 2870 390 2936 honesta
415 2871 492 2949 sint,
514 2890 582 2934 non
606 2880 737 2934 recusat
760 2871 942 2954 quominus
967 2870 1141 2954 quidpiam
1165 2891 1185 2934 a
1211 2879 1275 2931 rari,

84 2972 207 3038 veritate
235 2974 431 3056 iustitiaque
455 2972 603 3038 alienum
624 2971 708 3036 serat
723 2983 838 3037 tamen
867 2972 1002 3054 publica
1026 2982 1185 3054 potestas,

85 3075 195 3143 scilicet
211 3079 325 3143 maius
339 3078 475 3160 ‘aliquod
492 3078 544 3141 vel
561 3078 690 3142 vitandi
713 3099 831 3142 caussa
857 3077 994 3155 malum,
1009 3077 1061 3141 vel
1079 3078 1184 3160 adipi·

85 3181 184 3245 scendi
199 3192 261 3247 aut
277 3183 498 3246 conservandi
515 3182 651 3248 bonum.
670 3182 748 3265 lpse
764 3181 1076 3265 providentissimus
1092 3183 1186 3246 Deus

83 3299 149 3347 eum
180 3284 333 3350 infinitae
363 3286 407 3349 sit
429 3285 600 3363 bonitatis,
630 3286 788 3368 idemque
823 3285 938 3350 omnia
968 3285 1084 3367 possit,
1107 3285 1187 3350 sinit

84 3396 184 3454 tamen
214 3411 291 3456 esse
317 3389 352 3454 in
381 3391 509 3455 mundo
536 3392 634 3470 mala,
658 3391 781 3474 partim
818 3411 859 3455 ne
893 3392 1057 3475 ampliora
1082 3393 1186 3476 impe·

82 3491 207 3559 diantur
230 3496 331 3573 bona,
367 3496 489 3578 partim
514 3515 557 3558 ne
593 3496 720 3560 maiora
746 3495 835 3559 mala
861 3486 1119 3578 consequantur.
1146 3497 1186 3562 ln

84 3601 228 3678 regendis
268 3598 461 3664 civitatibus
503 3609 665 3664 rectorem
710 3601 826 3664 mundi
869 3620 930 3682 par
959 3609 1010 3664 est
1042 3601 1188 3666 imitari:

84 3703 274 3782 quinetiam
301 3723 380 3767 cum
403 3703 534 3787 singula
558 3703 646 3768 mala
671 3704 848 3786 prohibere
874 3705 1055 3769 auctoritas
1080 3705 1187 3768 homi·

85 3825 156 3872 num
193 3829 263 3873 non
294 3807 411 3891 possit,
441 3808 543 3872 debet
574 3809 679 3871 multa
708 3808 870 3872 concedere
892 3817 990 3890 atque
1025 3809 1188 3890 impunita

85 3910 265 3993 relinquere,
273 3923 422 3995 quaeper
430 3910 582 3974 divinam
595 3921 705 3975 tamen
710 3911 956 3994 providentiam
967 3909 1189 3989 vindicantur,

86 4021 112 4074 et
129 4025 206 4078 recte
221 4015 273 4098 (¹).
295 4015 541 4078 Verumtamen
566 4015 599 4077 in
632 4013 796 4078 eiusmodi
824 4034 933 4077 rerum
960 4011 1136 4088 adiunctis,
1160 4013 1188 4075 si

91 4120 270 4182 communis
296 4118 378 4182 boni
403 4137 522 4181 caussa
548 4126 584 4182 et
598 4117 662 4181 hac
690 4127 823 4182 tantum
847 4137 976 4192 caussa,
1007 4124 1119 4197 potest
1136 4115 1188 4178 vel

90 4223 181 4288 etiam
196 4225 300 4290 debet
315 4224 373 4288 lex
400 4223 575 4288 hominum
601 4224 685 4289 serre
709 4223 890 4292 toleranter
915 4220 1050 4298 malum,
1074 4229 1187 4283 tamen

100 4353 1190 4382 =---†----·-—-··----—-—-----·----

119 4429 137 4464 ι.
149 4418 171 4466 S
184 4420 299 4479 August,
313 4419 341 4466 de
351 4419 392 4468 us.
404 4421 454 4466 ard.
465 4421 505 4466 lib.
519 4431 537 4474 1,
547 4434 599 4479 esp.
611 4421 633 4473 6,
645 4433 710 4467 num.
722 4434 756 4478 14.
