3172 4874
390 357 457 448 158
487 363 768 426 EP1STOLA“1N
790 373 870 425 tuso
889 375 1054 425 sunnam
1076 375 1349 430 nostratem-us
1372 416 1392 438 ,,

237 559 358 628 eremum
383 555 453 618 sive
468 555 559 638 quod
576 551 840 616 adversariorum
866 549 900 612 in
928 549 1077 633 ipsarum
1091 549 1218 615 damna
1237 552 1421 617 nitentium
1437 554 1487 618 eli-

205 631 358 724 ssfflff
383 659 467 723 dant
481 657 606 740 scripta
630 665 664 720 et
688 653 925 736 contagionem
953 653 1119 737 impuram
1147 665 1334 723 coerceant
1349 656 1486 723 atvero

206 737 358 842 ἷζᾌῖᾗῖζῑῖ
383 763 417 826 in
433 761 614 827 Austriaco
630 759 772 844 imperio
786 756 1001 824 tribuendum
1018 757 1083 822 illis
1098 779 1200 842 quam
1227 759 1423 844 plurimum,
1437 763 1485 828 ubi

201 861 356 974 sszz‘jffl‘j
382 865 540 950 vulgatae
569 862 801 948 ephemerides
831 860 969 924 infensis
995 860 1166 927 Ecclesiae
1195 863 1394 929 hominibus
1425 886 1483 930 ma·

205 988 234 1019 ¹⁸
286 975 358 1032 vargo
383 988 485 1052 gnam
502 976 631 1051 partem
648 964 870 1042 subserviunt,
885 964 929 1029 ab
951 963 1074 1048 eisque,
1090 986 1198 1030 rerum
1227 969 1326 1050 copia
1354 968 1483 1034 affluen-

205 1039 320 1138 φφ
383 1071 482 1151 tibus,
497 1071 627 1136 facilius
642 1069 906 1134 disseminantur
921 1077 954 1133 et
971 1069 1084 1134 fusius.
1101 1071 1249 1136 Necesse
1274 1073 1378 1156 igitur
1402 1095 1482 1158 pror·

382 1198 438 1242 sus
465 1186 517 1242 est
546 1177 669 1260 scripta
700 1171 832 1256 scriptis
862 1191 1025 1238 concursu
1057 1191 1124 1238 non
1157 1176 1277 1258 impari
1310 1198 1481 1260 opponere

382 1294 483 1366 atque
507 1281 555 1347 ita
582 1299 680 1364 posse
707 1297 822 1342 eorum
847 1277 915 1342 tela
940 1279 1125 1357 retundere,
1141 1279 1275 1346 fraudes
1304 1283 1412 1348 malas
1434 1285 1481 1348 de·

381 1400 504 1474 tegere,
534 1403 663 1450 venena
692 1400 839 1446 errorum
871 1379 1056 1464 prohibere,
1085 1383 1174 1449 iusta
1205 1385 1315 1450 officia
1351 1389 1481 1451 suadere

381 1491 522 1558 virtutis.
539 1487 756 1572 Quapropter
770 1494 849 1568 apte
864 1493 898 1548 et
923 1483 1114 1550 salutariter
1130 1485 1238 1568 fuerit,
1252 1491 1281 1552 si
1308 1509 1392 1554 suae
1415 1510 1480 1572 pro·

238 1653 263 1697 U
383 1595 542 1682 priaeque
557 1587 797 1673 ephemerides,
812 1586 915 1651 veluti
931 1609 993 1672 pro
1008 1589 1074 1652 aris
1097 1589 1248 1675 focisque
1271 1612 1479 1676 propugnan-

203 1725 247 1770 με
262 1667 357 1772 ηαῖἔὲιῗ
383 1710 443 1778 tes,
470 1695 651 1777 unicuique
674 1693 741 1757 sint
768 1689 906 1774 regioni,
930 1711 971 1755 eo
996 1693 1100 1758 modo
1123 1695 1307 1773 institutae,
1334 1706 1373 1761 ut
1399 1697 1481 1759 nulla

202 1771 357 1876 ⁸⁸2²}th
384 1803 417 1867 in
438 1822 474 1867 re
489 1821 509 1864 a
525 1797 650 1863 iudicio
665 1795 827 1879 Episcopi
851 1795 1045 1874 abscedant,
1069 1797 1128 1862 sed
1156 1809 1247 1864 recte
1272 1801 1479 1883 studioseque

231 1903 282 1936 ''a'‘
382 1924 459 1970 cum
485 1902 555 1967 eius
580 1900 782 1965 conveniant
805 1899 985 1983 prudentia
1010 1909 1046 1965 et
1068 1899 1264 1982 voluntate;
1280 1904 1412 1968 eisdem
1433 1925 1480 1966 au·

380 2019 450 2075 tem
473 2015 508 2072 et
541 2005 648 2070 clerus
680 2005 825 2086 benigne
849 2001 959 2068 faveat
989 2023 1136 2088 suaeque
1165 2004 1284 2072 afferat
1314 2008 1479 2072 doctrinae

380 2109 557 2198 praesidia,
579 2117 613 2175 et
637 2107 698 2173 viri
724 2115 892 2190 quotquot
916 2125 1034 2191 reapse
1061 2119 1140 2174 sunt
1164 2110 1323 2176 catholici
1352 2130 1478 2176 omnen

380 2215 523 2300 gratiam
548 2212 741 2296 bonamque
765 2229 826 2296 pro
852 2209 978 2274 viribus
1004 2219 1039 2277 et
1054 2211 1214 2278 facultate
1228 2233 1330 2298 opem
1347 2214 1478 2299 largian-

244 2351 356 2410 smm,
381 2328 442 2385 tur.
467 2357 511 2370 -
536 2318 781 2402 Episcoporum
807 2313 1025 2382 sollicitudini
1049 2325 1084 2383 et
1107 2317 1276 2402 suffragiis
1301 2319 1370 2385 alia
1394 2339 1477 2404 prae-

341 2411 354 2444 ’·
380 2433 471 2488 terea
494 2444 530 2488 se
553 2422 613 2488 dat
639 2419 801 2486 tuendam
833 2418 974 2502 insignis
1001 2440 1120 2485 caussa
1141 2440 1244 2505 quam
1274 2423 1374 2488 vobis
1396 2423 1476 2490 cordi

196 2469 304 2574 {cmm
323 2469 358 2514 ad
381 2548 453 2593 esse
477 2525 705 2592 intelleximus
729 2543 775 2588 ex
799 2522 919 2588 litteris
934 2542 1018 2606 quas
1043 2525 1086 2590 ad
1102 2523 1227 2604 fideles,
1242 2526 1366 2610 quibus
1389 2547 1473 2612 prae-

202 2587 353 2707 ssfhscasm'
379 2632 468 2708 estis,
492 2627 715 2696 communiter
744 2625 904 2691 dedistis:
929 2645 969 2690 ea
996 2646 1117 2692 caussa
1139 2637 1190 2692 est
1212 2627 1384 2712 opificum,
1410 2629 1473 2694 reli-

378 2734 488 2818 gionis
503 2732 632 2798 auxilio
647 2731 796 2796 maxime
812 2729 1045 2812 indigentium,
1059 2739 1132 2795 tum
1148 2730 1192 2796 ad
1213 2732 1473 2815 perfunctionem

378 2838 527 2902 laborem
552 2837 740 2913 honestam,
763 2849 836 2900 tum
863 2835 907 2898 ad
934 2832 1162 2900 levamentum
1191 2835 1374 2902 dolorum:
1397 2856 1474 2921 quac

378 2961 495 3006 caussa
519 2960 595 3006 cum
620 2939 677 3004 illa
701 2938 866 3015 cohaeret,
888 2958 948 3021 per
973 2937 1035 3004 hos
1063 2940 1136 3004 dies
1163 2940 1292 3023 agitata
1308 2940 1473 3016 ferventer,

377 3065 480 3130 quam
507 3043 664 3110 socialem
689 3042 875 3119 nominant,
890 3051 925 3106 et
949 3061 1045 3125 quae,
1060 3051 1190 3126 quanto
1216 3043 1401 3108 maioribus
1422 3045 1473 3107 irn-

378 3151 520 3235 plicatur
535 3145 797 3224 difficultatibus,
812 3154 909 3210 tanto
924 3145 1132 3212 curationem
1149 3148 1299 3230 postulat
1325 3167 1474 3232 praesen-

376 3253 505 3317 tiorem.
531 3249 610 3314 Huc
642 3249 776 3332 pariter,
798 3247 909 3332 quoad
933 3246 967 3310 in
1001 3247 1082 3330 ipsis
1105 3250 1177 3326 erit,
1201 3251 1229 3314 si
1259 3251 1472 3333 cogitationes

376 3355 537 3441 Episcopi
563 3371 726 3436 curasque
749 3351 961 3429 contulerint,
984 3351 1013 3415 si
1043 3353 1280 3436 prospexerint
1314 3364 1352 3419 ut
1383 3373 1472 3419 evan·

375 3459 483 3544 gelica
509 3457 656 3522 iustitiae
685 3454 901 3540 caritatisque
931 3464 1111 3538 praecepta
1142 3458 1177 3520 in
1208 3476 1329 3522 omnes
1359 3459 1471 3522 civium

377 3564 512 3628 ordines
536 3561 677 3626 influant
703 3559 838 3642 alteque
853 3561 887 3623 in
914 3559 1047 3624 animos
1067 3560 1285 3641 descendant,
1301 3562 1330 3625 si
1346 3579 1471 3648 quoquo

375 3677 486 3752 pacto,
508 3665 707 3731 auctoritate
736 3673 770 3728 et
799 3683 912 3749 opera,
938 3661 1074 3728 infimae
1104 3664 1262 3748 opificum
1293 3665 1470 3732 conditioni

375 3766 598 3844 subvenerint,
621 3783 782 3848 perquam
810 3763 937 3846 optime
966 3763 1011 3828 de
1040 3762 1202 3846 religione
1231 3785 1339 3850 aeque
1369 3787 1408 3832 ac
1433 3765 1469 3829 de

375 3872 516 3958 imperio
531 3871 755 3935 merebuntur.

421 3977 516 4041 Haec
543 3973 644 4056 igitur
670 3979 703 4036 et
728 3969 961 4036 huiuscemodi
988 3970 1102 4055 capita
1128 3992 1239 4039 rerum
1265 3976 1417 4058 graviora
1439 3974 1468 4035 in

374 4077 649 4146 deliberationem
665 4073 802 4139 veniant
825 4093 884 4158 per
899 4092 1029 4140 annuos
1047 4075 1295 4160 Episcoporum
1321 4097 1469 4162 congres-

375 4202 440 4258 sus,
467 4199 551 4263 quos
577 4178 688 4260 placet
718 4176 883 4244 inducere.
908 4176 1018 4242 Nobis
1043 4187 1159 4243 autem
1186 4179 1467 4264 persuasissimum

377 4292 436 4358 est,
459 4299 576 4344 omnes
599 4279 634 4344 in
649 4278 790 4343 Austria
816 4279 1002 4362 Episcopus
1027 4280 1079 4344 his
1108 4279 1240 4347 Nostris
1266 4283 1369 4363 votis,
1388 4301 1467 4365 quae

379 4392 530 4446 sanctum
548 4392 660 4446 movet
675 4379 843 4463 religionis
857 4385 1007 4448 studium
1034 4393 1068 4449 et
1090 4385 1212 4452 caritas
1238 4387 1271 4450 in
1297 4387 1468 4451 catholicas
