3140 4866
321 369 372 422 os
390 367 513 464 annun
530 369 672 424 nuancr
691 367 999 422 cousunrumun.
1137 350 1209 436 269

149 553 271 652 Inepta
286 550 388 616 etiam
401 558 503 634 atque
518 551 657 634 indigna
680 548 824 633 sapienti
849 550 922 616 viro
937 569 1054 616 eorum
1070 561 1123 616 est
1137 551 1209 632 opi·
1244 599 1381 640 sueram

102 657 170 734 nio,
185 655 242 739 qui
255 662 332 719 utut
345 662 481 736 togatos
496 653 585 719 cives
596 653 716 718 abhoc
732 672 854 736 genere
863 655 1085 719 certaminum
1096 671 1208 718 arcen·
1279 646 1345 704 ¹⁸⁹¹·

96 761 165 824 dos
181 765 311 842 putent,
326 776 366 822 ea
381 767 496 821 tamen
527 757 753 841 permittenda
777 767 915 822 censent
932 756 1103 835 militibus,
1118 757 1208 838 quod
1261 755 1388 802 namma

102 861 162 928 tali
178 861 421 925 exercitatione
436 879 510 924 acur
502 860 642 925 'dicant
657 858 836 925 militarem
865 860 1033 925 virtutem.
1061 858 1208 923 Primum
1236 815 1294 919 ῗῖιῗ
1301 817 1387 921 affl·-

101 965 240 1049 quidem
256 963 399 1028 honesta
413 972 447 1028 et
461 963 574 1047 turpra
583 965 703 1028 natura
719 961 886 1040 differunt,
907 981 969 1028 nec
993 964 1027 1027 in
1043 962 1209 1027 contraria
1235 933 1333 1051 22⁶⁸,ss
1357 949 1389 1040 ἶῇ

104 1069 228 1134 mutari
240 1068 285 1132 ob
296 1068 463 1132 diversum
480 1088 696 1151 personarum
713 1077 839 1132 staturn
856 1066 926 1133 ullo
938 1077 1039 1152 pacto
1059 1077 1209 1152 possunt.
1235 1053 1331 1112 ’ΨΜ

97 1171 256 1238 Omnino
269 1169 459 1250 hominess
450 1191 484 1234 m
511 1190 722 1254 quacumque
737 1171 1042 1250 conditionevitae,
1045 1171 1209 1236 divinaac
1251 1212 1296 1256 M
1298 1213 1387 1259 ‚m

103 1274 248 1341 naturali
263 1273 337 1358 lege
351 1293 469 1340 omnes
484 1275 556 1358 pari
587 1274 691 1339 modo
716 1283 881 1341 tenentur.
914 1276 1090 1340 Praeterea
1122 1273 1209 1338 ratio
1235 1271 1331 1382 guerra
1316 1286 1343 1318 α’
1358 1287 1386 1318 ¹⁸

104 1377 244 1442 huiusce
253 1376 481 1460 indulgentiae
493 1397 572 1460 erga
583 1377 705 1442 milites
718 1377 912 1444 abutilitate
923 1378 1057 1462 publica
1063 1363 1267 1460 petenda

102 1481 198 1559 soret,
213 1500 299 1564 quae
315 1499 487 1564 nunquam
503 1489 599 1545 tanta
614 1500 688 1546 esse
698 1490 821 1564 potest
836 1490 874 1546 ut
894 1482 965 1546 eius
992 1479 1133 1546 obtentu
1151 1499 1208 1544 na·
1288 1489 1387 1535 utilitas

101 1583 221 1650 turalis
237 1584 434 1666 divinique
423 1585 503 1648 ruris
519 1605 588 1649 vox
604 1583 815 1650 conticescat.
832 1583 934 1668 Quid,
949 1584 1066 1667 quod
1056 1603 1129 1666 ipsa
1144 1583 1208 1646 uti·
1231 1547 1388 1654 ιιιὺἇῗῗιιιιῐι

100 1687 206 1753 litatis
221 1686 307 1751 ratio
322 1685 500 1750 manifesto
515 1683 652 1750 deficit?
668 1685 758 1750 Nam
776 1685 1075 1750 militarisvirtutis
1091 1683 1206 1749 incita·
1233 1671 1337 1773 gfff
1374 1682 1387 1713 ‘

98 1801 215 1858 menta
231 1812 272 1856 eo
289 1801 443 1874 spectant
459 1801 496 1856 ut
520 1791 638 1856 civitas
654 1789 696 1854 sit
706 1791 867 1856 adversus
877 1790 992 1855 hostes
1007 1791 1206 1854 instructior.

100 1899 187 1964 Idne
202 1915 281 1959 vero
292 1894 376 1958 effici
388 1896 512 1978 poterit
527 1916 592 1977 ope
604 1893 692 1958 illius
707 1895 970 1973 consuetudinis,
985 1913 1072 1978 quae
1087 1902 1206 1977 suapte

100 2012 220 2069 natura
232 2023 274 2067 co
285 2011 414 2085 spectat
424 2012 461 2066 ut
474 2002 612 2066 suborto
624 2002 711 2066 inter
720 2000 842 2065 milites
856 2001 1100 2078 dissidio,cuius
1111 2019 1205 2063 caus-

100 2127 159 2172 sae
173 2107 265 2171 haud
275 2125 371 2170 rarae
391 2115 508 2184 sunt‚e
523 2103 663 2187 singulis
680 2104 831 2187 partibus
846 2104 1060 2168 defensorum
1076 2103 1204 2185 patriae

100 2220 238 2276 necetur
246 2208 423 2273 alteruter?

141 2317 318 2380 Postremo
332 2333 447 2378 recens
463 2321 564 2391 aetas,
579 2333 666 2397 quae
693 2332 729 2375 se
754 2312 856 2376 lactat
883 2311 1081 2376 humaniore
1110 2311 1201 2376 cultu
1228 2363 1262 2407 d
1262 2305 1336 2408 ,sim
1317 2311 1381 2364 ἔω

97 2437 298 2502 morumque
307 2417 474 2500 elegantra
489 2417 590 2506 longe
601 2415 827 2500 superioribus
843 2415 983 2479 saeculis
995 2414 1281 2496 antecellerecvm

95 2523 346 2608 parvipendere
354 2521 537 2586 vetustiora
547 2521 704 2585 rnstrtuta
716 2519 891 2584 consuevit
900 2539 939 2583 ac
950 2519 1090 2583 nimium
1101 2423 1380 2610 saeperirg'shh‘r'if‘a

95 2646 252 2711 respuere
266 2624 430 2710 quidquid
443 2645 518 2690 cum
535 2625 647 2689 colore
662 2625 828 2706 discrepet
853 2623 1044 2687 recentioris
1069 2624 1201 2688 urbani·
1227 2599 1312 2647 'm'

94 2734 182 2800 tatis
199 2730 288 2815 Quid
305 2738 355 2794 est
371 2730 471 2813 igitur
486 2731 576 2812 quod
589 2729 651 2795 has
663 2727 902 2794 tantummodo
917 2729 1058 2792 rudioris
1074 2729 1147 2794 aevi
1163 2750 1202 2794 ae

97 2835 293 2919 peregrinae
307 2833 482 2897 barbariae
497 2831 663 2916 ignobiles
674 2831 839 2914 reliquias,
849 2830 950 2896 duelli
962 2851 1089 2896 morem
1106 2834 1202 2897 intel-

96 2937 267 3024 ligimus·
256 2958 290 3002 rn
307 2945 403 3002 tanto
418 2937 638 3002 humanitatis
654 2935 767 3001 studio
780 2954 847 3000 non
864 2936 1041 3018 repudiat?

140 3043 301 3109 Vestrum
317 3040 388 3118 erit,
403 3039 623 3104 Venerabiles
655 3039 798 3117 Fratres,
822 3038 916 3116 haec,
945 3057 1032 3121 quae
1058 3037 1203 3102 breviter
1258 3059 1381 3107 stimulat

98 3145 282 3230 attigimus,
284 3141 637 3226 inculcarediligenter
652 3141 853 3226 populorum
870 3151 1055 3206 vestrorum
1073 3141 1202 3219 animis,
1227 3119 1380 3225 :eima

96 3269 139 3315 ne
154 3249 256 3316 salsas
270 3247 333 3312 hac
345 3248 388 3312 de
404 3268 439 3311 re
451 3247 626 3330 opiniones
642 3255 768 3312 temere
783 3245 964 3328 excipiant,
977 3266 1041 3311 neu
1066 3246 1142 3311 ferri
1166 3267 1201 3311 se
1226 3237 1341 3294 '’lm''
1354 3245 1383 3284 “¹

97 3353 259 3419 leviorum
276 3350 450 3415 hominum
467 3350 591 3415 iudicio
606 3350 786 3434 patiantur.
797 3350 887 3414 Date
899 3370 1035 3433 operam
1048 3350 1201 3414 nomina·
1226 3299 1381 3460 gronamih

96 3457 157 3522 tim
173 3466 212 3522 ut
227 3457 363 3520 iuvenes
380 3462 509 3518 mature
538 3466 732 3520 assuescant
758 3456 792 3520 id
818 3455 862 3520 de
882 3453 996 3519 duello
1022 3455 1145 3520 sentire
1168 3463 1254 3519 eta
1226 3491 1272 3521 ιιι
1229 3417 1380 3544 miff'ffae

98 3560 245 3626 iudicare
261 3559 362 3642 quod,
376 3559 608 3623 consentiente
623 3558 768 3624 naturali
784 3557 1006 3641 philosophia,
1021 3558 1147 3624 iudicat
1162 3580 1271 3640 acm
1227 3541 1310 3580 serm
1336 3535 1380 3594 Ῑ”“

96 3663 200 3729 sentit
216 3661 380 3740 Ecclesia3
391 3661 436 3726 ab
450 3681 557 3746 eoque
573 3662 698 3727 iudicio
709 3681 862 3727 normam
878 3662 1000 3745 agendi
1010 3671 1203 3728 constanter

96 3766 356 3830 sumantlmmo
370 3783 440 3848 quo
455 3764 558 3829 modo
574 3763 696 3829 alicubi
713 3775 883 3848 receptum
899 3765 1201 3830 consuetudineest
1227 3753 1311 3873 mh
1308 3753 1381 3859 ’ὦ

97 3878 133 3933 ut
148 3868 304 3934 catholici
319 3868 515 3952 praesertim
540 3867 690 3934 florentis
720 3868 840 3933 aetatis
855 3869 919 3933 sibi
934 3879 1056 3952 sponte
1085 3890 1201 3954 perpe·
1219 3873 1291 3978 {aar}
1292 3871 1381 3978 {mfff

98 3980 224 4056 tuoque
239 3972 441 4037 interdicant
456 3991 580 4068 nomen
596 3972 678 4037 dare
697 3971 914 4037 societatibus
944 3993 1012 4038 non
1042 3972 1201 4053 honestis,
1226 3993 1256 4037 ao
1273 3991 1360 4038 ιιιιιι.

96 4094 168 4158 pan
158 4077 287 4142 modo
301 4083 528 4158 opportunum
545 4075 699 4140 ducimus
715 4096 753 4141 ac
769 4075 868 4140 valde
887 4075 1041 4155 salutare,
1063 4079 1200 4146 eosdem

99 4180 192 4247 velut
207 4181 344 4248 foedus
334 4189 421 4245 rnter
434 4200 472 4244 se
486 4179 605 4259 facere,
620 4181 701 4247 data
717 4180 783 4246 fide
795 4181 888 4246 nullo
903 4202 939 4246 se
954 4191 1107 4267 tempore
1129 4186 1202 4249 nul-

101 4283 201 4367 leque
214 4285 258 4350 de
272 4303 391 4350 caussa
405 4281 519 4348 duello
533 4283 761 4351 dimicaturos.

142 4383 320 4469 Supplices
344 4407 364 4452 a
391 4386 467 4452 Deo
491 4385 637 4470 petimus
663 4397 701 4454 ut
730 4389 923 4455 communia
945 4400 1066 4456 conata
1091 4401 1204 4458 nostra
