3250 4876
428 345 470 413 16
511 361 659 416 aitrau.
681 361 840 414 uxeres.
864 350 885 381 “
903 307 1131 417 semestris
1148 363 1406 418 curtismunt
1421 401 1440 428 ,‚

241 536 395 642 ,oefi‘g'ffi
419 557 492 602 esse
506 538 699 604 obedientia
714 539 825 616 debet,
836 539 914 622 quia
926 539 969 604 ab
985 539 1057 622 ipsa
1074 539 1139 606 fide
1155 543 1365 626 praecipitur,
1376 543 1505 608 ethabet

242 654 337 702 dimna
349 661 395 702 aui
419 640 671 706 hoccommune
686 662 762 706 cum
779 639 854 720 fide,
864 653 902 708 ut
912 642 1051 708 dividua
1061 664 1133 710 esse
1145 665 1212 710 non
1225 647 1351 730 possit:
1367 647 1505 712 imovero

238 714 395 820 ffi'rsz‘ifm'
417 748 445 811 si
461 746 616 812 absoluta
639 767 704 812 non
732 746 831 813 luerit
846 757 881 812 et
896 768 1053 814 numeros
1079 769 1197 814 omnes
1212 750 1350 830 habens,
1364 751 1506 817 obedien·

416 850 484 914 tiae
498 849 635 934 quidem
662 851 875 916 simulacrum
893 851 1099 936 relinquitur,
1108 863 1227 919 natura
1253 855 1390 922 tollitur.
1404 855 1507 921 Cuius·

418 953 509 1017 modi
525 951 719 1036 perfectioni
750 965 882 1020 tantum
912 955 1095 1021 christiana
1110 959 1319 1023 consuetudo
1334 959 1458 1036 tribuit,
1476 969 1506 1021 ut

417 1053 473 1120 illa
489 1066 662 1140 tamquam
679 1069 759 1123 nota
776 1059 1024 1124 internoscendi
1055 1058 1239 1126 catholicos
1254 1071 1288 1127 et
1304 1062 1420 1128 habita
1434 1083 1506 1126 sem-
1578 1071 1579 1152 3

416 1182 475 1245 per
499 1160 542 1227 sit
566 1171 600 1227 et
626 1163 796 1228 habeatur.
824 1163 909 1226 Mire
940 1162 1130 1246 explicatur
1159 1164 1213 1229 hic
1244 1166 1374 1230 locusa
1391 1167 1507 1230 Thonis
1578 1189 1579 1222 i

285 1287 390 1334 emia-
413 1264 588 1349 Aquinate
603 1266 644 1329 iis
658 1267 767 1330 verbis
781 1291 789 1330 ι
804 1267 998 1332 Forniale...
1029 1267 1184 1334 obiectant
1205 1268 1293 1353 fidei
1319 1279 1372 1334 est
1400 1271 1508 1334 veritas
1578 1261 1579 1272 ’

239 1348 392 1454 ssffiffmssf
406 1369 523 1452 prima
537 1368 710 1434 secandam
725 1370 815 1452 qnod
825 1371 1064 1452 manifestatur
1091 1371 1127 1436 in
1158 1371 1344 1456 Scripturiis
1367 1374 1508 1450 saccinti

238 1465 391 1571 gllss'ffi
413 1473 561 1538 doctrino
577 1473 746 1552 Ecclesiae,
760 1474 1043 1558 quaeprocedi'tex
1056 1475 1325 1559 veri'taieprr'ma.
1350 1477 1442 1543 Unde
1450 1477 1507 1560 qii-
1578 1469 1579 1530 ἶ

230 1583 296 1643 stilti
316 1585 390 1653 nnus
413 1599 548 1661 cumque
563 1599 624 1642 iton
640 1578 795 1656 inliceret,
810 1579 895 1643 sicut
910 1578 1130 1659 infallibilia
1142 1579 1277 1644 divinae
1303 1583 1441 1664 regulae,
1462 1580 1505 1643 do·
1578 1591 1579 1596 ’

237 1642 389 1772 alcwini
414 1682 538 1747 ctrinae
548 1681 717 1760 Ecclesiae,
728 1703 811 1765 quae
817 1682 966 1764 procedit
978 1705 1019 1746 ex
1027 1683 1166 1747 veritate
1167 1683 1284 1767 p'ri'ma
1293 1684 1330 1746 in
1345 1682 1509 1767 Scriptura

238 1761 323 1810 Μ·
413 1787 517 1850 sacris
531 1787 756 1866 manifestata,
765 1785 819 1850 ille
835 1806 897 1850 nori
913 1785 1007 1850 liabet
1018 1785 1168 1850 liabituni
1174 1787 1262 1871 fidei
1270 1810 1283 1852 :
1306 1786 1371 1852 sed
1381 1811 1428 1866 ea,
1440 1808 1506 1870 quae

411 1889 589 1973 sientfidei',
603 1891 671 1954 alia
685 1889 778 1954 crioilo
792 1899 878 1954 terret
890 1911 989 1971 quain
998 1891 1214 1975 perfidem...
1235 1891 1460 1975 Manifestum
1470 1899 1507 1956 est

411 1994 631 2076 alitationes!
642 1993 704 2069 illc,
718 1993 779 2076 qni
800 1992 946 2057 iriliaeret
973 1993 1131 2057 doctrinis
1160 1993 1320 2059 Ecclesiae
1354 2005 1505 2078 tarnqiccin

413 2098 590 2180 infallibili
613 2099 751 2181 regulae,
774 2097 925 2162 omnibus
953 2098 1098 2175 assentit,
1123 2119 1206 2181 quae
1235 2098 1385 2164 Ecclesia
1413 2099 1503 2164 docel:

411 2203 477 2266 alio
493 2203 572 2286 quin
583 2204 652 2268 side
660 2203 721 2280 liis,
731 2223 813 2286 quae
828 2202 971 2266 Ecclesia
982 2203 1077 2279 docet,
1090 2223 1173 2285 quae
1189 2203 1270 2279 vult,
1285 2213 1382 2280 tenet,
1396 2214 1429 2268 et
1439 2222 1503 2287 qnae

411 2327 474 2370 nori
490 2307 571 2383 vult,
586 2327 648 2370 non
665 2316 755 2382 tenet,
771 2326 833 2368 non
847 2305 915 2368 iani
931 2303 1239 2369 inliaeretEcclesiae
1254 2305 1426 2372 doctrinae
1437 2305 1501 2369 siait

412 2410 587 2491 infallibili
602 2409 741 2494 regulae,
755 2409 815 2473 sed
818 2408 973 2492 propriae
988 2407 1156 2473 voluntati
1167 2409 1215 2491 (¹).
1237 2409 1312 2473 Una
1318 2409 1415 2494 fides
1433 2407 1503 2474 delet

409 2537 475 2578 erse
489 2515 590 2579 totius
604 2513 773 2589 Ecclesiae,
788 2511 962 2576 secundam
984 2511 1072 2576 illud
1092 2512 1123 2596 (I
1142 2511 1291 2578 Corinth.
1306 2515 1336 2596 1)
1350 2539 1361 2580 :
1376 2515 1503 2598 ldipsicn

410 2618 528 2682 dicatis
542 2639 651 2682 omnes
665 2627 697 2681 et
712 2637 774 2682 non
795 2617 866 2681 sint
887 2617 922 2681 in
937 2616 1028 2680 vobis
1041 2615 1243 2681 schismata:
1272 2619 1369 2700 quod
1394 2613 1503 2682 recitari

411 2743 474 2785 noir
484 2732 592 2804 posset
621 2721 690 2786 nisi
708 2721 854 2804 quaestio
868 2719 956 2804 fidei
980 2729 1092 2784 exorta
1117 2719 1358 2784 mercatricem
1364 2735 1427 2806 per
1438 2739 1498 2794 erin,

408 2825 470 2907 qui
483 2825 544 2889 toti
555 2824 716 2890 Ecclesiae
723 2833 864 2908 praeest,
878 2833 917 2886 iit
931 2823 978 2886 sic
996 2822 1067 2886 eius
1082 2823 1244 2887 sententia
1257 2844 1280 2887 a
1294 2833 1368 2888 tota
1384 2819 1498 2888 Ecclest't
1576 2871 1577 2886 2

399 2927 553 3011 firmiter
575 2938 729 2993 teneatur.
761 2929 809 2992 Et
845 2928 914 2992 caleo
935 2926 1095 2990 adsolant
1125 2926 1352 2991 auctoritatem
1383 2919 1492 2994 Siniti
1574 2931 1575 2934 ’

408 3031 579 3116 Pontificis
587 3031 732 3115 pertinet
753 3052 837 3096 nova
860 3031 959 3096 editio
977 3031 1005 3097 S
999 3031 1132 3112 ymboli,
1147 3031 1234 3095 sicut
1253 3042 1286 3096 et
1305 3035 1423 3098 omnia
1438 3028 1497 3099 alit

408 3157 491 3218 quae
498 3137 666 3218 pertinent
678 3137 727 3200 ad
738 3145 840 3200 totani
853 3135 1036 3201 Ecclesiam
1051 3137 1064 3218 (
1081 3139 1103 3220 ).

454 3242 493 3306 ln
524 3241 768 3307 constituendis
797 3241 1009 3306 obedientiae
1040 3239 1171 3318 linibus,
1198 3259 1299 3305 nemo
1332 3243 1502 3311 arbitretur,
1575 3303 1576 3316 ,

263 3355 322 3402 Hac
336 3356 383 3401 ote·
406 3365 575 3411 sacrorum
594 3345 768 3410 Pastorum
786 3345 1002 3428 maximeque
1028 3347 1155 3409 romani
1184 3343 1358 3410 Pontificis
1374 3340 1500 3410 auctori·

232 3414 383 3545 §impii
407 3451 468 3515 tati
484 3451 668 3533 parendum
685 3451 718 3514 in
735 3470 776 3516 eo
791 3451 971 3514 dumtaxat
987 3467 1070 3526 esse,
1084 3448 1175 3532 quod
1193 3448 1236 3513 ad
1249 3448 1413 3532 dogmata
1441 3463 1501 3530 pet·
1573 3501 1574 3504 ,

232 3594 383 3722 iamt
406 3657 533 3740 flagitio
550 3677 616 3720 non
633 3667 753 3739 potest.
770 3654 860 3739 Quin
877 3656 979 3720 etiam
1012 3675 1119 3739 neque
1144 3656 1226 3720 satis
1264 3665 1316 3720 est
1331 3656 1454 3721 sincere
1474 3658 1502 3713 et

232 3711 346 3770 ΨΜ
406 3757 543 3823 firmiter
557 3759 711 3824 assentiri
727 3759 896 3836 doctrinis,
911 3777 999 3841 quae
1028 3758 1072 3822 ab
1104 3757 1265 3835 Ecclesia,
1283 3759 1347 3823 etsi
1370 3752 1501 3823 solemni

259 3871 382 3940 octonas
406 3882 473 3926 non
489 3860 649 3926 definitae
664 3861 796 3937 iudicio,
808 3861 978 3926 ordinario
988 3871 1101 3926 tamen
1118 3871 1153 3925 et
1164 3861 1341 3926 universali
1354 3859 1499 3942 magiste·

230 3932 381 4034 iimi‘rfiiif.
405 3966 454 4030 rio
465 3975 639 4048 tamquam
655 3965 816 4030 divinitus
845 3965 1011 4030 revelatae
1041 3964 1229 4030 credendae
1253 3971 1501 4048 proponuntur:

231 4047 381 4158 ζὲξῆεῑψ·
406 4088 489 4153 quas
495 4069 568 4153 fide
577 4069 732 4132 callioliaa
742 4079 775 4132 et
783 4068 901 4132 divina
913 4069 1097 4133 credendas
1108 4068 1296 4134 Concilium
1307 4068 1497 4133 Vaticanum
1573 4069 1574 4080 *

405 4174 562 4240 decrevit.
587 4174 655 4240 Sed
682 4174 746 4237 hoc
776 4185 828 4237 est
854 4183 1025 4256 praeterea
1056 4175 1088 4238 in
1120 4173 1239 4238 officiis
1254 4174 1496 4236 christianorum

406 4275 610 4360 ponendum,
626 4287 662 4342 ut
678 4285 845 4360 potestate
872 4279 1042 4362 ductuque
1070 4279 1314 4362 Episcoporum
1332 4271 1496 4358 imprimis·

438 4431 457 4464 1.
476 4419 549 4464 lI·Il.
564 4419 649 4476 Quoest.
662 4433 683 4465 v.
697 4427 741 4465 art.
753 4419 798 4464 lll.
813 4443 842 4452 —
852 4433 873 4465 a.
892 4420 966 4468 l!·1!.
982 4421 1068 4479 Qriart.
1084 4436 1104 4476 1,
1114 4430 1159 4468 stt.
1171 4435 1192 4468 x.
