3194 4872
227 391 275 442 DE
300 389 413 440 mssa
439 387 602 439 SOLEMN.
632 387 714 437 DEF.
744 386 870 437 OCCAS.
900 385 1079 437 IUBILAEI.
1162 387 1207 458 53

121 576 258 638 tramites
292 573 448 656 cognitio,
466 572 540 637 aliis
570 581 761 636 sanctorum
784 590 933 635 summos
956 571 1110 646 honores,
1137 573 1211 636 aliis
1236 598 1316 644 mm
1346 611 1385 658 ge·
1451 549 1454 556 ¹

120 677 281 743 beatorum
304 676 431 740 cultum
461 674 654 740 solemniter
684 673 891 738 decrevimus
914 683 948 738 et
963 674 1151 750 tribuimus,
1174 684 1211 739 ut
1236 657 1384 776 ἐῇξῖζξῗω,

121 799 155 843 ea
179 799 259 862 quae
285 781 319 842 in
340 778 439 842 caelis
469 785 520 842 est
537 774 759 853 Hierusalem,
789 797 865 840 cum
881 777 945 842 hac
962 776 1036 859 ipsa
1066 796 1153 860 quae
1177 777 1210 841 in

120 884 207 947 terris
230 883 456 966 peregrinatur
479 902 500 944 a
525 881 684 958 Domino,
715 882 951 947 communione
967 881 1114 946 laetitiae
1139 881 1210 944 iun-

122 997 254 1070 geretur.

162 1089 279 1154 Vemm
294 1109 364 1174 quo
383 1090 460 1154 huic
482 1090 544 1173 ipsi
571 1091 617 1154 rei
632 1089 736 1154 veluti
757 1089 918 1167 cumulus,
933 1089 1010 1154 Deo
1021 1090 1213 1166 adiuvante,

123 1194 310 1276 imponatur,
324 1193 542 1277 Apostolicae
569 1193 714 1258 Nostrae
739 1194 887 1258 caritatis
907 1193 1026 1272 officia,
1041 1193 1083 1258 de
1107 1192 1212 1276 pleni·
1245 1175 1389 1281 Εαζζῇξξ

121 1297 227 1361 tudine
252 1295 373 1361 infiniti
397 1297 577 1380 spiritualis
603 1298 760 1374 thesauri,
788 1298 830 1363 ad
848 1317 905 1360 eos
920 1317 1055 1380 quoque
1071 1296 1213 1360 dilectos
1238 1295 1389 1362 ‘'²3¹⁰‘'80‘0·

121 1401 281 1467 Ecclesiae
306 1399 401 1478 filios,
426 1401 549 1484 largius
572 1420 641 1483 quo
666 1401 735 1466 fieri
752 1403 867 1484 possit,
881 1401 1028 1484 prolerre
1051 1400 1214 1482 cupimus,
1238 1353 1391 1458 eremhcllss

119 1505 172 1587 qui
194 1515 299 1570 morte
314 1505 475 1570 iustorum
489 1506 584 1571 obita
597 1508 640 1571 de
666 1508 784 1571 militia
800 1507 898 1570 huius
923 1507 1011 1570 vitae
1029 1505 1215 1586 migrarunt
1234 1473 1390 1576 finialis?

119 1629 188 1672 cum
211 1609 309 1692 signo
335 1606 422 1687 fidei,
447 1629 486 1672 ac
510 1611 673 1692 mysticae
697 1611 775 1676 vitis
800 1609 914 1674 inserti
942 1607 1143 1691 propagini;
1168 1607 1215 1670 ita
1239 1589 1391 1695 {acm}

120 1721 222 1776 tamen
238 1721 279 1775 ut
292 1711 530 1794 prohibeantur
539 1712 690 1795 ingressu
705 1715 739 1777 in
750 1723 920 1778 aeternam
946 1711 1092 1794 requiem
1110 1727 1215 1792 usque
1240 1708 1329 1760 nicasi·

119 1817 192 1879 dum
212 1814 347 1877 divinae
362 1814 508 1878 iustitiae
524 1813 631 1880 ultrici
648 1837 709 1898 pro
724 1817 902 1881 contractis
918 1815 1040 1878 debitis
1057 1815 1100 1877 ad
1119 1812 1216 1876 mini·

119 1938 203 1982 mum
231 1916 375 1982 reddant
404 1919 632 1999 quadrantem.
649 1955 692 1968 -
708 1919 885 1984 Movemur
914 1928 1028 1982 autem
1049 1927 1121 1980 tum
1151 1917 1215 1998 piis

116 2020 349 2084 catholicorum
364 2022 460 2099 votis,
475 2023 595 2104 quibus
611 2023 788 2086 consilium
819 2023 882 2085 hoc
899 2022 1061 2086 Nostrum
1080 2039 1214 2102 pergra-

117 2133 181 2188 tum
196 2145 269 2188 esse
290 2124 423 2200 scimus,
438 2135 508 2190 tum
525 2125 722 2190 lacrimabili
750 2145 944 2208 poenarum,
959 2123 1081 2207 quibus
1096 2122 1215 2186 defun-

117 2237 236 2292 ctorum
267 2229 402 2292 animae
429 2228 631 2312 cruciantur,
662 2222 864 2294 atrocitate:
895 2229 953 2292 sed
984 2235 1157 2309 praeterea
1181 2234 1215 2289 et

117 2333 259 2396 maxime
274 2351 448 2396 movemur
473 2334 714 2398 consuetudine
743 2332 922 2409 Ecclesiae,
942 2350 1038 2414 quae,
1061 2329 1113 2392 vel
1130 2329 1215 2392 inter

117 2438 322 2504 iucundiores
344 2460 403 2524 per
428 2461 552 2506 annum
569 2442 808 2519 solemnitates,
824 2447 974 2504 sanctam
999 2447 1032 2503 et
1048 2436 1214 2500 salubrem

117 2545 180 2626 agit
194 2544 430 2608 defunctorum
447 2547 652 2624 memoriam,
668 2555 704 2610 ut
720 2545 896 2629 apeccatis
912 2543 1092 2606 solvantur.

156 2647 361 2730 Itaquecum
374 2669 418 2712 ex
428 2648 592 2714 catholica
607 2651 760 2714 doctrina
780 2648 993 2730 exploratum
1020 2646 1064 2708 sit
1084 2644 1216 2708 animas

117 2750 360 2836 inPurgaton'o
370 2751 514 2816 detentas
519 2753 675 2837 fidelium
704 2752 886 2834 suffragiis,
900 2749 1111 2833 potissimum
1141 2767 1216 2812 vero

116 2853 296 2936 acceptabili
308 2855 442 2918 Altaris
455 2857 622 2940 sacrificio,
638 2857 761 2933 iuvari,
777 2855 906 2919 nullum
919 2871 1094 2918 censemus
1107 2871 1215 2934 neque
1256 2873 1378 2931 murann-

116 2952 223 3017 utilius
239 2973 351 3036 neque
361 2957 508 3038 optatius
520 2977 541 3020 a
552 2957 660 3021 Nobis
673 2955 835 3039 proficisci
851 2956 894 3019 ad
910 2951 1075 3036 eassposse
1085 2951 1216 3034 pignus,
1240 2935 1391 3036 ⁶2²ff,⁰,·„„„⁰

116 3075 211 3139 quarn
238 3058 266 3121 si
291 3058 550 3141 multiplicemus
573 3060 606 3124 in
623 3059 705 3124 locis
720 3059 876 3124 omnibus
902 3077 963 3141 pro
989 3055 1215 3120 satisfactione
1241 3049 1391 3154 {wolffg

116 3161 258 3243 ipsarum
284 3161 488 3228 oblationem
505 3166 665 3230 mundam
682 3163 883 3229 sacrosancti
901 3159 1060 3228 Sacrificii
1086 3158 1216 3224 Media·
1240 3181 1278 3272 Z:
1297 3168 1390 3226 sacn'fl·

116 3265 191 3328 toris
206 3266 315 3331 nostri
324 3266 436 3331 divini.
1277 3259 1283 3274 '

156 3367 269 3451 Quare
284 3370 471 3448 statuimus,
487 3391 562 3436 cum
574 3372 768 3437 necessariis
783 3371 939 3436 omnibus
955 3364 1214 3449 dispensationi·

116 3471 173 3537 bus
184 3483 218 3538 et
232 3474 672 3557 derogationibus,ultimam
690 3475 903 3540 Dominicam
914 3473 1070 3557 proxime
1085 3470 1216 3534 venturi
1249 3487 1393 3532 amramis-

118 3577 235 3640 mensis
248 3576 456 3660 Septembris
468 3589 641 3662 tamquam
659 3579 885 3662 amplissimae
897 3575 1099 3658 expiationis
1116 3573 1215 3650 diem,
1241 3550 1393 3652 ⁸22²„ssss

1242 3677 1304 3710 omn.
1341 3663 1388 3723 ms.

117 3699 180 3761 quo
193 3679 379 3744 celebretur
390 3701 411 3744 a
423 3680 540 3760 Nobis,
556 3685 704 3767 itemque
720 3705 741 3747 a
756 3682 895 3765 singulis
912 3678 1067 3744 iratribus
1085 3675 1217 3740 Nostris
1272 3723 1362 3768 mm,

120 3784 323 3862 Patriarchis,
357 3783 636 3873 Archiepiscopis,
669 3788 846 3871 Episcopis
880 3785 1019 3866 aliisque
1059 3779 1219 3846 Praelatis
1266 3783 1375 3850 mussas

118 3883 293 3948 dioecesim
317 3884 526 3962 habentibus,
541 3887 575 3950 in
591 3887 661 3951 suis
682 3887 841 3970 cuiusque
859 3883 1015 3950 Ecclesiis
1035 3880 1218 3945 Patriarca·
1243 3841 1396 3946 iiiii‘i'b‘if

119 3985 210 4065 libus,
247 3988 517 4072 Metropolitanis
552 4000 586 4055 et
623 3989 890 4066 Cathedralibus,
930 3985 1083 4071 specialis
1119 3982 1221 4046 missa
1246 3960 1397 4064 Zss'issZSfflI

119 4090 358 4170 defunctorum,
384 4093 500 4158 maiori
538 4114 605 4177 qua
632 4093 702 4158 fieri
729 4102 840 4177 potest
866 4089 1088 4163 solemnitate,
1114 4103 1222 4168 eoque
1247 4077 1355 4132 mam·

120 4194 181 4259 ritu
197 4196 255 4279 qui
272 4197 304 4259 in
321 4197 445 4262 missali
462 4198 658 4281 adsignatur
684 4199 719 4261 in
745 4193 1051 4264 Commemoratione
1076 4188 1223 4254 omnium

115 4296 266 4377 fidelium
280 4299 511 4382 defuimtomm.
530 4302 569 4366 Id
586 4302 696 4384 ipsum
708 4299 778 4364 fieri
793 4299 973 4382 probamus
1001 4296 1034 4358 in
1051 4292 1223 4377 parochia·
1251 4352 1304 4398 m
1327 4343 1350 4384 e,
1373 4337 1402 4384 i„

31 4469 33 4500 ἱ
124 4400 205 4467 libus
217 4413 252 4468 et
268 4404 451 4488 collegiatis
467 4405 625 4470 Ecclesiis
641 4413 711 4470 tam
736 4402 955 4468 saecularium
968 4419 1068 4483 quam
1096 4394 1225 4480 regula·
1251 4397 1339 4458 quavis
1370 4411 1403 4444 α·
