3194 4872
406 335 455 426 48
696 353 913 406 sacocurro
941 341 961 370 ‘⁸
980 353 1178 407 coourrau
1198 391 1232 419 „.

406 552 537 606 morata
551 551 603 604 est
618 562 637 605 a
653 541 748 604 vobis
764 563 772 621 ;
788 549 824 605 ut
838 541 993 606 nimirum
1007 553 1141 626 recepta
1152 563 1191 607 ac
1204 542 1342 609 firmiter
1354 545 1498 619 stabilita,

405 666 474 728 quo
504 645 607 710 modo
630 655 772 728 oportet,
802 646 956 711 libertate
986 647 1123 724 Nostra,
1153 649 1311 730 prodesse
1336 649 1498 713 hominum

404 750 519 832 generi
535 750 568 815 in
585 769 701 815 omnes
717 759 828 833 partes
844 751 1013 816 cumulate
1028 752 1255 834 expediteque
1269 754 1441 836 possimus

235 859 381 928 ,lam
449 853 691 918 Verumtamen
708 855 750 919 ad
767 856 1001 922 auctoritatem
1017 875 1076 918 cur
1139 876 1179 920 ue
1208 856 1396 920 Nostrasa
1457 869 1500 920 to
1588 890 1589 901 κ

222 921 381 1038 lilim?
406 957 486 1022 licas
501 966 727 1022 consentanea
742 958 943 1041 populorum
959 978 1060 1040 opera
1076 875 1277 1042 rarisqpondere
1292 879 1500 1040 debetlloasmi·

228 1037 359 1098 “mm“
406 1081 480 1126 mus
496 1060 651 1125 videlicet
671 1061 823 1144 impiger,
842 1062 885 1124 ad
908 1062 1122 1126 christianam
1150 1063 1361 1146 disciplinam
1383 1065 1500 1143 docilis,
1586 1080 1587 1098 ¹

405 1187 443 1232 ac
464 1165 664 1230 nominatim
682 1165 829 1247 quadarn
848 1167 979 1230 virtutis
1002 1167 1191 1232 constantia
1212 1177 1328 1250 septus
1351 1188 1392 1234 ac
1413 1171 1500 1234 robo-
1586 1229 1587 1244 ,

405 1278 505 1346 ratus,
521 1277 557 1331 ut
573 1267 743 1347 religionis
759 1268 971 1352 iustitiaeque
986 1271 1104 1332 caussa
1128 1270 1155 1332 si
1172 1271 1252 1352 quid
1279 1271 1498 1336 molestiarum
1585 1265 1587 1320 l

405 1373 608 1458 impendeat,
623 1381 792 1437 succurrat
809 1375 880 1456 ipse
895 1394 934 1437 ac
952 1375 1071 1439 subeat
1088 1396 1154 1439 non
1171 1377 1303 1442 invitus.
1585 1373 1586 1389 ¹

449 1477 506 1542 Ad
521 1496 580 1540 vos
596 1478 687 1559 quod
704 1479 857 1560 pertinet,
872 1479 985 1543 dilecti
1007 1477 1075 1556 lilii,
1097 1479 1131 1542 in
1161 1479 1298 1544 Litteris
1323 1481 1502 1565 Encyclici‘s

407 1582 449 1646 ad
467 1581 644 1645 Borussiae
661 1581 857 1664 Episcopos,
875 1583 1130 1665 nuperrimeque
1145 1584 1188 1647 ad
1207 1583 1503 1667 EpiscoposBava·

408 1686 475 1750 riae
501 1684 597 1768 plura
623 1686 852 1767 praecepimus
879 1706 966 1768 quae
993 1706 1043 1749 res
1070 1686 1273 1768 postulabat,
1299 1707 1460 1772 quaeque,
1480 1689 1503 1749 si

256 1799 384 1868 camerae
407 1801 518 1854 vestra
544 1787 638 1852 vobis
662 1787 752 1851 salus
778 1788 869 1852 cordi
886 1799 946 1866 est,
970 1799 1007 1852 ut
1033 1799 1093 1865 est,
1117 1799 1232 1854 sancte
1252 1810 1348 1855 suam
1373 1792 1503 1874 quisque
1583 1777 1586 1856 l

231 1861 383 1963 mil„
409 1903 537 1977 partem
554 1891 778 1974 inviolateque
805 1893 987 1957 servabitis.
1008 1931 1052 1942 --
1073 1891 1231 1956 Difficilia
1257 1895 1408 1958 cecidere
1431 1903 1504 1958 tem·
1580 1871 1586 1947 J

232 1977 385 2096 „ffssffl
409 2018 490 2082 pora
508 2022 516 2062 ε
532 2015 647 2060 verum
663 1996 818 2060 catholici
834 2016 853 2059 e
869 1997 1049 2061 Germania
1064 1999 1125 2060 viri
1141 2017 1353 2080 nequaquam
1370 2009 1449 2062 sunt
1469 1999 1505 2060 ad
1580 2044 1586 2063 .

229 2097 385 2201 {lmmjm
410 2116 599 2186 temporum
625 2097 838 2163 difficultates
869 2101 999 2164 insueti.
1031 2102 1214 2177 Praeterea,
1245 2121 1333 2184 quae
1364 2101 1505 2165 maxime
1582 2078 1585 2089 ¹

233 2219 311 2267 tatem.
409 2204 674 2270 incolumitatem
697 2202 952 2285 libertatemque
976 2203 1021 2266 rei
1038 2203 1224 2267 catholicae
1239 2205 1330 2286 apud
1353 2203 1506 2268 Borussos

408 2307 647 2392 impediebant,
661 2326 702 2371 ea
719 2318 755 2370 ut
770 2307 813 2370 de
830 2307 941 2370 medio
956 2306 1159 2386 tollerentur,
1171 2306 1262 2372 initis
1278 2327 1355 2372 cum
1372 2316 1507 2391 augusto
1585 2345 1586 2393 3

410 2415 617 2496 Imperatore
631 2413 725 2495 Rege
737 2411 892 2488 consiliis,
904 2411 1107 2474 administris
1117 2412 1188 2474 eius
1197 2429 1335 2494 operam
1349 2411 1508 2484 dantibus,

410 2537 567 2600 magnam
593 2527 721 2598 partem
748 2516 918 2596 assequuti
946 2533 1068 2578 sumus
1100 2513 1300 2596 Eodemque
1331 2514 1364 2578 in
1396 2531 1508 2598 genere
1580 2590 1586 2605 ἱ

410 2619 549 2684 aliorum
575 2639 708 2703 quoque
735 2617 936 2683 Germaniae
963 2617 1152 2700 Principum
1182 2617 1344 2699 aequitati
1370 2618 1506 2682 multum
1581 2678 1585 2709 =

410 2723 617 2787 confidimus.
640 2761 684 2770 -
702 2721 788 2785 lllud
817 2730 975 2802 superest,
999 2717 1112 2784 dilecti
1129 2717 1196 2796 filii,
1213 2729 1249 2782 ut
1274 2723 1509 2785 sententiarum
1579 2727 1590 2800 l,

235 2873 385 2918 macaria
410 2828 663 2908 studiorumque
678 2825 902 2897 concordiam,
916 2843 1002 2905 quae
1018 2823 1136 2904 quanti
1163 2823 1207 2886 sit
1229 2823 1438 2905 experiendo
1458 2843 1508 2886 no·
1575 2838 1585 2888 ,·

234 2931 385 3036 ssfjngvnffi·
412 2931 512 3008 vistis,
536 2942 697 3013 perpetuo
723 2931 808 2994 inter
835 2949 893 2992 vos
920 2928 1060 2992 foveatis
1086 2947 1125 2990 ac
1142 2927 1304 2991 tueamini
1318 2949 1327 3007 ;
1347 2927 1509 3010 iidemque
1580 2922 1585 2931 '

234 3055 295 3095 vent.
411 3034 636 3109 memineritis,
653 3053 738 3114 opus
754 3053 826 3096 esse
835 3031 1036 3096 omnibus-in
1054 3030 1151 3095 rebus
1168 3031 1292 3095 habere
1306 3050 1384 3094 cum
1397 3031 1510 3094 virtute
1589 3083 1590 3116 3

410 3139 618 3205 constantiae
633 3138 844 3220 prudentiam
862 3135 1029 3200 comitem.

227 3285 231 3288 -
255 3257 386 3325 canorae
454 3243 583 3306 Volens
593 3252 705 3306 autern
717 3241 880 3324 propitius
893 3239 998 3302 aderit
1010 3238 1102 3302 omni
1116 3249 1269 3319 tempore
1285 3247 1509 3321 propugnator
1578 3221 1590 3314 ,J

245 3318 374 3423 ‘iim'
412 3345 581 3410 Ecclesiae
597 3364 676 3408 suae
703 3344 796 3407 Deus
815 3367 821 3405 :
843 3361 910 3425 quo
925 3341 1086 3416 adiutore,
1103 3341 1221 3405 uberes
1237 3341 1349 3405 seretis
1364 3359 1509 3422 perseve
1579 3380 1585 3421 .·

411 3450 538 3513 tantiae
554 3457 682 3511 vestrae
698 3446 822 3510 iroctus
836 3465 843 3520 ;
859 3443 952 3506 cuius
968 3441 1144 3524 patrocinii
1159 3441 1315 3506 caelestis
1335 3442 1510 3524 auspicem,
1580 3426 1585 3488 ἶ

409 3552 576 3634 simulque
591 3549 843 3615 benevolentiae
861 3545 1005 3610 Nostrae
1021 3555 1139 3610 testem
1158 3545 1400 3610 essevolumus
1418 3544 1510 3608 bene·

409 3653 591 3718 dictionem
603 3652 846 3736 Apostolicam,
858 3667 958 3730 quam
972 3649 1066 3712 vobis
1076 3645 1227 3730 singulis,
1238 3646 1373 3713 laruiliis
1390 3647 1511 3720 vestris,
1578 3657 1585 3741 j

409 3761 603 3844 cunctisque
620 3781 637 3822 e
653 3756 833 3823 Germania
860 3751 1032 3816 catholicis
1059 3763 1272 3834 peramanter
1296 3752 1511 3834 impertimus
