3250 4876
401 355 422 426 8
494 373 642 424 LITTER.
663 371 819 424 ENCYCL.
842 361 863 388 “
883 371 1109 424 SAPIENTIAE
1132 373 1390 426 CHRISTIANAE
1407 409 1427 436 ,‚

213 549 372 666 figa'ssss‘i!
397 561 457 616 aut
472 551 611 616 omnino
631 559 797 634 expertes,
811 549 958 615 dubitari
983 569 1049 616 non
1078 561 1198 635 potest
1220 551 1306 620 Cum
1322 561 1420 635 parta
1437 553 1493 616 iam

219 673 253 736 eq,
289 617 371 714 aad·
395 653 571 720 hominum
588 655 701 738 generi
718 652 836 731 salute,
853 653 961 722 lasus
974 653 1169 722 CHRISTUS
1185 655 1379 739 praedicare
1395 655 1495 720 Evan-

218 739 305 843 3ᾜῖ
317 735 373 832 ,fils
395 758 521 842 gelium
534 756 721 842 Apostolos
730 757 826 822 iussit
834 757 929 823 omni
944 767 1126 836 creaturae,
1140 759 1205 824 hoc
1220 759 1344 842 pariter
1359 757 1494 824 officium

217 845 369 966 fffi’pffiss
394 861 587 928 hominibus
599 860 760 926 universis
776 859 946 944 imposuit,
968 871 1005 926 ut
1027 863 1252 944 perdiscerent
1272 871 1308 927 et
1322 861 1496 936 crederent,

173 1035 184 1054 ‚
216 971 339 1024 sumpm.
394 986 481 1050 quae
501 965 721 1030 docerentur:
749 964 802 1028 cui
827 964 967 1048 quidem
994 963 1107 1032 officio
1132 967 1359 1049 sempiternae
1388 965 1495 1030 salutis

392 1071 532 1136 omnino
546 1079 598 1134 est
622 1069 760 1153 adeptio
784 1069 974 1134 coniuncta
994 1068 1064 1150 Qui
1084 1068 1261 1134 crediderit
1272 1079 1306 1134 et
1319 1069 1496 1152 baptisatus

383 1173 503 1255 fieerit,
514 1173 630 1239 salvus
640 1174 707 1238 erit
717 1197 729 1238 :
743 1173 805 1256 qui
818 1193 892 1238 vero
911 1193 975 1238 non
989 1173 1166 1238 crediderit
1177 1173 1448 1239 condemnabitur
1454 1173 1493 1255 (¹)

391 1277 460 1344 Sed
476 1277 693 1344 christianam
711 1276 811 1342 fidem
823 1277 937 1356 homo,
948 1287 986 1343 ut
997 1278 1109 1356 debet,
1124 1278 1335 1364 complexus,
1349 1278 1416 1342 hoe
1431 1277 1495 1358 ipso

392 1381 564 1447 Ecclesiae
582 1390 620 1448 ut
638 1401 682 1446 ex
710 1401 751 1446 ea
778 1391 877 1447 natus
898 1380 1082 1460 subiicitur,
1106 1383 1244 1467 eiusque
1269 1379 1308 1446 lit
1332 1379 1494 1448 societatis

390 1485 562 1550 maximae
585 1484 884 1569 sanctissimaeque
921 1486 1098 1571 particeps,
1129 1506 1230 1570 quarn
1262 1505 1401 1551 summa
1427 1503 1492 1548 curn

390 1595 558 1669 potestate
574 1607 697 1672 regere,
706 1588 769 1652 sub
780 1587 938 1654 invisibili
954 1589 1065 1672 capite
1077 1589 1248 1655 Cuntsro
1261 1590 1363 1666 Iesu,
1375 1586 1491 1654 romani

246 1727 290 1774 U„-
302 1727 364 1774 uqi,
391 1685 563 1753 Pontificis
578 1686 750 1772 proprium
767 1697 818 1752 est
836 1707 967 1756 munus.
988 1725 1033 1738 -
1048 1689 1148 1752 Nune
1172 1709 1251 1752 vero
1270 1689 1298 1754 si
1319 1689 1491 1763 civitatem,

206 1791 333 1906 W?
389 1793 505 1876 inqua
524 1791 607 1857 editi
633 1793 847 1877 susceptique
873 1793 905 1856 in
931 1793 1019 1858 hanc
1046 1791 1154 1858 lucem
1180 1813 1306 1872 sumus,
1321 1794 1490 1878 praecipue

211 1907 255 1959 ita.
315 1881 364 1952 imo
388 1894 527 1978 diIIgere
542 1896 694 1980 tuerique
721 1896 875 1961 iubemur
901 1895 976 1978 lege
1002 1905 1142 1960 naturae
1169 1915 1274 1980 usque
1289 1915 1341 1969 eo,
1359 1905 1399 1961 ut
1422 1894 1490 1958 civis

210 1979 364 2071 felir-2253?
388 1999 497 2064 bonus
513 1999 564 2064 vel
582 2009 724 2064 mortem
735 2019 797 2082 pro
811 1999 919 2082 patria
934 2011 1096 2083 oppetere
1112 2019 1179 2064 non
1195 1999 1338 2076 dubitet,
1354 1997 1490 2063 officium

208 2084 362 2203 {megs
387 2113 437 2168 est
449 2101 708 2170 christianorum
724 2101 825 2186 longe
835 2102 942 2166 maius
952 2102 1052 2166 simili
1066 2103 1168 2168 modo
1180 2121 1254 2167 esse
1263 2103 1296 2166 in
1310 2102 1490 2167 Ecclesiam

205 2202 327 2315 maz.
386 2225 519 2291 semper
547 2205 696 2272 affectos.
732 2205 795 2272 Est
824 2207 914 2270 enirn
946 2205 1099 2272 Ecclesia
1129 2206 1247 2271 civitas
1280 2217 1404 2272 sancta
1432 2204 1489 2269 Dei

210 2321 360 2392 teterrim-
384 2313 537 2390 viventis,
552 2311 630 2376 Deo
645 2311 719 2394 ipso
735 2321 824 2388 nata,
839 2311 1027 2395 eodemque
1042 2319 1178 2376 auctore
1192 2309 1400 2376 constituta:
1415 2326 1489 2393 quae

209 2394 338 2488 mnan·
385 2417 616 2501 peregrinatur
642 2416 778 2500 quidem
804 2415 836 2478 in
854 2415 958 2490 terris,
973 2415 1032 2478 sed
1051 2434 1175 2479 vocans
1198 2413 1355 2479 homines
1378 2425 1414 2480 et
1427 2431 1488 2476 eru·

384 2521 481 2586 diens
498 2529 600 2604 atque
615 2520 786 2584 deducens
801 2519 843 2582 ad
869 2518 1107 2602 sempiternam
1125 2518 1159 2582 in
1175 2517 1276 2582 caelis
1292 2517 1487 2583 felicitatem.

384 2623 590 2688 Adamanda
618 2623 854 2706 igiturpatria
881 2633 941 2698 est,
958 2622 1047 2687 unde
1069 2622 1159 2688 vitae
1185 2621 1337 2688 mortalis
1364 2637 1485 2686 usuram

384 2726 596 2810 accepimus:
613 2726 670 2790 sed
685 2745 821 2789 necesse
833 2735 884 2789 est
895 2723 1036 2790 caritate
1053 2724 1238 2789 Ecclesiam
1254 2719 1484 2808 praestarem

383 2828 488 2892 vitam
512 2829 645 2893 animae
673 2830 836 2894 debemus
863 2838 1026 2912 perpetuo
1049 2847 1263 2893 mansuram:
1297 2827 1381 2912 quia
1411 2829 1480 2891 bon

382 2931 487 2996 animi
497 2933 644 3016 corporis
660 2933 758 2998 bonis
771 2944 898 2998 rectum
909 2941 960 2997 est
972 2941 1187 3016 anteponere,
1198 2930 1387 3015 multoque,
1397 2945 1479 3015 quau

255 3104 280 3148 U
384 3055 462 3119 erga
474 3035 637 3115 homines,
653 3045 732 3103 sunt
747 3057 827 3121 erga
841 3037 952 3102 Deum
969 3035 1079 3102 officia
1095 3037 1270 3100 sanctIora
1283 3063 1328 3084 -s
1338 3035 1482 3102 Ceterum

207 3108 358 3209 amor‘s'e‘ss
383 3157 459 3203 vere
488 3141 517 3204 si
547 3140 694 3207 iudicare
723 3141 889 3218 volumus,
912 3139 1175 3223 supernaturalis
1202 3158 1297 3204 amor
1323 3137 1484 3204 Ecclesiae

207 3227 358 3340 ἷέξξξξξζ
383 3244 577 3329 patriaeque
592 3247 713 3310 caritas
741 3244 911 3322 naturalis,
925 3245 1080 3328 geminae
1103 3255 1183 3309 sunt
1207 3243 1250 3308 ab
1265 3243 1387 3308 eodem
1411 3259 1485 3306 sern-

206 3340 264 3444 {2¹2}
283 3341 360 3446 ⁰55}ss
382 3349 515 3431 piterno
529 3349 694 3433 principio
716 3347 887 3432 proiectae
902 3349 1067 3425 caritates,
1078 3368 1155 3412 cum
1172 3350 1244 3431 ipse
1259 3348 1303 3412 sit
1323 3349 1485 3427 utriusque

202 3464 320 3517 pugnare.
384 3463 500 3517 auctor
526 3462 560 3519 et
590 3472 709 3517 caussa
736 3452 852 3518 Deus:
879 3471 923 3516 ex
947 3472 1016 3536 quo
1042 3451 1267 3534 consequitur,
1298 3472 1366 3516 non
1397 3463 1484 3533 posse

382 3557 525 3623 alterum
549 3555 693 3622 officium
725 3576 876 3641 pugnare
906 3575 982 3620 cum
1013 3555 1128 3622 altero.
1157 3554 1286 3640 Utique
1316 3565 1484 3636 utrumque

383 3680 561 3744 possumus
587 3669 622 3726 et
644 3660 817 3737 debemus,
839 3659 979 3743 diligere
1001 3659 1234 3742 nosmetipsos,
1255 3658 1483 3724 benevolentes

383 3783 454 3828 esse
467 3784 543 3829 curn
554 3765 730 3849 proximis,
740 3783 856 3828 amare
864 3762 1107 3847 rempublicam
1119 3771 1391 3846 potestatemque
1405 3773 1483 3843 quae

382 3868 583 3952 reipublicae
602 3868 750 3952 praesit:
774 3867 963 3950 eodemque
989 3877 1141 3948 tempore
1167 3865 1353 3930 Ecclesiam
1381 3863 1481 3928 colere

382 3971 429 4035 uti
439 3980 666 4055 parentem,et
678 3971 839 4048 maxima,
854 3989 922 4054 qua
938 3968 1008 4034 fieri
1020 3978 1142 4051 potest,
1157 3968 1297 4034 caritate
1309 3962 1481 4052 complecti

383 4076 504 4141 Deum.
519 4113 563 4124 —
578 4074 807 4140 Nihilominus
821 4074 940 4138 horum
968 4072 1152 4137 officiorum
1179 4074 1273 4150 ordo,
1287 4071 1340 4136 vel
1355 4065 1480 4135 calami·

381 4189 452 4245 tate
466 4189 656 4262 temporum
669 4177 721 4242 vel
742 4177 905 4262 iniquiore
916 4176 1091 4242 hominurn
1108 4177 1290 4254 voluntate,
1309 4171 1479 4259 aliquando

382 4280 587 4362 pervertitur.
605 4280 774 4344 Nimirum
796 4279 947 4344 incidunt
963 4299 1111 4356 caussae,
1122 4301 1197 4344 cum
1219 4279 1310 4344 aliud
1328 4279 1477 4342 videtura

414 4429 435 4463 r.
449 4417 599 4470 Marc..xv1,
610 4419 645 4464 ιδ.
