3250 4876
1116 267 1136 326 ,1

382 379 455 467 326
736 394 857 446 1111111
887 395 1136 448 1111111015.

444 605 558 675 publice
572 613 706 661 testatur:
720 615 835 676 gratum
844 621 935 676 usque
942 604 1146 662 beneficiorum
1159 612 1341 676 acceptorum
1353 602 1415 658 ani·
1434 551 1494 604 p*

444 701 522 740 murn
539 699 634 752 190-
647 685 705 740 Sed
718 694 746 740 er
759 683 843 739 altius
857 684 923 740 inde
936 684 1022 741 sumit
1036 685 1185 741 consilium
1202 699 1259 754 191.
1272 713 1308 722 —
1322 683 1414 738 Obse-

441 762 540 836 quium
553 763 582 818 in
595 765 695 836 Apost.
710 764 816 820 Sedem
829 775 889 820 turn
910 761 1030 834 dignum
1043 763 1165 821 fructum
1178 763 1264 836 capit,
1276 763 1301 818 si
1314 761 1410 833 populi

441 841 588 898 christiani
611 843 678 898 vitae
699 842 737 898 ad
758 843 877 898 meliora
887 842 1061 913 provehatur
1076 858 1132 912 191.
1147 873 1182 884 -
1194 843 1300 912 Quare,
1312 841 1350 897 ad
1362 841 1413 896 do-

439 920 539 978 ctrinae
552 921 647 992 capita
653 921 714 992 jam
724 939 803 992 saepe
820 937 940 976 numero
959 925 1089 995 exposita
1098 940 1174 980 nunc
1185 921 1315 979 Pontifex
1327 922 1409 978 addit

440 999 549 1056 monita
561 1000 598 1056 de
611 999 668 1056 vita
681 1010 780 1056 sancte
793 999 977 1069 instituenda,
986 1018 1068 1074 aqna
1078 1003 1203 1075 pendent
1216 1011 1277 1058 tum
1289 1001 1411 1056 felicitas

438 1087 554 1149 aetema,
567 1089 627 1134 turn
641 1079 816 1150 prosperitas
829 1080 995 1152 temporalis
1012 1096 1069 1150 ¹9¹·
1082 1112 1118 1123 -
1129 1083 1240 1152 Regnat
1253 1079 1410 1135 hodiedum

438 1158 539 1229 triplex
562 1160 796 1231 concupiscentia
823 1173 880 1228 191.
894 1189 930 1201 -
944 1159 1083 1232 Ejusdem
1104 1160 1219 1232 genesis
1240 1159 1413 1216 describitur

442 1251 499 1305 ¹9²·
514 1237 709 1294 -Accedunt
723 1237 910 1294 incitamenta
923 1241 1062 1310 peccandi
1075 1242 1133 1296 ludi
1147 1240 1262 1306 scenici,
1274 1240 1407 1311 epheme-

438 1319 523 1388 rides,
533 1334 618 1388 artes,
628 1322 739 1377 semina
753 1337 864 1376 morum
877 1338 1075 1394 perversorum
1091 1335 1148 1390 19²·
1157 1319 1285 1374 -Adde
1294 1319 1409 1374 scholas

437 1399 568 1471 publicas
580 1402 618 1455 ab
631 1401 772 1457 Ecclesia
793 1401 882 1456 tutela
902 1403 1018 1458 avulsas
1031 1416 1099 1472 19²3
1121 1415 1234 1456 necnon
1245 1397 1407 1454 doctrinam

437 1479 666 1550 philosophicam
680 1479 926 1550 rationalisticam,
945 1479 1198 1548 materialisticam,
1211 1479 1269 1534 imo
1282 1478 1411 1534 atheisti·

438 1577 512 1630 cam,
522 1579 579 1633 qua
592 1561 656 1633 ipsa
668 1561 741 1618 ratio
757 1560 869 1619 virtutis
883 1561 1059 1631 pervertitur,
1072 1576 1186 1633 quaque
1204 1558 1241 1614 de
1250 1574 1302 1613 sua
1314 1574 1411 1628 super·

437 1639 484 1694 bia
495 1656 546 1711 per
556 1640 747 1709 ignorantiam
754 1641 878 1712 punitur,
887 1640 1045 1697 sanationis
1052 1637 1158 1710 duplici
1169 1637 1279 1694 ratione
1291 1637 1412 1707 incapax

439 1733 498 1788 193.
525 1747 561 1760 -
586 1721 799 1776 Enumerantur
823 1737 933 1775 errores
957 1721 1037 1778 hisce
1066 1737 1101 1778 ex
1125 1718 1220 1774 causis
1243 1717 1409 1784 defluentes,

436 1797 552 1854 funesta
564 1799 616 1854 sed
629 1798 723 1869 logica
734 1800 860 1870 quadam
876 1799 1049 1856 deductione
1063 1820 1070 1857 :
1083 1797 1271 1866 socialismus,
1283 1813 1410 1852 commu-

436 1876 555 1946 nismus,
568 1877 731 1935 nihilismus
751 1894 808 1949 193.
821 1908 857 1919 -—
876 1878 922 1934 ad
942 1897 1015 1952 quos
1035 1880 1123 1936 totius
1143 1876 1288 1934 societatis
1310 1876 1409 1932 hostes

436 1957 668 2028 comprimendos
682 1957 775 2030 impar
788 1957 840 2014 erit
853 1959 915 2014 sola
926 1959 970 2014 vis
986 1973 1043 2028 ¹93-
1053 1987 1089 1998 -
1102 1957 1159 2014 Sed
1172 1955 1315 2011 sanabiles
1330 1955 1411 2010 Deus

436 2035 504 2091 fecit
516 2037 657 2107 nationes,
668 2055 720 2094 sua
730 2039 826 2110 utique
834 2039 946 2106 virtute,
955 2055 1059 2108 nempe
1071 2036 1263 2106 meritithsstt
1275 2033 1410 2090 C111t1511

437 2115 717 2187 Redemptoris194
738 2147 773 2156 -
788 2117 959 2172 Remedium
978 2117 1016 2172 ab
1038 2115 1204 2184 Evangelio,
1220 2114 1259 2169 ab
1279 2111 1411 2169 Ecclesia

435 2195 653 2265 expectandum,
664 2206 723 2252 tam
734 2196 855 2268 pubticae
865 2213 952 2268 quam
965 2196 1084 2268 privatae
1097 2194 1163 2251 vltae
1176 2207 1234 2263 194.
1247 2192 1412 2248 —Summa

437 2273 683 2331 Christlnnaevitae
693 2286 736 2331 cst
746 2275 878 2331 resistere
889 2286 999 2331 naturae
1012 2291 1108 2346 pravae
1125 2287 1181 2342 194
1194 2302 1230 2313 -
1244 2270 1300 2341 Qui
1312 2271 1411 2340 volup·

435 2362 510 2408 tates
523 2365 687 2426 sequuntur,
700 2355 746 2410 vel
759 2354 871 2410 labores
889 2353 1008 2424 fugiunt,
1028 2353 1133 2408 Christi
1149 2369 1209 2407 non
1221 2361 1287 2407 sunt
1302 2364 1360 2420 191.
1373 2379 1411 2390 -

441 2431 629 2488 Mortificatio
646 2451 704 2488 non
726 2432 884 2498 consilium,
900 2433 951 2488 sed
973 2432 1097 2488 officium
1108 2451 1116 2499 ;
1136 2448 1193 2486 non
1212 2429 1411 2502 perfectiorum

440 2511 492 2566 sed
505 2512 590 2583 plane
600 2513 728 2568 omniurn
744 2525 802 2584 195.
815 2541 850 2552 -··
860 2513 1025 2583 Baptismus
1034 2513 1110 2570 delet
1120 2521 1278 2584 peccatum,
1288 2511 1339 2566 sed
1352 2527 1410 2565 non

440 2590 544 2663 stirpes
561 2603 618 2661 195.
629 2623 664 2632 -
673 2593 770 2660 Unde,
780 2592 902 2648 docente
911 2592 1090 2661 Tridentino,
1100 2605 1196 2646 manet
1204 2591 1281 2646 lucta
1290 2589 1328 2644 ad
1337 2591 1412 2645 bene

440 2671 594 2727 vivendum
618 2684 677 2741 195.
698 2701 733 2712 -
759 2673 848 2728 Lucta
868 2673 897 2727 in
913 2671 1033 2728 summis
1053 2671 1177 2740 heroica,
1197 2669 1360 2726 necessaria
1382 2669 1412 2723 in

441 2751 574 2806 omnibus
589 2764 647 2820 195.
662 2781 697 2790 -
710 2751 829 2808 Laboris
841 2751 948 2807 fructus
961 2761 1026 2806 suut
1037 2769 1043 2806 :
1055 2749 1142 2806 animi
1155 2750 1282 2817 libertas,
1294 2748 1412 2804 virtutes

441 2845 542 2884 omnes
556 2831 613 2898 196.
627 2858 658 2870 -
676 2831 749 2886 Haec
763 2831 847 2900 lucta,
863 2849 918 2902 qua
931 2830 1078 2908 christiani
1096 2829 1193 2885 divino
1205 2827 1291 2898 capiti
1301 2829 1413 2884 assimi-

441 2909 544 2978 lantur,
557 2910 712 2978 apostolos,
725 2920 865 2979 martyres
878 2910 985 2981 genuit,
997 2926 1155 2980 omnesque
1168 2907 1267 2964 salutis
1275 2907 1412 2963 sollicitos

445 2988 503 3054 196.
516 3017 551 3027 —
570 2987 719 3043 Muniendi
733 2989 814 3058 proin
827 2988 914 3044 animi
928 2999 1028 3045 contra
1044 2987 1290 3059 concupiscentias
1307 2987 1364 3054 196.
1376 3015 1413 3026 —

441 3067 633 3122 Revocandus
646 3067 739 3122 horror
751 3085 861 3122 morum
875 3067 1093 3124 christianorum
1110 3082 1168 3136 197.
1181 3097 1214 3107 -
1229 3067 1289 3123 Sed
1300 3067 1337 3122 ad
1356 3067 1412 3122 hoc

442 3154 486 3200 est
499 3145 711 3215 impetrandum
726 3149 780 3203 Dei
789 3147 1053 3217 anxilinm,Christo
1063 3147 1181 3216 jubente
1193 3148 1412 3216 verbo,d0cente

441 3225 580 3295 exemplo,
594 3223 757 3281 stimulante
769 3227 918 3296 promissis
934 3241 991 3296 197.
999 3255 1036 3267 -
1044 3225 1181 3281 Efficacia
1192 3226 1328 3282 orationis
1336 3241 1411 3282 com-

442 3305 601 3376 mendatur,
614 3306 781 3379 rationeque
798 3317 971 3363 monstratur
993 3307 1051 3376 198.
1064 3335 1100 3345 --
1113 3307 1188 3361 Tota
1208 3305 1334 3360 hominis
1355 3305 1413 3358 rita

441 3384 533 3439 oratio
546 3385 583 3440 sit
605 3387 663 3454 198.
677 3416 712 3425 —
730 3387 802 3443 Fide
816 3387 921 3458 genita,
938 3386 1029 3442 oratio
1043 3385 1128 3440 fidem
1142 3385 1229 3440 nutrit
1245 3383 1303 3454 198.
1320 3413 1355 3424 -
1367 3384 1414 3438 Ab

442 3463 593 3520 imminuta
606 3465 662 3520 fide
676 3466 833 3536 procedunt
845 3467 992 3522 hodiemae
1005 3463 1149 3521 societatis
1159 3465 1236 3519 mala
1251 3477 1309 3532 199.
1320 3492 1355 3502 -
1366 3463 1415 3517 Ad

443 3559 508 3614 quae
521 3545 651 3598 sananda
664 3545 822 3615 praesertim
835 3545 982 3600 conferunt
1004 3543 1171 3599 clericorum
1188 3543 1246 3598 vita
1261 3557 1415 3612 moresque

446 3637 505 3692 199.
524 3653 559 3663 -
583 3623 702 3678 Eluceat
725 3623 858 3679 sacerdos
878 3624 1017 3692 doctrina,
1031 3621 1193 3678 innocentia
1214 3635 1272 3692 199.
1286 3649 1322 3660 -
1339 3620 1413 3674 Boni

442 3703 565 3773 exempli
579 3702 711 3757 virtutem
730 3703 818 3757 Conc.
832 3702 910 3759 Trid.
923 3704 1080 3772 proclamat
1095 3717 1153 3771 199.
1173 3731 1208 3741 -
1229 3699 1415 3756 Sacerdotem

443 3784 567 3854 insuper,
590 3795 663 3840 teste
685 3785 838 3854 Bernardo‚
859 3785 903 3841 sui
922 3785 1070 3841 dominum
1088 3801 1152 3840 esse
1173 3793 1295 3855 oportet,
1315 3782 1416 3854 suique

444 3883 565 3922 vacuum
580 3882 640 3922 200.
654 3897 690 3906 —
704 3867 776 3922 Inde
788 3867 876 3922 oritur
886 3867 1047 3923 animarum
1059 3867 1141 3935 zelus,
1153 3881 1239 3938 quem
1251 3864 1417 3921 corroborat

443 3950 603 4005 coelestium
623 3951 828 4022 contemplatio
851 3966 910 4006 200.
932 3981 968 3992 -
989 3951 1038 4006 Nil
1062 3949 1272 4022 desperandum
1297 3961 1358 4003 200.
1381 3977 1416 3988 -

443 4034 541 4103 Justus
565 4035 645 4088 Deus
666 4033 831 4090 nationibus
852 4033 950 4090 debita
969 4035 1102 4106 operibus
1118 4033 1202 4088 bonis
1224 4032 1269 4087 vel
1289 4031 1372 4086 malis
1384 4031 1415 4085 11

443 4115 526 4170 terris
539 4128 666 4172 reservat
677 4133 736 4172 200.
745 4147 781 4157 -
791 4117 864 4173 Inde
870 4116 987 4187 justitiae
1000 4117 1091 4172 cultus
1100 4115 1137 4170 ad
1147 4117 1254 4170 honum
1262 4131 1416 4170 commune

444 4193 568 4249 maxime
589 4196 689 4251 efficax
712 4213 772 4253 200.
793 4227 829 4236 —
851 4196 908 4252 Sed
931 4197 960 4250 11
978 4195 1063 4266 justis
1082 4194 1210 4264 flagellis,
1231 4195 1311 4248 Deus
1332 4209 1415 4249 suam

444 4277 558 4348 attingit
570 4278 699 4348 gloriam,
711 4281 908 4351 bonorumque
920 4279 1093 4348 felicitatem,
1105 4287 1179 4333 teste
1189 4277 1287 4347 Paulo,
1299 4293 1414 4332 necnon

446 4360 595 4429 Ecclesiae,
614 4377 727 4430 sponsae
751 4363 856 4417 Christi
878 4377 938 4416 201.
960 4391 994 4402 -
1016 4360 1087 4417 Mali
1106 4361 1258 4429 intereunt,
1281 4359 1414 4416 Ecclesia

447 4447 543 4492 antem
557 4439 662 4494 invicta
675 4469 709 4480 —
722 4450 794 4496 teste
809 4443 1015 4512 Chrysustomo
1027 4471 1061 4480 -
1074 4439 1144 4495 nihil
1157 4439 1194 4496 de
1207 4438 1310 4494 virtute
1329 4438 1416 4494 saluti
