3172 4874
413 585 521 777 {ad
546 659 779 719 salvatorem
800 653 1136 727 archiepiscopum
1160 628 1461 843 Genuensem}

412 787 513 952 {DE
530 831 694 892 FESTIS
710 831 763 890 IN
782 827 1030 890 HONOREM
1052 752 1467 905 CHRISTOPHORI

302 1429 307 1442 ,
340 1375 346 1386 ’
335 1140 1002 1628 {¹3}ss
592 1353 648 1418 die
662 1369 769 1415 nonas
786 1349 970 1426 Ianuarias,
986 1347 1137 1413 studiose
1152 1359 1186 1414 te
1201 1369 1339 1432 operam
1356 1353 1437 1416 dare
1449 1366 1477 1418 ut

305 1501 353 1564 11,
592 1463 751 1540 parentur
766 1451 865 1518 istic'
856 1470 890 1515 m
907 1460 1078 1534 posterum
1095 1471 1221 1516 annum
1237 1453 1421 1519 saecularia
1435 1475 1478 1519 sn-

201 1565 244 1610 1⁶
245 1564 289 1610 Μ
330 1577 351 1608 e
591 1559 724 1634 lemnia,
742 1557 863 1642 quibus
891 1556 1110 1621 memorabile
1135 1555 1321 1622 celebretur
1343 1559 1477 1644 iterquo

197 1623 353 1727 iss‘li‘sslll
379 1667 638 1751 Christophorus
649 1662 835 1730 Columbus
854 1671 934 1725 ante
945 1682 1053 1727 annos
1071 1663 1364 1747 quadringentos'
1353 1675 1477 1746 ignotas

201 1741 292 1846 lllnlrl
309 1741 352 1844 g}
378 1783 479 1840 antea
494 1771 647 1854 regiones
661 1785 813 1832 inaversa
823 1765 1014 1848 orbrsparte
1026 1765 1166 1832 detexit
1169 1765 1366 1832 -Sanehrc
1374 1767 1478 1844 bonor

202 1872 262 1964 ἵζ’,ῗ
266 1859 352 1964 ,ὦ
377 1896 478 1963 quern
495 1874 606 1958 plures
621 1871 724 1936 etiam
740 1869 820 1935 alibi
844 1878 975 1934 certant
991 1869 1182 1952 persolvere
1198 1868 1382 1934 immortali
1408 1871 1477 1946 viro,

201 1979 231 2082 {f
230 1990 353 2083 ,Μ’
378 1981 541 2064 imprimis
551 1975 748 2042 tribuendus
761 1973 809 2039 rllr
818 1974 920 2038 estin
931 1993 971 2038 ea
983 1973 1122 2040 civitate
1132 1974 1221 2039 uode
1236 1983 1349 2040 ortum
1362 1975 1477 2050 habuit,

200 2096 260 2142 viri·
378 2085 472 2152 cuius
488 2080 693 2168 praeclarum
708 2087 758 2143 est
773 2086 1010 2143 ornamentum
1027 2086 1061 2142 et
1076 2078 1187 2143 decus.
1203 2077 1294 2143 Hinc
1309 2077 1475 2143 vehemen-

379 2199 430 2256 ter
445 2186 661 2274 probavimus
689 2181 866 2248 consilium
883 2191 953 2246 ate
970 2182 1093 2246 initum
1111 2183 1339 2248 constituendi
1354 2196 1474 2247 coetum

380 2291 636 2358 lectissimorum
660 2285 783 2351 civium
811 2285 868 2370 qui
890 2305 965 2349 eam
982 2305 1098 2350 curam
1126 2285 1321 2368 suscipiant,
1336 2306 1376 2350 ac
1391 2287 1474 2369 perii-

381 2398 499 2462 benter
514 2393 657 2475 legimus
672 2389 858 2473 pastorales
873 2388 1011 2468 litteras,
1027 2410 1112 2473 quas
1132 2410 1173 2455 ea
1188 2409 1288 2474 super
1314 2410 1349 2454 re
1365 2389 1473 2456 dedisti

384 2498 426 2564 ad
442 2499 567 2562 clerum
586 2503 619 2559 et
636 2492 798 2578 populum
825 2492 989 2556 dioecesis
1012 2494 1066 2557 cui
1082 2494 1261 2578 praesides.
1286 2493 1472 2557 Praesertim

275 2624 277 2628 ·
379 2622 459 2668 vero
474 2598 687 2685 prudentiam
714 2617 754 2661 ac
768 2597 931 2681 pietatem
947 2606 1043 2662 tuam
1065 2597 1098 2661 in
1115 2617 1157 2661 eo
1181 2597 1375 2677 dileximus,
1397 2599 1474 2682 quod

381 2705 552 2771 maximae
564 2701 625 2768 tibi
641 2721 740 2767 curae
755 2701 798 2766 sit
810 2709 848 2766 ut
863 2701 946 2764 haec
962 2700 1145 2767 celebratio
1156 2721 1196 2767 ea
1210 2701 1342 2766 ratione
1355 2703 1476 2785 rituque

381 2809 439 2875 fiat
455 2809 512 2892 qui
529 2816 669 2872 naturae
683 2805 766 2870 reia
787 2803 955 2870 Columbo
973 2815 1098 2888 gestae,
1121 2805 1193 2870 eius
1208 2805 1347 2889 ingenio
1370 2818 1405 2870 et
1418 2806 1475 2889 spi·

260 2961 357 3065 1,,
331 2963 357 3006 1,,
381 2913 459 2978 ritui
471 2931 538 2995 quo
550 2910 714 2994 agebatur
727 2909 914 2975 conveniat
930 2945 975 2958 -
992 2909 1197 2976 Certissimis
1218 2911 1310 2975 enim
1325 2919 1475 2976 testatum

209 3019 292 3066 &lm
295 3082 328 3128 ,1
383 3029 435 3086 est
444 3017 604 3083 historiae
620 3015 857 3094 monumentis,
882 3013 994 3096 ipsum
1018 3015 1097 3078 ideo
1113 3015 1254 3080 arduum
1278 3035 1364 3099 opus
1389 3015 1477 3080 fuisse

206 3021 341 3246 Ξῖιῖἦέω
314 3141 359 3188 aa·
383 3143 579 3209 aggressum
605 3127 643 3184 ut
658 3118 823 3185 dissitis’'
801 3138 843 3182 ns
864 3118 973 3202 plagis
992 3117 1168 3204 affulgeret
1183 3119 1348 3203 evangelii
1375 3119 1476 3184 lumen

383 3241 417 3294 et
427 3229 499 3312 ipse
514 3224 625 3309 aliqua
642 3245 686 3288 ex
702 3233 798 3308 parte
814 3223 966 3286 minister
982 3221 1077 3288 fieret
1089 3222 1273 3289 voluntatis
1285 3222 1409 3289 Christi
1429 3223 1477 3306 qui

383 3330 555 3416 discipulis
581 3327 649 3393 suis
665 3326 854 3410 praecepit:
876 3327 1065 3395 (Euntes'
1056 3347 1090 3392 m
1108 3328 1270 3393 mundum
1288 3329 1479 3402 universum,

382 3435 575 3522 praedicate
601 3430 811 3514 evangelium
839 3430 932 3495 omni
959 3440 1169 3501 creaturae.)
1188 3430 1302 3515 Quare
1332 3431 1478 3496 iniuriam

383 3539 507 3624 egregii
522 3534 584 3601 viri
596 3535 778 3600 memoriae
804 3541 838 3599 et
865 3533 992 3600 nomini
1008 3533 1145 3601 inferret
1160 3536 1309 3620 quisquis
1325 3536 1408 3600 nihil
1422 3535 1478 3599 nisi

382 3640 560 3725 profanum
573 3639 605 3702 in
622 3637 693 3702 eius
705 3637 847 3721 inceptis
858 3647 1211 3724 agnosceret,eumque
1222 3640 1342 3705 iisdem
1355 3648 1480 3704 ornaret

381 3743 564 3808 honoribus
579 3741 762 3825 quihaberi
774 3723 933 3807 solertiis
949 3762 1033 3826 quos
1050 3741 1141 3808 nulla
1150 3741 1263 3826 tetigit
1277 3762 1359 3808 cura
1372 3743 1479 3808 catho

382 3848 466 3912 licae
481 3843 569 3923 fidei,
584 3847 708 3929 quique
724 3845 796 3910 sola
811 3845 938 3928 ingenii
965 3856 1000 3911 et
1026 3847 1237 3913 constantiae
1253 3845 1355 3912 laude
1369 3846 1478 3912 florue-

223 4014 258 4061 ea
260 4015 321 4061 M
382 3960 536 4018 runt-
562 3948 744 4014 Enimvero
774 3968 878 4032 quum
903 3949 1010 4014 Nobis
1034 3961 1209 4037 perspecta
1238 3952 1282 4016 sit
1309 3952 1425 4035 religio
1451 3959 1482 4014 et

199 4073 258 4144 sore
260 4019 359 4120 εἷς
384 4051 506 4120 mentis
521 4051 687 4135 sagacitas
717 4071 784 4135 qua
802 4051 943 4135 Ligures
964 4054 1013 4118 tui
1030 4064 1064 4120 et
1080 4055 1182 4120 ceteri
1210 4055 1288 4120 Itali
1308 4065 1483 4138 praestant,

207 4132 277 4234 lssmff,
273 4147 359 4236 ,mis
384 4175 451 4220 non
468 4154 662 4220 dubitamus
687 4154 767 4237 quio
784 4155 911 4237 passim
928 4155 1120 4240 intelligant
1136 4157 1222 4223 tanti
1231 4157 1293 4222 viri
1310 4158 1482 4222 memoriae

207 4249 258 4350 ξξ1
242 4248 324 4293 '‘⁸⁴“
325 4249 360 4294 δ”·
384 4267 419 4322 et
433 4257 549 4319 honori
560 4255 687 4339 optime
702 4274 761 4338 per
772 4266 806 4320 te
828 4255 929 4322 luisse
944 4269 1170 4344 prospectum,
1195 4260 1350 4343 adeoque
1372 4255 1482 4324 studiis

385 4360 452 4422 suis
464 4357 552 4420 ultro
569 4355 701 4421 faveant
725 4356 902 4442 ierantque
921 4363 1093 4446 suppetias
1108 4363 1239 4447 pionrm
1256 4364 1400 4428 virorum
1415 4380 1482 4426 coe·
