3140 4866
486 359 606 414 runnx
633 360 883 416 xuxcrrtcus
1165 360 1235 435 279

1181 510 1235 563 Pau.

190 593 402 664 perfectionem,
422 592 526 665 quippe
548 609 600 663 per
624 609 720 648 veram
744 593 919 664 religionem,
938 595 1077 666 attingere
1100 611 1165 667 pos-

190 673 226 727 sit
255 687 342 741 19·-
361 673 453 743 Leges
481 671 563 742 proin
577 671 675 729 civiles
707 672 838 728 ordinem
863 673 999 730 moralem
1024 675 1164 746 respicere

190 752 294 808 debent
310 767 349 820 ro
362 781 396 792 -
409 751 497 808 Unde
510 751 642 808 Ecclesia
657 751 760 824 nequit
769 752 940 825 patrocinari
950 753 1041 809 malos
1054 754 1165 826 legisla-

189 841 273 900 tores,
286 832 337 886 sed
350 831 445 886 fovere
457 848 508 887 eos
521 831 607 888 debet
620 848 694 905 quos
725 831 836 903 aequius
859 831 934 888 civili
948 841 1089 904 potestate
1102 851 1165 890 usu-

193 928 240 967 ros
252 910 391 984 praeridet
404 925 492 980 19-20.

225 991 269 1046 Ita
287 1004 315 1047 et
339 992 472 1046 catholici
487 1001 574 1061 agant
586 1000 703 1063 oportet
718 1005 764 1046 2ο.
777 1021 812 1032 -
832 991 995 1048 Consensus
1005 993 1165 1049 animorum

187 1069 365 1125 necessarius
387 1069 425 1126 ad
441 1069 581 1126 fallendas
607 1069 732 1126 iusidias
756 1069 881 1127 hostium
907 1069 1062 1138 Ecclesiae;
1087 1073 1164 1143 quod

187 1149 370 1220 experientia,
383 1166 418 1204 ex
442 1149 556 1204 defectu
576 1149 743 1206 concordiae
770 1159 856 1221 atque
882 1149 994 1204 virtutis
1012 1151 1161 1218 bonorum,

187 1230 327 1283 malorum
339 1227 461 1284 audacia
472 1245 603 1284 crescens
618 1228 715 1284 docuit
729 1244 809 1284 20.-
821 1231 878 1284 Res
890 1229 1047 1286 catholicas
1059 1229 1161 1286 recturi

188 1305 297 1376 fugiant
321 1308 406 1364 simul
423 1307 526 1363 falsam
538 1307 722 1376 prudentiam
735 1325 769 1364 ac
779 1307 970 1364 temeritatem
983 1323 1028 1364 20.
1039 1337 1073 1348 -
1096 1309 1163 1362 Pru-

188 1385 287 1441 dentia
309 1387 404 1444 carnis
428 1387 598 1443 describitur
621 1401 663 1444 ao
688 1417 725 1428 -
750 1389 845 1458 Quam
871 1385 973 1443 nociva
998 1388 1034 1444 sit
1070 1405 1165 1446 causae

188 1464 351 1522 christianae
387 1467 652 1522 ostenditur21.-
672 1467 740 1522 Non
753 1483 835 1522 secus
848 1481 883 1522 ac
895 1465 968 1522 falso
998 1461 1161 1538 prudentes,

187 1542 355 1614 increpandi
374 1555 448 1613 sunt,
473 1544 522 1616 qui
547 1555 645 1616 partes
665 1544 867 1616 magistrorum
892 1545 945 1600 sibi
970 1547 1120 1602 temerarie
1135 1557 1164 1603 et

189 1625 366 1679 contentiose
379 1633 527 1680 assumunt
536 1639 578 1679 21.
590 1624 751 1695 -Optime
763 1633 840 1680 certe
852 1623 900 1694 qui
914 1634 1028 1680 strenue
1037 1624 1163 1696 quidem,

189 1703 241 1757 sed
250 1714 279 1758 ut
289 1703 394 1760 milites
405 1705 524 1760 ducibus
537 1714 680 1775 parentes,
690 1703 719 1759 in
728 1715 873 1760 certarnen
884 1703 1061 1760 descendunt
1071 1718 1161 1760 21-22.

189 1781 413 1838 Commendatur
434 1784 496 1839 haec
530 1783 618 1839 virtus
647 1783 823 1851 iudeficiens,
847 1782 1006 1854 prudentiae
1048 1783 1164 1854 spiritus

186 1861 341 1931 conjuncta
353 1876 395 1931 23.
407 1893 442 1904 -
455 1863 574 1918 Politica
597 1863 749 1934 prudentia
760 1865 868 1919 bonum
880 1879 1032 1919 commune
1053 1864 1163 1934 prospi-

188 1940 277 2007 ciens,
289 1941 317 1994 in
332 1941 464 1996 Ecclesia
483 1941 622 2012 imprimis
649 1943 812 1997 Romanum
835 1941 1003 1998 Pontificem
1037 1941 1162 2012 respicit,

189 2017 257 2073 dein
271 2019 432 2090 Episcopos
444 2040 452 2086 ς
465 2018 514 2090 qui
527 2020 597 2075 ordo
610 2021 648 2075 ab
659 2021 792 2075 omnibus
806 2029 933 2074 servetur
944 2029 1056 2090 oportet
1070 2035 1160 2090 aaut

188 2121 224 2134 -
235 2095 385 2151 Antistites
396 2095 524 2166 judicare
534 2112 592 2151 non
606 2095 779 2166 privatorum
792 2104 836 2149 est
849 2096 900 2150 sed
920 2097 1045 2167 supremi
1060 2099 1160 2153 Pasto-

189 2174 228 2230 ris
241 2189 283 2243 23.
291 2176 439 2230 -Citatur
446 2175 602 2244 Gregorius
613 2190 734 2244 maguus
748 2187 828 2242 23.-
840 2173 992 2229 Summum
1002 2175 1160 2231 remedium

189 2269 254 2310 esse
267 2254 295 2309 in
308 2254 401 2310 reditu
413 2254 450 2310 ad
464 2252 581 2310 virtutes
594 2253 775 2322 christianas,
788 2254 919 2324 exemplo
939 2252 1036 2323 populi
1048 2255 1162 2324 Judaici

190 2343 288 2406 aperte
298 2343 410 2390 constat
424 2349 440 2388 2
443 2349 467 2404 3.

226 2414 259 2467 Iu
272 2429 389 2483 poenam
422 2413 657 2484 degenerantium
683 2411 909 2469 Christianorum
934 2411 1060 2468 maxima
1084 2412 1161 2467 mala

188 2492 350 2548 civitatibus
363 2493 513 2548 imminent
524 2506 653 2561 23·24-
664 2491 736 2562 Quae
749 2491 833 2559 mala,
846 2507 914 2546 cura
923 2489 1071 2546 hominum
1082 2491 1161 2546 haud

187 2571 375 2639 deflectenda,
388 2590 406 2628 a
419 2573 481 2628 solo
493 2569 672 2627 misericordi
690 2571 752 2625 Deo
766 2569 908 2627 humiliter
926 2579 1042 2626 exorato
1054 2569 1159 2643 depelli

187 2661 329 2722 poterunt,
350 2665 378 2708 et
397 2669 416 2708 a
429 2651 579 2707 virtutibus
588 2650 754 2706 christianis
768 2649 902 2706 redivivis
916 2664 958 2718 24
968 2679 1000 2690 -
1015 2649 1159 2722 Imprimis

186 2731 358 2787 instauretur
382 2731 505 2787 caritas:
526 2729 630 2788 caritas
655 2745 760 2801 nempe
774 2730 829 2784 Dei
843 2729 996 2801 conjuncta
1008 2747 1074 2786 cum
1086 2729 1157 2788 cari·

186 2822 246 2866 tate
271 2811 464 2882 proximorum
478 2825 519 2879 24
538 2841 573 2852 -
594 2809 822 2866 commendatur
852 2809 1020 2866 mandatum
1050 2825 1158 2864 novum

184 2891 313 2944 caritatis
335 2891 475 2955 fraternae,
489 2907 506 2944 a
522 2889 620 2960 primis
647 2888 810 2944 christianis
833 2889 905 2944 mire
917 2899 1047 2958 servatae,
1072 2889 1159 2946 hodie

186 2977 299 3016 summe
309 2961 478 3017 necessariae
492 2974 576 3030 2ς.-
590 2961 745 3016 Morientur
754 2958 983 3032 patresfamilias,
993 2973 1023 3015 ut
1036 2960 1158 3016 educan-

185 3041 289 3096 dorum
309 3040 464 3096 christiane
476 3040 629 3097 liberorum
644 3040 745 3095 sedulo
759 3056 876 3109 operam
898 3039 1054 3110 suscipiant
1067 3053 1110 3108 25.
1123 3069 1159 3078 -

186 3119 290 3190 Qualis
302 3135 367 3177 esse
379 3121 483 3176 debeat
497 3119 551 3174 ista
561 3119 702 3174 institutio
716 3134 731 3173 2
736 3120 846 3187 5·26.-
857 3119 1101 3174 Commendantur
1113 3134 1158 3172 ca·

187 3199 286 3253 tholici
300 3200 348 3270 qui
361 3200 475 3254 scholas
487 3197 603 3269 proprio
613 3207 728 3269 sumptu
739 3214 875 3268 paravere
889 3200 930 3252 26.
944 3229 980 3238 -
993 3197 1160 3254 stimulatur

186 3280 263 3334 zelus
277 3279 446 3334 Antistitum
459 3278 501 3334 26.
516 3308 550 3318 -
561 3278 729 3348 Apostolica
737 3277 900 3333 benedictio
913 3276 1072 3347 impertitur
1081 3290 1123 3342 27.

110 3411 142 3464 3.
160 3413 369 3464 LITTERAE
399 3413 685 3472 APOSTOLICAE,
725 3413 767 3464 de
792 3412 875 3464 festo
900 3413 929 3462 S.
968 3411 1098 3473 Iosepht
1123 3412 1158 3461 ln

186 3501 354 3564 Hlspanta
371 3503 627 3564 ragtontbusque
651 3503 680 3552 el
709 3503 866 3552 subteotls
899 3500 1109 3552 restituendo.
1124 3523 1159 3534 -

186 3588 513 3641 28danuar.1890...

226 3699 304 3753 Inter
315 3699 422 3754 fructus
432 3699 564 3755 erecenti
577 3697 737 3768 Encyclica
749 3707 899 3770 perceptos
913 3695 1043 3752 Pontifex
1056 3697 1159 3752 salutat

186 3776 339 3847 Hispaniae
369 3779 519 3834 catholicae
541 3777 749 3848 postulationes
762 3776 799 3831 de
832 3775 1021 3831 instaurando
1046 3775 1158 3848 publice

187 3854 261 3910 festo
281 3855 310 3911 S.
325 3857 441 3926 losephi
455 3858 496 3912 28.
507 3885 542 3896 -
555 3856 643 3911 Tituli
664 3856 702 3911 ad
715 3857 791 3911 hunc
803 3855 910 3910 cultum
923 3855 1159 3910 commendantur

186 3934 392 4004 specialissime
417 3953 469 4004 pro
484 3936 638 4006 Hispania,
665 3936 693 3990 S.
707 3935 841 4001 Teresiae,
866 3933 979 3988 eximiae
999 3934 1027 3990 S.
1041 3933 1157 4002 Josephi

187 4013 321 4084 cultricis,
345 4017 437 4086 patria
462 4015 507 4070 28.
522 4043 557 4056 -·
580 4016 670 4070 Ratas
700 4015 810 4070 habens
835 4012 922 4067 hasce
952 4011 1159 4081 postulationes

191 4091 320 4148 Pontifex
333 4096 425 4150 sancit
439 4094 542 4150 festum
558 4109 590 4163 19
602 4093 697 4148 martii
711 4110 761 4163 per
776 4102 866 4147 totam
879 4091 1050 4163 Hispaniam
1059 4091 1158 4146 diebus

191 4168 271 4227 festis
284 4175 496 4230 accensendum
514 4189 557 4242 29.

160 4301 191 4354 4.
208 4305 417 4358 EPISTOLA
431 4308 473 4358 ad
486 4305 698 4358 Cardtnalem
713 4305 899 4368 Rampolta,
916 4303 957 4354 de
970 4306 1076 4354 morta
1088 4301 1158 4353 fra-

127 4397 944 4465 trts1oseprncarornaus.-rsreoruau1890...
1195 4410 1228 4464 30
