3140 4866
138 391 140 396 ’
241 381 291 432 DE
310 380 550 431 HIERARCHIA
568 381 611 431 ΙΝ
630 380 777 432 ΜΕΧΙΕΟ
793 379 1033 432 ORDINANDA.
1120 385 1188 458 243

130 555 209 620 Non
226 555 440 620 obstantibus
458 555 582 620 Nostra
598 567 631 620 et
646 554 864 622 cancellariae
894 556 1115 640 Apostolicae
1141 577 1191 624 re-

86 657 165 742 gula
184 659 261 728 (de
276 657 346 721 iure
357 658 510 740 quaesito
527 679 593 723 non
611 659 760 724 tollendo
772 673 790 728 >
804 680 843 724 ac
854 661 1089 725 Lateranensis
1102 661 1191 728 Con-

86 759 152 823 cilii
168 759 349 824 novissime
369 759 527 824 celebrati
550 760 864 825 dismembrationes
881 771 1058 845 perpetuas
1075 764 1140 827 nisi
1157 765 1188 827 in

86 863 219 928 casibus
230 883 251 926 a
266 863 337 927 iure
352 863 522 946 permissis
538 862 608 928 fieri
631 863 848 947 prohibentis,
868 865 1009 947 aliisque
1025 865 1128 930 etiam
1156 867 1190 930 in

85 967 313 1050 synodalibus,
339 966 607 1050 provincialibus,
634 968 854 1050 generalibus,
881 969 1191 1052 universalibusque

84 1070 245 1138 Conciliis
260 1070 359 1136 editis
370 1071 422 1136 vel
443 1072 591 1148 edendis,
606 1071 807 1154 specialibus
822 1072 874 1135 vel
886 1072 1097 1156 generalibus
1112 1093 1192 1136 con-

85 1174 316 1238 stitutionibus
332 1181 367 1238 et
381 1175 649 1239 ordinationibus
665 1174 884 1258 Apostolicis,
907 1175 1090 1258 privilegiis
1108 1196 1191 1259 quo·

85 1299 160 1362 que,
186 1279 324 1343 indultis
354 1300 393 1344 ac
417 1279 536 1343 litteris
553 1279 761 1363 Apostolicis
777 1280 949 1362 quibusvis
965 1280 1191 1363 superioribus

9 1373 10 1376 ¹
85 1393 120 1448 et
134 1385 287 1468 personis
303 1385 337 1447 in
358 1403 490 1466 genere,
506 1384 557 1447 vel
574 1385 606 1447 in
624 1383 744 1468 specie,
760 1393 819 1450 aut
834 1384 916 1448 alias
938 1384 970 1448 in
987 1387 1190 1450 contrarium

85 1489 344 1572 praemissorum
376 1488 630 1571 quomodolibet
655 1489 766 1553 forsan
792 1490 968 1566 concessis,
987 1491 1192 1574 approbatis,

84 1593 292 1659 confirmatis
308 1603 341 1657 et
356 1592 534 1669 innovatis,
549 1593 671 1676 quibus
687 1593 843 1657 omnibus
859 1601 893 1656 et
909 1593 1191 1676 singulis‚etiamsi

83 1696 126 1758 de
143 1693 209 1758 illis
225 1713 407 1777 eorumque
422 1694 593 1758 tenoribus
617 1693 780 1777 specialis,
795 1691 959 1776 specifica,
975 1714 1135 1780 expressa
1158 1709 1192 1764 et

84 1797 269 1875 individua,
281 1816 347 1861 non
369 1808 482 1861 autem
500 1818 558 1880 per
574 1797 740 1861 clausulas
757 1797 929 1880 generales
956 1798 1045 1862 idem
1068 1798 1191 1882 impor-

83 1911 197 1968 tantes
214 1901 409 1977 menti0,aut
421 1901 557 1982 quaevis
572 1899 638 1964 alia
654 1902 829 1984 expressio
839 1900 1063 1978 habenda,aut
1079 1903 1192 1988 aliqua

83 2006 151 2069 alia
172 2004 341 2087 exquisita
357 2001 463 2066 forma
480 2003 522 2066 ad
539 2003 603 2066 hoc
620 2003 782 2067 servanda
800 2003 894 2080 soret,
921 2013 1055 2068 tenores
1078 2007 1191 2071 huius·

84 2108 179 2173 modi
195 2107 273 2169 acsi
289 2107 331 2169 de
348 2104 449 2169 verbo
461 2106 504 2167 ad
517 2105 655 2168 verbum
673 2105 719 2168 nil
732 2106 888 2189 poenitus
900 2106 1027 2170 omisso
1038 2116 1072 2170 et
1083 2106 1192 2172 forma

81 2215 115 2277 in
133 2212 200 2277 illis
215 2210 339 2274 tradita
349 2207 527 2272 observata
543 2209 656 2272 inserti
673 2208 791 2280 forent.
807 2208 933 2272 eisdem
959 2212 1191 2291 praesentibus

80 2337 146 2402 pro
162 2314 261 2398 plene
277 2322 311 2377 et
326 2312 526 2376 sufficienter
542 2313 710 2396 expressis
727 2312 972 2388 habentes,illis
985 2313 1069 2376 alias
1085 2314 1117 2376 in
1130 2335 1191 2379 suo

82 2422 204 2486 robore
219 2417 452 2500 permansuris,
468 2415 630 2480 latissime
643 2425 676 2478 et
692 2415 884 2498 plenissime
899 2436 938 2478 ac
954 2415 1146 2498 specialiter
1158 2427 1191 2480 et

81 2540 245 2605 expresse
260 2521 303 2583 ad
320 2517 476 2584 effectum
493 2519 729 2602 praesentium,
744 2527 778 2582 et
793 2516 977 2582 validitatis
990 2517 1141 2582 omnium
1158 2528 1192 2582 et

80 2625 292 2710 singulorum
322 2625 593 2708 praemissorum,
622 2644 683 2705 pro
706 2622 769 2686 hac
792 2622 864 2686 vice
879 2623 1072 2700 dumtaxat,
1088 2632 1193 2698 motu,

81 2729 225 2798 scientia
255 2739 288 2792 et
312 2727 490 2811 potestatis
516 2719 726 2811 plenitudine
742 2727 877 2810 paribus
907 2727 1026 2791 harum
1058 2747 1193 2811 quoque

81 2832 169 2898 serie
185 2831 395 2912 derogamus,
409 2829 595 2911 ceterisque
610 2827 783 2892 contrariis
798 2827 1076 2912 quibuscumque.

125 2933 296 3000 Volumus
308 2941 421 2997 autem
431 2932 523 3016 quod
536 2933 761 3016 praesentium
774 2931 958 2996 litterarum
972 2933 1193 3015 transumptis

81 3043 188 3108 etiam
205 3038 385 3120 impressis,
411 3057 512 3101 manu
526 3047 639 3102 tamen
655 3035 793 3100 alicuius
812 3034 942 3100 Notarii
967 3037 1091 3120 publici
1116 3037 1193 3101 sub·

82 3143 218 3229 scriptis
234 3152 269 3206 et
284 3141 394 3224 sigillo
410 3142 548 3206 alicuius
564 3159 726 3224 personae
742 3139 775 3202 in
793 3138 1017 3204 ecclesiastica
1028 3141 1194 3223 dignitate

86 3247 295 3314 constitutae
311 3243 448 3308 munitis
464 3246 581 3308 eadem
599 3260 733 3325 prorsus
748 3239 831 3307 fides
847 3243 1046 3307 adhibeatur
1061 3245 1095 3306 in
1108 3242 1193 3306 iudi·

82 3353 136 3416 cio
153 3359 189 3416 et
205 3358 304 3413 extra
320 3347 412 3426 illud,
426 3367 513 3431 quae
533 3347 659 3411 eisdem
677 3346 907 3432 praesentibus
930 3345 1144 3409 adhiberetur
1166 3347 1193 3409 si

84 3452 298 3540 originaliter
309 3452 418 3516 forent
433 3450 606 3515 exhibitae
621 3448 673 3514 vel
689 3458 854 3514 ostensae.

128 3556 226 3624 Nulli
255 3576 335 3641 ergo
363 3556 501 3620 omnino
527 3555 702 3619 hominum
719 3555 818 3618 liceat
832 3553 920 3616 hanc
936 3553 1094 3635 paginam
1123 3552 1194 3616 No-

85 3674 177 3731 strae
193 3659 424 3736 absolutionis,
440 3659 573 3736 decreti,
588 3653 1195 3740 suppressionis,extinctionis,exem·

89 3757 1195 3856 ptionis,liberationis,evectionis,elationis,erectionis,instituti0-

91 3860 1197 3954 nis,dismembrationis,adiudicationis,lundationis,distractionis,

88 3974 330 4051 attributionis,
375 3971 633 4047 constitutionis,
684 3967 929 4046 declarationis,
972 3965 1197 4044 seiunctionis,

88 4078 303 4156 addictionis,
336 4073 561 4150 subiectionis,
597 4071 884 4156 incorporationis,
922 4069 1048 4148 statuti,
1085 4069 1197 4147 edicti,

89 4183 274 4272 praecepti,
290 4177 449 4257 mandati,
465 4176 699 4254 concessionis,
711 4174 956 4258 impertitionis,
970 4173 1197 4256 derogationis

89 4302 125 4358 et
140 4286 327 4356 voluntatis
342 4282 530 4366 infringere,
545 4280 597 4346 vel
614 4282 644 4346 ei
660 4301 743 4346 ausu
758 4281 936 4346 temerario
951 4279 1116 4344 contraire
1130 4299 1139 4358 ;
1169 4279 1196 4342 si

88 4396 167 4484 quis
183 4400 297 4457 autern
314 4390 378 4454 hoc
394 4395 559 4454 attentare
570 4385 839 4472 praesumpserit,
851 4384 1115 4469 indignationem
1126 4403 1198 4449 om·
