3310 4868
366 414 418 464 ns
443 413 710 465 onsnnvmvrm
737 411 924 464 sprscorus
952 409 1102 461 naarrn.
1213 387 1279 478 185

173 591 288 666 modo,
303 590 362 653 sed
379 609 468 664 oves,
484 597 652 672 quotquot
666 587 790 672 ubique
805 595 894 662 sunt,
909 586 952 650 ad
968 584 1175 668 pascendum
1191 601 1282 646 com·
1366 617 1381 650 r

172 693 311 759 miserit
328 693 379 758 Ut
399 711 578 770 summum,
602 693 635 756 in
652 691 746 775 gravi
762 689 876 773 aliqua
890 687 1117 772 conquerendi
1134 685 1283 762 materia,
1310 661 1462 751 »affluis

171 815 371 861 concessum
387 805 439 860 est
454 815 523 860 rem
539 803 648 860 totam
664 795 707 860 ad
726 792 924 858 Pontificem
941 810 1116 858 romanum
1133 788 1261 854 deferre
1275 809 1282 867 ;
1307 788 1450 910 miii*

172 901 207 964 id
241 909 355 965 tamen
389 913 487 964 caute
519 901 767 984 moderateque,
805 897 1093 982 quemadmodum
1132 893 1280 958 studium
1416 881 1422 902 '

171 1006 295 1070 suadet
319 1005 509 1070 communis
532 1005 623 1082 boni,
649 1023 717 1069 nun
745 1002 952 1068 clamitando
980 1009 1038 1068 aut
1062 998 1283 1082 obiurgand0,
1308 1018 1349 1064 ur
1380 971 1460 1088 2¹02!

173 1111 298 1192 quibus
314 1107 424 1172 modis
450 1108 591 1174 dissidia
606 1110 715 1172 verius
731 1106 1001 1189 offensionesque
1016 1107 1210 1190 gignuntur,
1224 1111 1283 1168 aut
1310 1082 1369 1182 ἵζ’
1387 1079 1463 1197 ffissf

172 1224 265 1279 certe
274 1223 448 1297 augentur.
1309 1210 1342 1243 '²

221 1319 274 1383 lta
307 1338 416 1383 rerum
451 1318 573 1401 capita,
607 1337 694 1400 quae
724 1317 901 1401 potissima
931 1327 1021 1394 sunt,
1049 1333 1110 1379 nec
1141 1311 1283 1378 convelli

175 1433 314 1506 queunt,
336 1422 417 1505 quin
444 1422 617 1487 Ecclesiae
641 1424 790 1506 regimen
816 1423 849 1486 in
877 1440 1034 1504 magnam
1052 1417 1283 1483 confusionem
1336 1431 1412 1478 Ponti
1422 1446 1459 1485 a.

173 1526 531 1610 perturbationemque
555 1526 784 1609 compellatur,
805 1547 873 1592 non
898 1526 1002 1590 semel
1034 1523 1106 1588 Nos
1136 1541 1283 1586 comme·
1308 1491 1389 1597 ἔξω
1400 1507 1460 1596 ⁶0,ss

175 1652 308 1698 morare
332 1631 511 1696 habuimus
527 1641 561 1694 et
587 1631 763 1696 inculcare.
781 1630 871 1696 Satis
888 1629 1071 1712 loquuntur
1091 1638 1125 1692 et
1141 1625 1283 1711 epistola
1309 1625 1461 1716 ,mssgss

174 1737 220 1801 ad
236 1737 386 1819 legatum
408 1735 572 1799 Nostrum
589 1736 622 1798 in
640 1734 750 1801 Gallia
766 1756 786 1799 a
805 1745 839 1799 te
862 1736 982 1799 iterum
999 1733 1177 1798 commode
1192 1731 1283 1796 evul·
1308 1730 1357 1834 22
1367 1729 1461 1833 ἐκ

174 1849 267 1924 gata,
281 1850 315 1904 et
325 1839 410 1903 aliae
426 1839 568 1904 subinde
594 1842 637 1905 ad
665 1840 967 1923 Archiepiscopum
994 1837 1223 1914 Parisiensem,
1239 1836 1282 1899 ad
1326 1848 1439 1893 amra-

178 1945 368 2029 Episcopos
384 1943 501 2027 Belgii,
521 1943 565 2008 ad
582 1943 762 2008 nonnullos
778 1965 823 2007 ex
841 1944 950 2022 Italia,
965 1944 1132 2026 binaeque
1152 1942 1283 2006 litterae
1309 1911 1358 1954 ω’·

175 2048 379 2131 Encyclicae
395 2049 437 2112 ad
452 2048 640 2130 Episcopos
650 2058 722 2113 tum
734 2049 873 2125 Galliae,
883 2059 954 2114 tum
974 2047 1170 2130 Hispaniae.
1183 2045 1283 2108 Nunc

172 2173 215 2216 ea
236 2153 310 2234 ipsa
325 2152 529 2215 documenta
546 2172 658 2216 rursus
681 2172 994 2229 commemoramus,
1011 2171 1122 2214 rursus
1138 2149 1283 2213 inculca-

174 2275 262 2330 mus,
273 2276 333 2337 spe
349 2273 473 2338 magna
488 2254 573 2334 freti,
584 2255 655 2320 iore
667 2258 805 2339 quidem
821 2277 866 2320 ex
876 2257 1107 2321 admonitione
1123 2264 1156 2318 et
1169 2264 1283 2328 aucto·

175 2361 274 2424 ritate
299 2359 425 2424 Nostra
452 2369 489 2432 ut
512 2361 702 2424 animorum
724 2370 835 2425 motus
859 2362 948 2442 apud
976 2380 1035 2425 vos
1057 2380 1116 2442 per
1131 2359 1193 2422 hos
1211 2358 1284 2421 dies

175 2465 317 2527 excitati
342 2464 520 2542 resideant,
535 2462 775 2529 confirmentur
799 2483 917 2528 omnes
944 2475 978 2529 et
995 2465 1233 2548 conquiescant
1249 2460 1283 2523 in

175 2566 252 2644 fide,
268 2567 301 2630 in
324 2566 497 2652 obsequio,
512 2569 545 2630 in
565 2569 654 2632 iusta
674 2568 855 2651 debitaque
867 2588 982 2632 eorum
1006 2565 1215 2642 verecundia,
1226 2564 1283 2646 qui

173 2680 254 2733 sunt
279 2689 393 2734 sacrae
411 2673 590 2754 potestatis
616 2673 649 2736 in
674 2672 826 2736 Ecclesia
851 2682 1033 2755 compotes.
1052 2709 1096 2720 —
1112 2672 1147 2734 A
1163 2668 1284 2753 quibus

173 2773 327 2856 proiecto
343 2773 460 2838 officiis
486 2795 553 2838 non
579 2776 601 2840 ii
618 2776 727 2840 solum
752 2775 897 2859 putandi
923 2787 1002 2840 sunt
1028 2775 1206 2853 declinare,
1226 2771 1284 2857 qui
1322 2786 1461 2834 Obedienria

174 2889 343 2942 rectorum
360 2880 595 2946 auctoritatem
621 2891 736 2963 aperta
759 2879 868 2946 fronte
895 2881 1082 2964 repudient,
1102 2882 1161 2945 sed
1178 2880 1200 2944 ii
1216 2899 1283 2942 non
1309 2861 1368 2954 ζῖἷα
1408 2859 1462 2905 ⁹¹¹⁶

175 2984 296 3060 minus,
311 2983 369 3066 qui
389 2985 608 3049 adversentur
622 2994 656 3049 et
681 2993 870 3068 repugnent
890 2984 1010 3050 callide
1034 2985 1286 3068 tergiversando

177 3099 213 3153 et
237 3088 382 3171 obliquis
406 3088 692 3173 dissimulatisque
716 3089 872 3154 consiliis.
899 3087 1124 3155 Obedientiae
1148 3109 1225 3152 vera
1252 3097 1286 3151 et

177 3210 246 3254 non
275 3191 387 3255 lunata
411 3192 516 3256 virtus
541 3213 608 3257 non
633 3203 683 3257 est
710 3203 870 3258 contenta
885 3195 1005 3272 verbiS,
1026 3197 1084 3260 sed
1111 3194 1144 3256 in
1172 3194 1286 3258 animo

174 3294 390 3377 potissimum
407 3305 441 3358 et
456 3295 631 3361 voluntate
651 3298 813 3363 consistit.
829 3335 871 3347 —
895 3296 1065 3381 Quoniam
1086 3318 1166 3361 vero
1187 3296 1286 3380 culpa

175 3398 289 3480 agitur
318 3409 407 3462 certe
445 3400 620 3464 cuiusdam
654 3401 888 3484 ephemeridis,
924 3401 1032 3467 facere
1071 3419 1284 3484 nequaquam

175 3521 356 3585 possumus
372 3504 452 3585 quin
479 3504 671 3568 auctoribus
698 3505 951 3589 ephemeridum
968 3505 1141 3571 catholicis
1165 3505 1284 3568 iterum

174 3608 431 3690 praecipiamus,
453 3619 489 3672 ut
504 3611 709 3674 documenta
730 3622 762 3674 et
790 3611 1003 3694 praescripta,
1019 3631 1161 3694 quorum
1185 3625 1286 3690 supra
1329 3679 1334 3688 Ι
1367 3618 1462 3664 Gravia

174 3719 227 3772 est
244 3709 333 3773 facta
350 3711 487 3790 mentio,
504 3713 552 3777 uti
580 3712 670 3796 leges
695 3723 830 3778 sanctas
854 3725 1039 3791 vereantur,
1055 3727 1164 3796 neque
1180 3712 1224 3774 ab
1238 3710 1286 3774 eis
1311 3683 1463 3784 ,mm

175 3811 248 3876 ullo
263 3825 365 3896 pacto
380 3815 563 3880 discedant.
582 3817 690 3881 Iidem
707 3827 880 3900 praetcrea
891 3817 999 3881 hocin
1015 3817 1136 3880 animis
1152 3832 1284 3897 persua·
1334 3797 1438 3842 “W‘'

1352 3857 1453 3903 hemeri-

176 3935 254 3980 sum
270 3917 418 3983 habeant
433 3929 467 3982 et
482 3917 644 3997 defixum,
659 3941 695 3986 se
712 3922 878 3999 nimirum,
900 3924 926 3985 si
950 3942 1090 4004 usquam
1107 3917 1287 4003 praeterire
1311 3863 1369 4021 222²:
1385 3917 1463 3962 ‘alho-

177 4019 262 4084 illud
277 4021 486 4104 propositum
503 4032 538 4087 ct
553 4024 678 4088 iudicio
693 4045 755 4088 suo
770 4025 944 4108 indulgere
960 4045 1027 4089 non
1043 4024 1207 4098 dubitent,
1216 4021 1286 4084 sive
1369 4011 1375 4022 ’

179 4123 444 4204 praeiudicando
471 4129 561 4208 quod
583 4127 784 4209 Apostolica
812 4127 917 4193 Sedes
942 4127 1092 4191 nondum
1112 4123 1287 4202 censuerit,

178 4227 250 4290 sive
288 4230 521 4294 auctoritatem
558 4231 803 4314 Episcoporum
843 4232 1017 4309 laedendo,
1047 4230 1176 4312 sibique
1210 4249 1285 4291 eam

178 4329 371 4412 arrogando
386 4353 488 4415 quam
505 4333 628 4398 habere
651 4355 718 4399 non
736 4345 886 4416 possunt,
902 4334 1023 4399 frustra
1047 4335 1186 4399 omnino
1208 4352 1285 4396 con-

179 4432 292 4514 fidere,
316 4455 513 4518 germanam
534 4439 690 4503 catholici
718 4438 865 4503 nominis
891 4437 1025 4503 laudem
1052 4438 1202 4516 retinere,
1228 4448 1287 4505 aut
