3230 4874
291 1297 304 1342 7
392 1286 403 1307 ³
437 1299 453 1315 ¹·
476 1300 489 1315 ²
515 1300 532 1317 ·=
556 1279 948 1346 ·³‘UEMADMODUM
969 1280 1121 1345 omnium
1137 1301 1246 1346 reruni
1262 1281 1495 1358 humanarum,

277 1373 280 1380 ¹
355 1373 360 1386 ’
399 1370 408 1401 ³
556 1366 565 1473 [j
602 1383 818 1468 quantumvis
838 1383 1000 1448 honestae
1015 1393 1218 1468 sanctaeque
1240 1385 1274 1449 in
1298 1405 1335 1450 se
1351 1386 1429 1460 sint,
1452 1385 1495 1449 ita

555 1516 564 1547 ι
602 1497 636 1552 et
652 1486 765 1570 legum
781 1487 950 1570 sapienter
970 1486 1182 1552 conditarum
1208 1507 1249 1552 ea
1271 1488 1495 1564 conditioest,

230 1579 313 1670 Π
333 1623 347 1662 ·,
393 1616 404 1635 ··
441 1608 497 1625 ⁴*
515 1608 535 1625 ¹*
562 1616 571 1635 ··
589 1595 640 1655 'ut
674 1590 719 1654 ab
747 1590 942 1655 hominibus
972 1589 1015 1654 ad
1043 1591 1227 1674 impropria
1253 1600 1288 1657 et
1314 1591 1427 1656 aliena
1452 1612 1494 1656 ex

389 1693 494 1758 abusu
512 1691 641 1758 traduci
658 1709 697 1754 ac
713 1689 859 1773 pertrahi
876 1689 1010 1754 valeant
1024 1709 1032 1770 ;
1048 1709 1088 1754 ac
1103 1693 1494 1775 proptereaquandoque

390 1796 436 1876 fit,
473 1805 511 1861 ut
547 1795 715 1860 intentum
753 1813 773 1858 a
812 1792 1057 1878 legislatoribus
1096 1793 1195 1858 linem
1227 1793 1318 1860 haud
1350 1795 1493 1879 amplius

389 1906 634 1984 assequantur;
660 1897 729 1962 inio
754 1905 789 1961 et
812 1896 1004 1982 aliquando,
1030 1906 1068 1962 ut
1093 1899 1297 1963 contrarium
1314 1898 1496 1964 sortiantur

390 2007 558 2074 effectum.

238 2137 366 2208 Tansfuq-
437 2113 544 2197 quue
567 2109 750 2176 dolendum
777 2112 829 2176 vel
856 2111 1006 2178 maxime
1020 2123 1071 2178 est
1088 2111 1249 2198 obtigisse
1270 2113 1383 2196 quoad
1409 2115 1496 2198 leges

215 2197 366 2302 '2332ssss
392 2218 536 2302 plurium
553 2215 861 2300 congregationum,
878 2215 1077 2281 societatum
1094 2225 1153 2280 aut
1180 2216 1413 2282 institutorum
1428 2219 1493 2282 slve

214 2271 367 2420 benemar
395 2324 580 2402 mulierum,
596 2341 682 2406 quae
698 2331 776 2386 vota
789 2321 954 2404 simplicia
966 2331 1024 2387 aut
1034 2321 1198 2388 solemnia
1210 2333 1417 2406 nuncuparit,
1429 2325 1493 2388 sive

214 2375 360 2503 Qumis
393 2428 539 2493 virorum
556 2425 763 2510 professione
778 2446 817 2490 ac
833 2425 995 2510 regimine
1010 2425 1144 2510 penitus
1160 2425 1335 2508 laicorum;
1347 2427 1495 2510 quando·

214 2493 450 2546 carbasea.
581 2527 821 2544 ....
1060 2529 1192 2546 ...
1377 2529 1455 2544 ..

215 2565 269 2610 qua
294 2555 368 2612 pem:
394 2531 529 2615 quidem
546 2529 722 2612 aliquoties
749 2547 783 2592 in
811 2527 943 2592 illorum
960 2529 1256 2594 constitutionibus
1272 2538 1495 2594 conscientiae

216 2613 369 2716 ,mpfflm'
395 2632 622 2698 manilestatio
648 2631 811 2714 permissa
837 2631 953 2710 tuerat,
980 2641 1018 2697 ut
1044 2631 1174 2698 facilius
1199 2633 1327 2698 alumni
1355 2633 1491 2698 arduam

219 2730 358 2834 ms&
394 2735 605 2821 perfectionis
636 2735 724 2800 viani
750 2735 793 2800 ab
817 2735 966 2816 expertis
993 2735 1218 2818 superioribus
1245 2735 1279 2800 iri
1304 2735 1417 2800 dubiis
1437 2737 1492 2800 ad·

309 2823 314 2842 '
394 2839 580 2917 discerent;
605 2857 625 2904 e
649 2847 765 2903 contra
789 2859 809 2902 a
825 2836 994 2902 nonnullis
1009 2858 1054 2902 ex
1070 2839 1123 2903 his
1138 2839 1257 2904 intima
1272 2841 1494 2906 conscientiae

394 2942 562 3022 scrutatio,
592 2933 678 3026 quae
705 2943 802 3006 unice
829 2948 1041 3006 sacramento
1070 2941 1300 3025 poenitentiae
1329 2954 1493 3008 reservata

393 3057 453 3125 est,
478 3047 615 3112 inducta
641 3045 711 3111 fuit.
740 3046 863 3112 Itidem
888 3046 922 3111 iii
947 3046 1243 3112 constitutionibus
1267 3049 1311 3113 ad
1327 3049 1492 3114 tramitem

243 3191 370 3253 „mm
394 3173 436 3219 ss.
451 3169 619 3217 canonum
642 3151 883 3233 praescriptum
911 3148 982 3229 fuit,
1009 3160 1047 3216 ut
1062 3152 1314 3217 sacramentalis
1330 3151 1492 3218 confessio

217 3250 372 3358 fflffi)
394 3255 427 3320 in
445 3253 636 3320 huiusmodi
652 3251 951 3318 communitatibus
972 3251 1065 3320 fieret
1080 3255 1273 3339 respectivis
1287 3253 1494 3320 confessariis

218 3369 352 3416 extraordi-
394 3357 569 3423 ordinariis
585 3365 619 3420 et
635 3355 909 3420 extraordinariis
925 3376 933 3435 ;
948 3354 1084 3420 aliunde
1099 3358 1306 3440 superiorum
1324 3358 1493 3422 arbitrium

218 3426 309 3482 ''am''
395 3483 435 3526 eo
465 3481 569 3546 usque
599 3461 744 3535 devenit,
774 3471 812 3524 ut
842 3459 984 3526 subditis
1014 3462 1160 3547 aliquem
1191 3463 1489 3529 extraordinarium

395 3565 631 3630 confessarium
648 3564 897 3646 denegaverint,
912 3565 1013 3631 etiam
1031 3565 1065 3630 in
1081 3586 1160 3630 casir
1178 3585 1254 3651 quo,
1280 3575 1319 3631 ut
1343 3567 1492 3651 propriae
1589 3603 1590 3606 =

394 3669 617 3733 conscientiae
643 3664 863 3744 consulerent,
888 3687 930 3732 eo
954 3667 1053 3733 valde
1073 3668 1282 3752 indigebant.
1299 3669 1412 3733 indita
1438 3667 1490 3730 de·

247 3787 369 3859 ¹tricorne-
395 3775 497 3858 nique
520 3772 568 3836 eis
594 3771 657 3837 suit
680 3769 890 3836 discretionis
918 3789 957 3836 ac
983 3771 1182 3854 prudentiae
1207 3791 1335 3851 norma,
1362 3782 1400 3838 ut
1417 3789 1487 3836 suos

217 3852 369 3968 {2⁰22ssss
395 3875 547 3942 subditos
572 3874 633 3938 rite
658 3881 814 3956 recteque
843 3873 956 3956 quoad
987 3874 1172 3957 peculiares
1201 3863 1426 3958 poenitentias
1453 3891 1488 3937 ac

218 3969 311 4014 “mm-
395 3980 460 4045 alia
476 3977 609 4061 pietatis
625 3995 728 4058 opera
742 3975 945 4056 dirigerent;
970 3974 1030 4039 sed
1056 3985 1090 4040 et
1114 3975 1197 4040 haec
1225 3996 1285 4060 per
1299 3979 1487 4043 abusionem

395 4090 535 4145 extensa
562 4079 595 4142 in
623 4079 657 4142 id
688 4078 790 4142 ctiam
822 4075 945 4152 extitit,
975 4085 1013 4141 ut
1043 4077 1090 4140 eis
1117 4077 1160 4142 ad
1182 4098 1311 4146 sacram
1328 4079 1487 4166 Synaxim

394 4185 550 4249 accedere
572 4180 624 4246 vel
650 4200 711 4263 pro
735 4179 842 4243 lubitu
867 4179 1088 4263 permiserint,
1103 4181 1155 4246 vel
1171 4182 1311 4247 omnino
1326 4185 1485 4252 interdum

393 4284 631 4367 prohibuerint.
658 4281 748 4345 Hinc
765 4279 889 4346 sactum
907 4291 967 4362 est,
991 4293 1028 4348 ut
1043 4283 1235 4350 huiusmodi
1250 4286 1486 4372 dispositioncs.
1588 4325 1589 4344 2

393 4404 478 4468 quae
505 4385 548 4450 ad
575 4383 779 4466 spiritualem
808 4384 1018 4450 alumnorum
1042 4386 1228 4470 proiectum
1246 4392 1340 4455 etad
1358 4388 1484 4456 unitatis
