3172 4874
265 413 316 463 DE
334 411 575 465 HIERARCHIA
592 412 632 464 IN
647 412 799 484 ηΜΕΧΙΕΟ
817 411 1058 466 ORDINANDA.
1141 407 1211 481 235
1345 468 1347 478 Α

109 589 177 654 cesi
205 590 446 654 adiudicamus.
477 590 557 673 Ipsa
587 589 729 672 proinde
758 591 920 656 dioecesis
951 591 994 655 de
1019 585 1221 654 Chihuahua
1267 584 1378 692 sjffi}

109 701 300 759 memorato
315 692 484 759 constabit
503 694 670 758 territorio
690 703 724 759 et
739 693 958 778 infrascriptis
974 692 1056 757 inibi
1071 692 1221 757 existen·
1290 694 1358 754 1891·

107 797 201 863 tibus
216 797 378 881 paroeciis
393 834 438 848 -
453 796 488 865 S.
504 797 684 877 leronimo‚
699 799 732 866 S.
749 797 894 876 Andres
909 797 1105 874 Taraumar,
1120 797 1220 861 Bato·

108 901 207 988 pilas,
224 900 257 967 S.
275 900 386 986 Borja,
399 899 608 980 Chihuahua,
626 902 732 970 Casas
748 901 911 982 Grandes,
927 900 1090 978 Carichic,
1106 895 1222 966 Chini-

107 1025 181 1093 pas,
206 1004 478 1084 Cosihuiriachic,
504 1005 595 1071 Villa
625 1007 667 1072 de
692 1007 724 1072 la
747 1006 971 1090 Concepcion,
989 1005 1036 1072 S.
1064 1004 1152 1070 Cruz
1179 1003 1222 1067 de

109 1108 264 1186 Rosales,
280 1107 315 1176 S.
330 1107 418 1174 Cruz
430 1110 473 1174 de
490 1109 645 1188 Herrera,
660 1110 695 1176 S.
708 1109 850 1189 Eulalia,
867 1109 1008 1176 Colonia
1023 1109 1066 1173 de
1084 1106 1224 1174 Guada·

109 1211 201 1297 lupe,
216 1210 416 1297 Guadalupe
429 1234 454 1296 y
469 1212 585 1293 Calvo,
600 1213 823 1297 Guazapares‚
839 1212 1071 1298 Hucjuquilla,
1092 1209 1221 1294 Huejo-

109 1316 209 1394 titan,
234 1313 269 1382 S.
297 1316 417 1395 Isabel,
444 1317 558 1401 Janos,
582 1319 697 1404 Jssus
713 1318 832 1397 Maria,
853 1317 1004 1402 Julimes,
1029 1316 1165 1393 Loreto,
1188 1312 1222 1378 S.

107 1421 275 1498 Lorenzo,
291 1421 448 1496 Morelos,
464 1421 579 1502 Moris,
607 1422 783 1503 Nonoaba,
808 1421 1031 1508 Norogachic,
1053 1421 1141 1486 Paso
1163 1417 1218 1483 del

108 1523 144 1589 N
145 1535 228 1603 orte,
245 1525 394 1591 Presidio
414 1526 468 1592 del
497 1527 612 1606 Norte,
633 1527 666 1596 S.
684 1528 799 1607 Pablo,
826 1527 950 1604 Parral,
967 1525 1055 1591 Pilar
1069 1525 1113 1590 de
1130 1522 1223 1590 Con·

108 1628 202 1708 chos,
219 1629 288 1694 Rio
303 1630 431 1709 florido,
443 1629 478 1697 S.
490 1631 638 1712 Rosalia,
649 1631 783 1712 Satcvd,
795 1623 1016 1715 Sisoguichi'c,
1032 1624 1221 1704 Temechic‚

106 1733 345 1814 Temosachic,
353 1733 546 1816 Temochic,
555 1736 748 1815 Tervachic‚
760 1737 795 1804 S.
805 1737 942 1813 Tomas‚
955 1730 1223 1811 Urnachic,Val·

106 1839 192 1916 leza,
207 1837 307 1902 Valle
322 1839 365 1902 de
389 1837 422 1904 S.
439 1839 586 1918 Bartolo,
606 1850 641 1906 et
655 1840 755 1906 Valle
770 1841 813 1904 de
829 1838 862 1906 S.
880 1840 1139 1904 Buenaventura
1158 1854 1223 1899 -:
1302 1884 1304 1888 .

107 1944 143 2009 in
161 1940 298 2006 civitate
314 1942 357 2008 de
373 1941 575 2008 Chihuahua
590 1945 694 2027 ipsius
719 1943 874 2008 territorii
890 1942 1041 2026 principe
1057 1940 1171 2005 sedem
1188 1949 1223 2006 et

105 2046 305 2113 cathedram
317 2047 525 2129 episcopales
536 2047 724 2124 fundamus,
733 2047 976 2130 ecclesiamque
988 2045 1108 2111 Ssmae
1120 2043 1220 2110 Cruci

106 2153 256 2217 dicatam
275 2150 318 2214 ad
334 2149 536 2214 cathedralis
551 2150 712 2216 ecclesiae
726 2152 868 2234 gradum
885 2158 919 2215 et
934 2150 1090 2213 decorem
1119 2148 1221 2213 etiam

105 2263 273 2341 perpetuo
304 2251 484 2321 evehimus.
508 2253 543 2319 A
573 2263 761 2320 memorato
790 2253 926 2336 insuper
950 2251 1147 2336 episcopatu
1178 2251 1222 2316 de

107 2359 275 2440 Durango
290 2367 325 2422 et
349 2356 393 2420 ab
419 2355 486 2422 alio
506 2357 551 2422 de
577 2357 726 2436 Linares,
742 2357 775 2420 in
791 2354 1099 2438 archiepiscopatus
1115 2372 1222 2436 nuper

107 2460 212 2526 etiam
240 2470 277 2525 ut
302 2459 485 2543 praefertur
508 2459 635 2539 erectis,
661 2481 723 2544 pro
748 2477 835 2524 nova
859 2459 1004 2524 dioecesi
1019 2457 1063 2523 de
1087 2456 1221 2523 Saltillo

107 2555 347 2656 constituenda
361 2563 578 2629 distrahimus
593 2563 795 2629 territorium
823 2572 930 2628 status
953 2558 1059 2627 civilis
1074 2563 1117 2626 de
1133 2559 1219 2626 Coa·

104 2666 201 2734 huila
217 2668 400 2752 nuncupati
416 2667 565 2753 illudque
581 2687 658 2734 cum
673 2667 836 2762 paroeciis
852 2666 1016 2750 Santiago
1027 2677 1061 2731 et
1074 2664 1108 2733 S.
1122 2665 1219 2730 Este·

104 2773 174 2839 ban
202 2773 236 2836 in
261 2773 396 2838 civitate
426 2772 562 2856 capitali
592 2756 695 2857 vulgo
725 2771 868 2851 Saltillo,
897 2775 1059 2854 Arteaga,
1090 2771 1219 2835 Ramos

104 2878 242 2960 Arispe,
258 2874 624 2956 Candela,-Monclova,
641 2876 711 2945 San
728 2877 995 2965 Buenaventura,
1010 2875 1219 2952 Nadadores,

105 2981 236 3049 Cuatro
253 2980 428 3064 Cienegas,
440 2979 547 3046 Senta
564 2979 665 3058 Rosa,
678 2980 747 3048 San
761 2979 949 3059 Femand0‚
962 2978 1070 3058 Nava,
1083 2978 1218 3043 Piedras

104 3087 250 3168 Negras,
266 3084 334 3148 Rio
348 3083 485 3149 Grande
506 3094 540 3149 et
564 3086 736 3169 Progreso,
761 3083 804 3149 ad
822 3083 1160 3168 Archiepiscopatum
1176 3083 1219 3147 de

105 3189 259 3266 Linares,
274 3186 424 3270 aliisque,
442 3206 564 3271 nempe
579 3187 706 3253 Alamo
729 3189 772 3253 de
799 3188 926 3266 Parras,
950 3187 1159 3251 Matamoros
1174 3184 1218 3248 de

104 3291 139 3357 la
156 3289 310 3373 Lagona,
325 3297 359 3354 et
377 3288 503 3368 Patras,
518 3290 561 3354 ad
577 3288 915 3374 Archiepiscopatum
931 3291 975 3354 de
991 3289 1156 3371 Durango
1174 3287 1217 3352 ad

105 3413 266 3481 praesens
297 3393 540 3476 pertinentibus
569 3393 732 3476 paroeciis
762 3394 871 3459 eidem
903 3413 1010 3458 novae
1035 3391 1218 3475 episcopali

105 3500 179 3566 sedi
195 3499 238 3564 de
257 3494 391 3564 Saltillo
413 3497 636 3578 attribuimus,
653 3499 820 3583 simulque
843 3499 947 3582 ipsius
965 3495 1161 3562 cathedram
1183 3496 1218 3561 in

105 3604 242 3670 civitate
260 3600 394 3668 Saltillo
417 3602 653 3668 constituimus
678 3613 780 3687 atque
804 3602 978 3667 ecclesiam
996 3600 1075 3666 divo
1093 3601 1218 3666 Iacobo

105 3705 278 3793 Apostolo
294 3705 439 3770 dicatam
462 3705 496 3768 in
518 3707 712 3774 cathedram
734 3707 902 3790 erigimus.
917 3705 975 3770 Ad
992 3724 1114 3770 novam
1138 3727 1219 3772 vero

106 3811 208 3877 aliam
236 3807 460 3893 episcopalem
481 3809 597 3874 sedem
623 3810 667 3874 de
688 3809 792 3893 Tepic
817 3810 909 3894 quod
931 3809 1062 3887 attinet,
1078 3809 1216 3873 siccam

105 3913 263 3978 volumus
274 3912 507 3977 constitutam:
519 3913 592 3995 ipsa
604 3913 770 3998 siquidem
783 3913 1004 3996 amplectetur
1013 3911 1216 3977 territorium

106 4018 212 4100 ipsius
243 4017 388 4081 nominis
418 4016 507 4098 quod
538 4019 687 4101 quinque
716 4017 921 4082 districtibus
952 4027 1094 4096 constat,
1121 4018 1219 4101 eique

107 4120 243 4205 insuper
274 4122 335 4186 erit
373 4118 548 4184 addendus
578 4120 662 4185 alter
699 4121 869 4185 districtus
899 4129 1008 4185 status
1038 4121 1145 4185 civilis
1175 4123 1218 4186 de

109 4219 251 4300 Falisco,
276 4219 430 4286 Mascota
446 4231 666 4304 nuncupatus,
681 4221 740 4305 qui
761 4221 804 4284 ad
827 4220 1150 4305 archiepiscopatum
1174 4223 1217 4288 de

109 4323 350 4389 Guadaiaxara
366 4325 399 4388 in
412 4344 570 4408 praesens
582 4325 735 4409 pertinet,
745 4345 912 4408 quemque
928 4335 1105 4408 propterea
1121 4329 1216 4397 abeo

109 4426 386 4492 dismembratum
405 4436 440 4491 et
465 4427 663 4492 distractum
689 4425 897 4493 declaramus
919 4426 1032 4510 illique
1048 4429 1211 4496 infrascri-
