3250 4876
385 350 460 442 318
739 373 860 424 rnnex
887 373 1138 428 suntrrrcus.

454 595 518 636 mus
535 579 602 650 egit,
621 578 790 636 Onesimum
812 581 1019 638 commendans
1032 596 1074 650 7⁴·
1087 611 1123 624 -
1138 581 1299 638 Christiana
1315 582 1420 654 agendi
1436 529 1496 584 Μ’

453 657 527 712 ratio
540 655 664 713 ethnicae
676 655 830 728 opponitur
842 671 885 729 75.
900 689 933 700 -·
947 658 1164 732 sapientissime
1182 661 1314 718 Ecclesia
1334 662 1421 718 servi·

453 736 523 792 tutis
542 746 651 806 pestem
660 737 798 808 paulatim
808 738 922 794 sustulit
935 753 978 810 75.
989 769 1023 780 —
1031 740 1164 798 Rebelles
1175 757 1272 796 servos
1286 741 1421 806 darnnme

453 815 492 871 ad
504 813 672 886 patientiam
680 816 818 886 hortatur,
828 815 931 874 intuitu
941 817 1087 888 dignitatis
1099 819 1263 876 christiana
1269 831 1299 876 et
1312 818 1420 891 patien-

453 896 501 951 tiae
512 895 617 952 Christi
632 909 674 964 75.
685 925 717 936 -
734 897 929 952 Nihilominus
941 915 999 970 quo
1006 897 1135 954 mitiores
1151 908 1180 954 et
1197 899 1291 970 magis
1311 899 1417 956 subditi

451 975 584 1044 dominis,
598 993 632 1031 eo
644 975 682 1032 ad
691 975 881 1033 resistendum
894 978 1132 1048 persecutoribus,
1143 978 1289 1050 jussisque
1297 977 1418 1048 injustis,

451 1053 581 1110 fortiores
600 1055 712 1111 fuerunt
725 1056 768 1123 76.
778 1085 812 1096 -
821 1057 959 1127 Exempla
972 1069 1153 1128 martynrrne
1166 1058 1282 1115 servitio
1294 1057 1415 1114 attemn-
1468 1058 1472 1066 “

450 1136 602 1203 turmults,
621 1135 770 1191 rebellium
780 1136 858 1190 nulla
867 1137 914 1201 76.
928 1165 962 1178 —
975 1135 1126 1206 Paulatim,
1135 1138 1279 1209 disiuncto
1287 1139 1365 1209 justo
1381 1137 1420 1193 ab

451 1213 700 1285 injusto,Ecclesia
712 1215 742 1270 in
751 1215 887 1272 servitute
899 1217 976 1272 aliud
989 1215 1362 1287 damnavitaliudtoleravit
1375 1217 1419 1285 76.

450 1323 486 1335 -
500 1293 639 1350 Doctrina
649 1295 856 1364 chrysostomi,
863 1295 940 1365 apnd
954 1297 1080 1366 Graecos,
1088 1297 1126 1354 de
1138 1299 1251 1356 sublata
1260 1315 1311 1369 per
1323 1296 1419 1352 Chris·

451 1383 512 1430 tnm
524 1373 659 1429 servitute
680 1373 723 1440 76.
737 1403 772 1416 -
786 1373 863 1446 Quid
887 1375 1051 1432 fraternitas
1063 1377 1229 1446 evangelica
1241 1391 1283 1444 77.
1296 1406 1332 1417 —
1347 1376 1419 1432 lnde

450 1452 525 1510 servi
535 1453 595 1524 jam
609 1452 760 1508 domestici
772 1463 801 1509 et
813 1454 968 1508 familiares
982 1467 1061 1521 77.-
1076 1455 1157 1512 ldem
1170 1455 1256 1511 habet
1274 1453 1351 1526 apud
1366 1455 1419 1510 La·

401 1533 404 1539 '
449 1533 535 1600 tinos,
547 1530 690 1604 praeciptte
703 1532 872 1589 Ambrosius
882 1546 962 1600 77.·
971 1534 1128 1590 Praeclarus
1137 1534 1216 1590 locus
1226 1534 1366 1590 lactamii
1375 1547 1419 1602 77.

448 1611 532 1666 -De
540 1611 629 1666 servis
639 1609 770 1667 libertate
778 1611 1095 1683 donandisaprincipio
1104 1613 1235 1670 Ecclesia
1242 1612 1365 1669 sollicita
1373 1612 1417 1680 78.

450 1691 620 1760 -Egregia
633 1689 807 1746 documenta
818 1691 937 1762 antiqua
949 1691 1028 1758 78-
1041 1693 1133 1764 Leges
1151 1710 1169 1748 a
1183 1693 1368 1748 Pontificibus
1381 1691 1418 1746 de

451 1768 522 1840 ipsis
536 1769 601 1824 latae
610 1767 652 1836 78.
666 1799 702 1810 -
715 1770 795 1825 Ordo
806 1771 939 1839 gentinus
948 1770 985 1824 ad
998 1771 1074 1826 hunc
1084 1788 1203 1842 scopum
1216 1771 1362 1826 institutus
1373 1771 1417 1836 78

452 1878 489 1890 -
498 1849 564 1904 Alia
576 1849 631 1904 hac
645 1850 674 1906 in
692 1867 723 1905 re
732 1860 935 1906 enumerantur
953 1851 1092 1906 Ecclesiae
1105 1851 1245 1908 beneficia
1256 1865 1336 1920 79.—
1349 1852 1418 1906 Gre-

452 1928 525 2000 gorii
541 1927 640 1996 Magni
666 1939 694 1984 et
708 1928 802 1984 Caroli
830 1929 929 2000 Magni
943 1928 1117 1986 documenta
1126 1943 1169 1998 79.
1181 1960 1217 1972 ·-
1226 1931 1273 1984 Ab
1287 1929 1418 1986 Ecclesia

374 2021 376 2026 ’
451 2022 520 2061 vera
532 2007 657 2075 libertas,
669 2006 842 2076 fraternitas,
851 2008 1002 2079 aequalitas
1015 2023 1058 2078 79.
1073 2039 1108 2050 -
1121 2011 1233 2065 Saeculo
1247 2009 1301 2063 XV
1314 2007 1417 2063 eadem

450 2085 611 2141 libertatem
630 2085 802 2140 domitarum
815 2086 963 2142 nationum
975 2105 993 2142 a
1011 2088 1161 2158 tyrannide
1173 2089 1279 2159 injusta
1291 2085 1418 2142 vindica·

448 2165 489 2220 vit
502 2165 545 2220 8α
559 2195 595 2205 -
612 2164 823 2220 Commerciutn
837 2165 982 2235 Indorum,
996 2171 1087 2221 fratta
1101 2167 1150 2221 dei
1159 2167 1256 2240 Negn'
1273 2181 1417 2235 nuncupa·

450 2243 705 2314 tum,vehernenter
719 2245 786 2300 Pius
799 2246 827 2300 ll
841 2256 871 2300 et
881 2245 939 2302 Leo
950 2247 1157 2302 Xdarnnarunt
1166 2247 1245 2302 8ο.-
1256 2245 1360 2300 Paulus
1370 2243 1417 2297 lll

449 2323 517 2378 item
530 2325 623 2392 legem
637 2322 699 2377 tulit
725 2321 753 2376 in
767 2321 892 2378 favorem
906 2341 1053 2380 servorum
1070 2341 1232 2379 maurorum
1257 2325 1299 2378 80.
1310 2321 1420 2376 -Alia

449 2401 608 2459 recentiora
623 2402 792 2458 Pontificum
805 2413 870 2458 acta
883 2405 926 2460 80.
937 2433 973 2444 -
987 2405 1082 2460 Hodie
1105 2404 1220 2460 demum
1240 2402 1356 2474 querela
1368 2400 1418 2456 de·

448 2482 564 2552 ponitur
576 2481 619 2536 81.
630 2511 664 2521 -
678 2482 820 2538 Remanet
832 2491 928 2538 tamen
938 2499 1085 2538 servorum
1097 2483 1242 2538 horrenda
1254 2491 1415 2536 mercatura

449 2563 478 2617 in
491 2561 619 2634 partibus
631 2559 738 2616 Africae
751 2563 795 2617 81.
808 2591 844 2601 —
857 2561 1036 2618 Describitur
1048 2562 1177 2618 eiusdem
1196 2560 1359 2616 immanitas
1372 2559 1416 2614 81.

448 2670 485 2681 -
495 2641 541 2696 De
555 2651 635 2696 tanta
647 2639 811 2696 calamitate
823 2641 990 2710 gravissime
1011 2641 1121 2710 dolens,
1135 2640 1266 2697 Pontifex
1286 2647 1419 2712 potentes

448 2737 548 2776 omnes
561 2719 643 2775 enixe
651 2717 753 2774 invitat
766 2730 854 2776 utsua
863 2720 969 2776 faciant
979 2719 1017 2776 ad
1027 2720 1159 2776 eamdem
1169 2719 1324 2776 tollendam
1338 2718 1419 2772 82.-

449 2799 535 2854 Viros
544 2797 718 2869 apostolicos
730 2798 768 2854 ad
782 2801 871 2855 zelum
881 2799 1057 2870 adhortatur,
1071 2799 1146 2856 Petri
1168 2800 1270 2856 Claver
1284 2797 1419 2864 exemplo

448 2877 595 2948 proposito
608 2879 651 2932 82.
671 2879 766 2934 —Ad
790 2895 836 2934 res
861 2877 991 2934 Brasiliae
1012 2881 1109 2946 redux,
1122 2879 1227 2948 gaudet
1251 2877 1418 2933 servitutem

449 2957 599 3027 sublatam,
611 2957 817 3028 Imperatorem
831 2957 927 3014 laudat
941 2959 984 3028 83.
998 2987 1033 2998 -
1043 2958 1196 3030 Episcopis
1209 2955 1417 3027 invigilandum

448 3045 478 3092 ut
489 3052 634 3092 servorum
654 3035 781 3091 conditio
794 3037 893 3092 sedate
906 3047 1031 3092 mutetur
1042 3037 1086 3106 83.
1096 3065 1130 3076 -·
1144 3037 1289 3092 Libertate
1301 3032 1417 3089 donatis

448 3125 607 3186 opportuna
621 3115 742 3171 consilia
754 3117 908 3186 praebenda
924 3134 930 3171 :
945 3115 1001 3171 sint
1013 3116 1096 3186 grati,
1109 3115 1183 3170 bene
1196 3111 1307 3182 morati,
1320 3119 1416 3168 aucto·

449 3193 525 3249 ritati
538 3193 653 3264 subditi,
672 3193 805 3264 modesti,
819 3194 934 3251 Christo
953 3204 982 3250 et
996 3193 1134 3250 Ecclesiae
1149 3192 1257 3248 addicti
1272 3193 1313 3258 84,
1324 3189 1417 3245 -Ad

447 3273 524 3328 hunc
556 3273 642 3328 tinem
672 3273 843 3328 adlaborent
872 3273 1018 3346 Episcopi,
1043 3303 1079 3313 -
1103 3271 1262 3344 opitulante
1286 3268 1417 3341 Deipara

450 3351 647 3420 Immaculata,
660 3351 776 3422 auspice
789 3351 948 3422 apostolica
964 3349 1163 3406 benedictione
1176 3351 1220 3418 84.

413 3467 468 3518 24.
489 3468 731 3520 ALLOCUTIO
745 3469 789 3519 ad
807 3469 1007 3520 Mexloanoa.
1022 3468 1102 3518 -11
1115 3468 1198 3518 mall
1211 3465 1291 3518 1888
1311 3499 1416 3516 ......
1456 3459 1495 3530 85

484 3563 598 3619 Gaudet
612 3563 741 3619 Pontifex
754 3565 791 3619 de
803 3564 943 3636 frequenti
957 3581 1096 3619 concursu
1111 3562 1336 3630 Mexicanorum,
1346 3577 1414 3631 quo·

447 3660 511 3698 rum
522 3643 706 3698 devotionem
715 3644 812 3699 laudat
825 3645 867 3715 85.
881 3674 915 3684 -
930 3645 989 3700 Iter
1001 3645 1123 3700 Romam
1137 3643 1207 3713 ipsis
1220 3639 1344 3696 maxime
1349 3655 1417 3711 pro·

448 3723 573 3778 futurum
593 3722 716 3778 affirmat
729 3725 772 3794 85.
785 3755 820 3764 ·-
832 3724 948 3779 Avitam
973 3723 1109 3794 pietatem
1122 3723 1217 3794 gentis
1235 3719 1417 3776 Americanae

448 3802 631 3858 commendat
645 3803 687 3873 85.
701 3833 736 3842 -
750 3804 850 3858 Sectas
859 3802 990 3873 deplorat
1002 3802 1158 3858 hodiedum
1171 3799 1249 3873 apud
1270 3799 1348 3870 ipsos
1362 3813 1417 3852 sae·

447 3880 566 3950 vientes,
579 3881 631 3935 sed
640 3880 782 3936 incassum
792 3881 835 3938 86.
849 3912 883 3921 -
894 3881 1004 3937 Recolit
1015 3891 1131 3953 quanta,
1144 3891 1304 3951 temporum
1317 3877 1417 3932 decur-

448 3975 490 4028 su,
504 3959 628 4016 Romani
644 3959 796 4016 Pontifices
808 3961 917 4030 egerint
930 3979 983 4032 pro
996 3959 1051 4016 lide
1065 3959 1094 4015 in
1106 3959 1151 4014 his
1161 3958 1290 4029 partibus
1303 3971 1417 4011 conser-

448 4039 544 4094 vanda
556 4039 599 4094 86.
612 4069 648 4080 -
661 4041 720 4095 Res
732 4056 750 4094 a
763 4057 795 4094 se
806 4051 903 4110 gestas
916 4041 1080 4110 recordans,
1090 4051 1157 4094 vota
1166 4037 1235 4095 facit
1247 4053 1298 4108 pro
1311 4035 1419 4091 unione

451 4115 524 4172 inter
537 4117 643 4173 Sedem
653 4119 815 4174 Romanam
824 4129 852 4174 et
862 4135 961 4174 eorum
969 4119 1099 4190 patriam,
1109 4117 1154 4174 cui
1166 4115 1311 4173 benedicit
1324 4113 1416 4180 86-87.

412 4223 466 4352 2ῧ.
480 4227 722 4278 ALLOCUTIO
736 4228 778 4278 ad
790 4227 902 4278 fideles
915 4227 1013 4278 Afros
1025 4231 1057 4279 et
1067 4227 1313 4290 Lugdunenses.
1323 4249 1358 4260 -
1369 4219 1415 4274 2⁴
1451 4297 1488 4354 88

378 4314 436 4352 ma
484 4305 562 4355 1888
601 4341 632 4357 ...
742 4340 774 4359 ...
814 4341 846 4358 ...
1309 4337 1340 4354 ...
1380 4336 1413 4352 ...

485 4403 562 4460 lnter
572 4403 742 4462 immensum
753 4407 877 4478 undique
885 4423 1055 4464 concursum
1065 4405 1224 4478 praecipuas
1234 4414 1331 4477 partes
1339 4401 1412 4474 egie-
