3140 4866
383 310 453 400 278
737 329 858 381 tunax
886 329 1138 382 nuntiaretis

450 555 488 612 ad
498 555 656 626 jubendum
678 556 755 628 qnod
767 566 810 612 est
823 556 995 612 contrarium
1015 555 1118 610 rationi
1135 555 1243 610 dirinae
1268 565 1296 610 et
1313 570 1408 610 snmtnn

449 637 526 692 bono
539 651 565 704 9.
577 665 612 676 -
622 635 742 692 Civilem
754 637 961 704 auctoritatem,
974 645 1005 691 ot
1017 652 1035 690 a
1049 637 1122 704 Deo,
1134 635 1295 692 catholicus
1306 643 1409 696 metm.
1481 634 1483 642 ’

449 729 538 785 usque
564 715 632 770 dum
655 731 712 770 non
737 715 907 770 contradicit
929 715 1091 770 auctoritati
1114 713 1221 770 divina
1246 727 1320 782 prot
1337 712 1411 766 Nulla

448 795 531 864 proin
546 793 657 862 seditio,
677 809 766 866 quum
787 795 866 849 nulla
879 793 918 848 ibi
941 794 1031 864 possit
1045 809 1110 850 esse
1122 809 1190 849 uera
1210 795 1259 849 lex
1279 807 1319 847 ια
1334 793 1411 846 -lta

449 871 556 928 docent
577 873 720 944 principes
741 873 945 942 Apostolorum
970 886 1012 926 to.
1025 901 1060 912 -
1083 871 1241 926 Maximum
1255 871 1409 926 ὠήεῐὶιιια

447 967 509 1007 rum
518 951 642 1008 odicium
651 961 695 1006 est
704 961 853 1022 utramque
866 951 988 1021 patriam
997 951 1096 1006 debito
1106 949 1206 1006 ordine
1216 949 1337 1020 diligere
1348 963 1412 1004 tn—

448 1031 626 1102 'l'esteJttsu
651 1030 926 1098 estimaverint
948 1041 975 1085 et
997 1029 1102 1086 caritas
1123 1041 1188 1084 sunt
1210 1028 1411 1085 nobilissimum

368 1145 372 1156 ·
447 1111 660 1181 redemptorum
684 1109 886 1182 patrimonium
905 1125 943 1164 tn
957 1109 1114 1164 —Contra
1134 1108 1302 1166 Ecclesiam
1314 1117 1411 1163 τατω-

447 1202 492 1247 tur
517 1190 587 1260 ipsae
618 1189 832 1262 progressiones
845 1189 1030 1244 scientiarum
1051 1203 1131 1244 tt.-
1148 1189 1294 1258 Superbia
1303 1187 1410 1257 decepti,

446 1271 578 1326 homines
602 1269 698 1326 omnia
723 1270 759 1324 ad
784 1285 893 1324 meram
915 1269 1070 1324 humanam
1095 1277 1225 1322 naturam
1251 1267 1410 1323 contrahere

446 1352 553 1418 volunt,
566 1360 676 1406 semoto
691 1349 755 1404 Deo
766 1359 794 1404 et
809 1347 940 1404 Ecclesia
956 1347 1077 1404 tt.-Sit
1090 1345 1171 1418 proin
1184 1347 1345 1402 catholicus
1356 1345 1408 1400 reli·

445 1429 531 1501 gione
543 1445 596 1484 sua
607 1428 660 1484 rite
672 1429 806 1496 imbutus,
819 1427 962 1498 fidemque
974 1443 1059 1482 suam
1071 1442 1175 1497 augere
1186 1425 1306 1482 studeat
1319 1440 1356 1480 11.

483 1509 545 1562 Imo
557 1509 677 1578 quisque
699 1517 814 1577 paratus
826 1508 862 1560 sit
875 1505 913 1562 ad
926 1505 1012 1562 fidem
1033 1507 1133 1576 quovis
1158 1507 1245 1561 modo
1265 1503 1407 1561 detenden-

446 1587 513 1642 dam
533 1601 572 1642 ta.
586 1615 622 1626 —
642 1587 796 1642 Dimicatio
817 1603 868 1655 pro
882 1585 1013 1642 Ecclesia
1025 1596 1069 1640 est
1083 1583 1313 1640 Christianorum
1326 1585 1368 1639 lex
1387 1591 1410 1634 et

445 1668 536 1737 gloria
552 1681 631 1722 12.-
640 1667 740 1722 Fidem
753 1667 936 1735 profiteantur
944 1677 973 1722 et
984 1676 1141 1737 propagent
1158 1680 1215 1722 12·t
1220 1681 1244 1734 3.
1259 1663 1408 1719 —lleritas

445 1745 600 1802 christiana
613 1746 666 1802 rite
676 1746 960 1816 exposilaassensum
969 1745 1071 1800 rationi
1083 1747 1206 1816 postulat
1220 1760 1300 1814 13.-
1314 1739 1408 1798 Praedi-

446 1825 521 1882 cutin
540 1825 601 1880 haec
615 1825 776 1882 necessaria
789 1841 828 1895 13.
842 1856 877 1866 -
888 1825 1033 1896 Magistris
1046 1824 1182 1898 primario
1191 1823 1333 1880 incumbit
1345 1842 1352 1888 ;
1365 1820 1408 1876 sed

446 1903 615 1960 secundario
627 1921 740 1976 qunque
764 1904 881 1976 privatis
894 1904 1034 1972 fidelibus,
1055 1919 1177 1974 quorum
1186 1919 1276 1974 opera
1288 1899 1407 1973 perutilis

445 1993 518 2038 teste
527 1983 649 2039 concilio
661 1983 830 2040 Tridentino
844 1998 853 2038 r
860 1997 919 2052 3.-
933 1983 1062 2054 Quisque
1073 1982 1240 2054 exemptojet
1250 1979 1406 2038 constantia

449 2063 536 2118 fidem
554 2063 711 2134 praedicare
724 2073 835 2120 tenetur
851 2079 861 2118 1
867 2079 889 2132 a

481 2141 540 2198 Sed
551 2153 580 2199 et
591 2143 740 2214 requiritur
752 2143 780 2197 in
793 2144 950 2198 certamine
962 2141 1115 2197 concordia
1131 2157 1171 2206 ¹4·
1185 2171 1219 2181 -
1233 2140 1363 2196 Christus
1375 2133 1405 2190 ad

445 2221 630 2278 debellandos
653 2222 791 2278 doctrina
813 2239 872 2278 suae
894 2222 999 2290 hostes,
1039 2221 1210 2290 Ecclesiam,
1229 2221 1268 2276 ad
1300 2217 1407 2274 modum

444 2301 580 2372 corporis,
589 2303 669 2373 cujus
682 2311 758 2358 esset
768 2301 830 2371 ipse
838 2313 932 2371 caput,
945 2301 1066 2356 instituit
1094 2315 1134 2367 tt·
1153 2329 1189 2340 —
1209 2299 1282 2355 Haec
1295 2296 1407 2354 societas

445 2379 570 2448 perlecta
580 2381 664 2450 exigit
674 2381 817 2436 actionem
827 2397 1008 2436 communem
1018 2381 1046 2436 in
1059 2380 1195 2436 membris
1206 2393 1246 2444 ta.
1265 2407 1304 2418 -
1321 2375 1406 2431 Primo

444 2457 519 2516 adsit
527 2459 680 2518 concordia
692 2459 905 2528 sententiarum,
916 2460 954 2515 de
964 2477 1021 2532 qua
1030 2459 1133 2514 Paulus
1144 2473 1184 2526 14
1195 2487 1230 2498 -
1243 2453 1406 2526 Principium

444 2539 547 2608 agendi
562 2555 642 2593 mens
657 2553 697 2604 14.
715 2567 745 2580 -
760 2539 852 2609 Hujus
875 2539 928 2594 sibi
942 2541 1047 2594 relictae
1060 2537 1196 2606 dedoctus,
1212 2533 1406 2592 accedentibus

444 2618 656 2688 cupiditatibus,
669 2619 853 2674 concordiam
862 2619 1057 2689 perdifficilem
1074 2618 1102 2672 in
1127 2617 1303 2672 naturalibus
1324 2611 1406 2670 reddit

448 2708 487 2765 15.
507 2725 542 2736 ·-·
555 2699 592 2752 At
605 2697 759 2754 christiano
778 2697 1006 2765 unusDominus,
1025 2695 1328 2766 unalides15.-Haec
1348 2707 1405 2748 una·

445 2777 559 2830 nimitas
573 2777 698 2846 perlecta
709 2793 773 2832 esse
785 2777 879 2845 debet,
891 2794 978 2848 quum
991 2777 1075 2832 unico
1093 2776 1278 2831 fundamento
1303 2774 1404 2829 nitatur.

446 2873 549 2928 nempe
568 2857 797 2914 divinaerationis
816 2859 984 2914 auctoritate
1019 2875 1028 2913 t
1035 2871 1058 2928 5.
1078 2855 1209 2928 -Quid
1232 2867 1330 2910 autem
1352 2855 1405 2908 baet

446 2938 599 2993 auctoritas
613 2937 728 3004 revelet,
739 2937 870 2992 Ecclesia
881 2938 965 2993 docet
982 2953 991 2991 t
998 2951 1021 3008 5.
1032 2967 1067 2977 -
1076 2937 1215 2992 Ecclesia
1224 2935 1338 2990 docenti
1351 2933 1406 2988 obe

446 3015 553 3071 dientia
576 3028 625 3071 aut
642 3017 770 3088 perlecta
782 3027 830 3072 aut
843 3017 922 3071 nulla
937 3017 976 3071 16.
990 3046 1025 3056 -
1037 3017 1193 3072 Praeclams
1211 3015 1326 3071 affertur
1338 3015 1404 3068 locut

448 3097 487 3150 D.
500 3096 661 3166 Aquinatis,
681 3096 718 3151 de
740 3097 849 3150 unitate
863 3095 928 3151 fidei
946 3097 1032 3154 totius
1058 3095 1205 3164 Ecclesiae,
1229 3095 1267 3150 ad
1292 3102 1406 3150 mentem

447 3175 526 3229 Pauli
544 3177 582 3229 16.
597 3203 632 3214 -
653 3175 725 3229 l=laec
739 3175 903 3230 obedientia
923 3175 987 3230 fidei
1005 3175 1211 3244 complectitur,
1232 3185 1335 3246 praeter
1345 3171 1405 3238 dog·

446 3262 525 3306 mata
546 3269 680 3323 expresse
699 3251 828 3320 diffinita,
851 3253 997 3308 doctrinas
1017 3253 1190 3308 uniuersales
1208 3262 1237 3308 et
1257 3247 1405 3306 ordinarias

447 3333 604 3397 Eccleslae;
618 3331 733 3402 insuper
742 3331 858 3402 respicit
872 3333 999 3402 regimen
1013 3331 1223 3404 Episcopornm
1234 3341 1263 3387 et
1275 3326 1404 3401 imprimis

446 3411 529 3467 Sedis
544 3411 716 3481 Apostolicae
732 3410 997 3480 lbra—Ecclesia,
1011 3410 1134 3466 societas
1144 3411 1402 3481 perfectacompre·

445 3489 957 3560 henditomnesnatione517.-Regit
966 3491 1048 3560 proin
1060 3489 1199 3558 subditos,
1207 3488 1283 3545 civili
1292 3485 1403 3558 propria

444 3567 567 3623 nationis
592 3570 725 3639 potestati
738 3569 794 3623 alia
807 3571 917 3624 ratione
927 3569 1057 3625 subditos
1074 3582 1117 3636 17.
1131 3599 1166 3610 ·-
1182 3567 1313 3624 Ecclesia
1325 3575 1404 3621 recto·

444 3661 489 3699 res
499 3645 656 3714 civitatum,
666 3646 840 3716 imponendo
853 3648 946 3716 legem
959 3648 1029 3718 ipsis
1039 3647 1167 3720 parendi,
1179 3647 1342 3717 adiuvatty.

480 3723 538 3779 Sed
556 3725 632 3796 quod
654 3727 692 3781 ad
702 3726 858 3796 spiritualia
871 3727 991 3797 pertinet
1004 3727 1058 3782 sibi
1072 3727 1124 3782 soli
1138 3725 1263 3782 vindicat
1283 3724 1366 3790 17·ιᾶ
1375 3747 1404 3758 -

444 3803 568 3858 Multum
580 3803 696 3860 interest
714 3807 787 3862 inter
801 3817 950 3878 utramque
963 3807 1167 3878 rempublicam
1183 3806 1222 3860 18.
1237 3800 1401 3864 -Ecctesia

442 3883 564 3938 societas
584 3885 716 3954 perlecta,
730 3885 781 3940 sed
793 3887 884 3954 altior,
898 3903 955 3940 non
969 3903 1000 3941 se
1022 3887 1164 3940 immiscet
1189 3884 1317 3954 partibus
1339 3877 1399 3953 puli·

441 3964 512 4028 licis,
526 3977 618 4034 neque
640 3965 809 4021 determinat
820 3967 926 4022 formas
940 3967 1031 4021 civilis
1044 3965 1190 4037 regiminis
1207 3965 1247 4020 18.
1258 3991 1294 4004 ·-
1310 3960 1399 4018 Eccle-

442 4043 549 4097 siamin
560 4043 617 4098 boc
630 4043 782 4112 imitantes,
799 4045 931 4100 catholici
951 4046 988 4100 ad
1010 4057 1106 4118 partes
1133 4043 1294 4100 Ecclesiam
1306 4059 1343 4097 ne
1354 4051 1400 4096 tta¹

440 4121 520 4183 hant,
533 4131 561 4178 et
577 4122 615 4177 ad
627 4121 822 4180 defensionem
847 4125 999 4196 religionis,
1025 4125 1104 4180 omni
1135 4124 1208 4179 inter
1233 4137 1265 4180 se
1285 4119 1399 4193 seposito

441 4198 570 4270 dissidio,
591 4203 741 4258 convolent
757 4202 796 4258 18.
821 4233 857 4244 ——
883 4203 1012 4275 Utraque
1037 4205 1159 4260 societas
1185 4201 1213 4257 in
1236 4215 1288 4257 suo
1312 4199 1401 4256 ordine

442 4278 632 4346 principatum
652 4289 728 4334 tenet
745 4296 784 4348 19.
799 4311 833 4321 —
847 4283 924 4338 Civis
934 4283 980 4352 jus
995 4283 1081 4338 babet
1094 4293 1124 4338 ut
1146 4281 1251 4338 acirili
1270 4287 1400 4353 potestate

445 4355 604 4422 adjuvetur,
617 4373 674 4409 non
695 4358 786 4413 solum
800 4371 829 4414 ut
843 4361 915 4416 bene
928 4362 981 4416 sibi
1002 4379 1067 4418 esse
1091 4360 1182 4429 liceat,
1195 4362 1249 4416 sed
1260 4371 1289 4415 ut
1303 4369 1401 4413 morum
