3258 4880
455 389 505 440 ua
533 389 653 440 nauus
680 386 879 440 navamus.
1173 390 1217 456 29

135 575 371 658 gratificandum
383 573 585 650 hominibus,
595 574 812 640 memorabile
824 574 906 638 illud
917 573 1220 657 dignissimumque
1247 583 1398 674 &hW

135 679 357 763 Apostolorum
388 697 584 761 responsum
616 679 719 743 libera
734 697 815 742 voce
832 687 991 760 usurpet:
1008 676 1140 759 Oportet
1153 676 1219 740 obe·
1289 681 1352 738 1887·
1436 706 1439 711 ·

135 781 193 846 dire
200 783 264 848 Deo
277 783 386 866 magis
399 803 498 865 quam
514 782 697 848 horninibus
712 781 724 866 (
744 781 765 865 ).

172 1017 220 1082 Ad
234 1019 294 1082 hoc
309 1019 414 1084 veluti
436 1019 674 1083 adumbratum
702 1019 871 1101 specimen
894 1018 938 1082 de
962 1018 1090 1083 ratione
1107 1036 1220 1081 sacrae
1276 1045 1395 1090 aarum.

141 1123 298 1188 iuventutis
323 1123 494 1201 colendae,
509 1116 652 1188 adiicere
675 1122 757 1186 libet
773 1131 806 1186 et
837 1141 981 1204 aequum
998 1131 1059 1199 est,
1074 1141 1161 1204 quae
1176 1125 1217 1187 ad
1246 1103 1396 1208 ffffisssss

139 1227 320 1291 iuventutem
348 1227 381 1290 iu
409 1221 598 1290 universum
628 1227 815 1308 pertinent:
843 1225 913 1288 eius
938 1225 1026 1289 enim
1053 1225 1220 1290 institutio
1245 1231 1396 1327 ξξζῐτῖπξξ

139 1330 218 1395 valde
231 1331 300 1395 Nos
315 1331 476 1395 sollicitos
487 1330 599 1408 habet,
614 1340 661 1404 ut,
672 1329 742 1393 sive
758 1329 801 1393 ad
815 1328 942 1394 cultum
960 1329 1082 1394 mentis
1092 1331 1161 1393 sive
1177 1329 1219 1392 ad

139 1433 352 1517 perfectionem
380 1435 494 1512 animi,
510 1443 599 1498 recte
626 1435 809 1498 admodum
842 1433 1037 1516 integreque
1053 1432 1219 1498 succedat.

138 1575 173 1587 -
184 1539 349 1604 Novellam
367 1547 513 1604 aetatem
527 1549 680 1603 materno
697 1536 849 1602 Ecclesia
875 1557 1007 1620 semper
1031 1536 1115 1601 sovit
1129 1557 1220 1601 com·

139 1643 224 1724 plexu
237 1665 246 1722 ;
266 1645 336 1708 eius
362 1643 531 1726 praesidio
563 1641 692 1707 labores
720 1642 881 1725 plurimos
905 1643 1135 1706 amantissime
1159 1643 1219 1704 im-

138 1747 236 1828 pendit
248 1759 280 1811 et
295 1747 440 1831 plurima
455 1747 651 1811 adiumenta
677 1745 807 1829 paravit
823 1767 831 1824 ;
846 1745 879 1810 in
891 1745 954 1817 his.
970 1745 1113 1810 familias
1138 1765 1220 1809 non-

138 1851 228 1915 nullas
247 1851 419 1916 hominum
437 1851 667 1933 religiosorum
684 1850 895 1928 constitutas,
908 1870 995 1932 quae
1028 1849 1220 1914 adolescen-

139 1955 205 2020 tiam
232 1956 398 2021 erudirent
429 1956 463 2018 in
489 1955 616 2019 artibus
648 1964 682 2019 et
709 1955 878 2032 doctrinis,
907 1975 946 2018 ac
973 1955 1151 2038 praecipue
1176 1956 1219 2018 ad

139 2059 315 2139 sapientiam
342 2059 471 2123 alerent
486 2057 711 2140 virtutemque
726 2057 951 2123 christianam.
969 2057 1025 2123 Sic
1048 2059 1220 2140 auspicato
1257 2080 1308 2138 Quo
1319 2079 1395 2147 uagis

139 2159 223 2227 fiebat
249 2173 284 2228 ut
314 2164 348 2226 in
373 2163 504 2226 animos
534 2171 669 2227 teneros
696 2163 804 2245 pietas
831 2183 910 2245 erga
932 2161 1042 2227 Deum
1060 2161 1156 2227 facile
1171 2163 1219 2225 in·
1245 2139 1397 2242 {2¹55ssssss

139 2265 244 2346 flueret,
264 2289 307 2332 ex
337 2287 406 2352 qua
435 2265 545 2331 officia
559 2266 705 2331 hominis
722 2267 754 2330 in
777 2287 812 2330 se
836 2267 985 2350 aliosque
1012 2275 1046 2332 et
1076 2268 1219 2349 patriam
1244 2262 1284 2310 ³⁵¹·

140 2373 309 2437 maturrime
334 2371 514 2454 explicata,
539 2373 732 2436 maturrime
758 2370 860 2436 etiam
885 2373 918 2436 in
935 2372 1099 2455 optimam
1124 2391 1218 2454 spem

139 2471 280 2541 florerent.
290 2476 462 2540 Ecclesiae
478 2475 579 2559 igitur
609 2477 697 2540 iusta
714 2497 801 2539 nunc
817 2486 870 2540 est
884 2476 1076 2559 ingemendi
1093 2497 1219 2553 caussa,

140 2595 223 2658 quum
238 2580 348 2644 videat
363 2580 396 2642 in
413 2579 529 2661 primis
544 2579 699 2643 aetatulis
716 2577 801 2642 filios
813 2599 891 2641 suos
907 2599 926 2642 a
942 2579 1108 2657 sedivelli,
1118 2591 1220 2664 atque
1244 2633 1269 2664 ω
1303 2619 1396 2677 jum-u,

141 2679 165 2742 in
179 2701 228 2745 eos
241 2682 394 2765 compelli
407 2681 585 2746 litterarios
601 2681 765 2758 ludos,ubi
781 2681 833 2744 vel
850 2682 965 2745 siletur
979 2682 1117 2746 omnino
1134 2683 1217 2747 noti·
1244 2679 1397 2795 &²⁴³2ssss

139 2787 177 2848 tia
198 2785 265 2864 Dei,
289 2787 340 2851 vel
367 2805 524 2850 mancum
552 2786 677 2868 aliquid
694 2785 861 2849 delibatur
875 2787 918 2850 de
933 2807 974 2850 ea
999 2806 1219 2870 perverseque
1244 2797 1387 2857 ingemiscit-

141 2888 292 2969 miscetur;
307 2889 365 2953 ubi
381 2887 561 2953 colluvioni
577 2908 723 2952 errorum
741 2889 832 2953 nulla
849 2890 1016 2972 repagula,
1032 2891 1123 2955 nulla
1137 2890 1219 2955 fides

139 2989 324 3057 documentis
340 2993 473 3070 divinis,
489 2993 599 3057 nullus
613 2993 745 3056 veritati
762 2993 854 3056 locus
869 3003 906 3057 ut
918 3015 953 3057 se
966 2993 1039 3077 ipsa
1051 2994 1218 3058 defendat.

143 3091 228 3180 Atqui
242 3097 283 3160 de
291 3098 475 3162 litterarum
492 3097 787 3180 doctrinarumque
797 3097 974 3162 domiciliis
985 3102 1217 3164 auctoritatem

143 3193 287 3265 Ecclesiae
305 3201 490 3265 catholicae
521 3199 706 3284 prohibere,
737 3201 886 3265 maxime
912 3201 1067 3265 iniurium
1100 3213 1159 3282 est,
1178 3223 1219 3268 eo
1254 3261 1391 3306 Mum

141 3303 213 3380 quod
237 3323 354 3368 munus
386 3304 556 3386 religionis
579 3304 760 3380 docendae,
784 3305 854 3366 eius
883 3302 1039 3368 videlicet
1069 3306 1114 3369 rei
1152 3326 1218 3388 qua
1244 3321 1357 3388 tigranem

143 3420 222 3468 nemo
242 3406 341 3471 homo
373 3427 439 3470 non
457 3407 586 3490 indiget
610 3408 652 3471 ad
680 3407 796 3470 salutis
822 3415 978 3471 aeternae
993 3407 1217 3490 adeptionem,
1242 3379 1396 3496 ῗῖἑῗὲῗὲζ

143 3503 319 3575 Ecclesiaea
335 3511 411 3575 Deo
426 3512 470 3574 sit
493 3512 609 3576 datum
623 3532 631 3590 ;
644 3511 725 3575 nulli
741 3531 819 3574 vero
836 3511 892 3574 alii
916 3511 1032 3576 datum
1049 3523 1099 3577 est
1112 3513 1217 3578 homi·
1244 3499 1395 3602 ffijffl

141 3627 205 3675 num
228 3617 384 3692 societati,
401 3634 509 3697 neque
540 3615 682 3678 societas
709 3614 777 3678 ulla
803 3615 866 3678 sibi
887 3624 1000 3697 potest
1015 3618 1198 3682 adsciscere
1211 3641 1219 3697 ;
1246 3617 1352 3665 mimm-

141 3711 258 3799 ideoque
273 3719 345 3802 ipsa
360 3739 458 3783 suum
484 3720 721 3802 propriumque
738 3719 787 3783 ius
810 3721 929 3785 merito
957 3719 1108 3800 affirmat,
1130 3723 1218 3786 labe·

141 3815 242 3885 sarum
258 3823 477 3907 conqueritur.
491 3859 536 3872 -
551 3823 748 3888 Cavendum
774 3825 910 3907 insuper
924 3834 975 3889 est
991 3825 1217 3891 vehementer-

140 3939 192 4001 que
204 3929 388 4004 curandum,
399 3936 438 3990 ut
462 3925 495 3989 in
512 3926 634 3990 scholis
657 3947 744 4009 quae
774 3927 936 3991 ditionem
965 3927 1135 3992 Ecclesiae
1167 3931 1217 3993 vel
1274 3980 1308 4024 Bo

1308 3994 1394 4025 norum

140 4029 255 4092 omnino
268 4031 318 4094 vel
331 4031 453 4111 partim
471 4030 688 4108 excusserint,
705 4051 745 4094 ne
761 4031 851 4114 quod
865 4031 1018 4096 iuventus
1035 4032 1217 4115 periculum
1244 4041 1394 4144 {fram

139 4127 235 4195 subeat
250 4153 330 4197 neve
351 4133 458 4198 ullum
483 4133 516 4196 in
540 4133 606 4197 fide
621 4134 786 4198 catholica
817 4153 1014 4218 morumque
1042 4135 1219 4201 honestate
1245 4160 1281 4208 ro.
1298 4173 1394 4204 excussa

138 4231 351 4302 detrimentum
383 4237 504 4320 capiat.
530 4237 570 4300 in
601 4258 668 4320 quo
692 4239 828 4320 quidem
855 4250 888 4302 et
913 4238 990 4302 cleri
1014 4249 1048 4305 et
1073 4242 1217 4306 virorum
1245 4219 1395 4330 dffiff„

141 4354 1220 4380 Q.—

154 4419 170 4452 1.
180 4407 235 4466 Aet,
247 4423 268 4466 v,
278 4427 314 4474 29,
