3172 4874
216 365 268 415 DE
286 363 527 416 HIERARCHIA
544 363 586 414 IN
606 363 762 415 IAPONIA
781 361 1089 446 CONSTITUEleA.
1134 358 1205 430 227

100 537 189 604 iussa
205 537 322 618 iuerat,
337 558 398 602 nec
414 538 523 604 multo
549 547 626 621 post
642 537 783 604 alterum
810 538 844 602 in
869 539 1004 602 civitate
1034 536 1208 620 Nagasaki
1262 549 1357 645 Jffgm

97 639 217 707 honori
243 663 305 707 sex
336 651 370 707 et
391 641 511 727 viginti
535 650 721 725 martyrum
747 639 986 725 laponensium
1019 640 1205 706 excitatum
1275 645 1341 704 1891·

98 754 158 823 est,
179 745 301 829 quibus
323 745 490 810 Decessor
513 745 638 810 Noster
662 744 740 810 Pius
759 743 812 809 IX
835 751 1027 809 sanctorum
1044 743 1204 809 caelitum
1256 755 1384 826 Marruca-

98 848 241 914 honores
263 850 463 914 decreverat
487 847 564 932 Qua
587 841 666 913 su'nt
699 847 830 931 Iaponii
854 857 993 912 naturae
1023 845 1137 911 indole
1161 847 1203 910 ad
1233 815 1326 935 iiiiii?
1343 829 1384 922 ζξ

98 953 311 1020 honestatem
344 964 378 1019 et
399 952 647 1017 humanitatem
672 952 707 1015 in
731 951 848 1034 primis
871 970 1048 1035 propensa,
1081 971 1205 1035 nequa·
1232 933 1364 987 mm

96 1078 200 1142 quam
226 1057 350 1123 inertes
372 1065 406 1121 et
436 1075 556 1140 segnes
582 1057 626 1121 ad
654 1055 778 1122 Christi
802 1054 998 1138 religionem
1022 1057 1204 1140 suscipien-

99 1163 179 1228 dam
205 1183 241 1226 se
256 1161 447 1247 praebuere,
470 1169 504 1226 et
527 1159 703 1224 confestim
728 1179 747 1223 e
771 1156 869 1225 fertili
892 1179 1013 1242 campo
1038 1158 1206 1224 uberrima

98 1266 216 1332 messis
232 1266 368 1331 emicuit
382 1265 700 1331 cathecumenorum
720 1262 764 1328 ad
789 1262 905 1328 decem
930 1263 1043 1341 millia,
1059 1264 1116 1348 qui
1133 1284 1205 1328 sese

97 1370 321 1436 instituendos
343 1369 376 1434 in
400 1368 566 1435 catholica
590 1368 745 1434 doctrina
763 1365 924 1444 obtulere,
946 1377 984 1432 ut
1006 1367 1130 1431 deinde
1152 1387 1203 1432 sa·

97 1474 197 1539 lutari
230 1474 363 1538 lavacro
393 1473 620 1556 expiarentur.
648 1469 864 1555 Quamquam
891 1479 1006 1536 autem
1036 1472 1100 1536 hoc
1131 1472 1205 1554 ipso
1256 1494 1382 1542 saerosa-

98 1584 250 1660 tempore
265 1576 422 1659 antiquus
436 1575 575 1640 humani
592 1574 729 1659 generis
738 1574 846 1640 hostis
862 1593 967 1640 novas
982 1576 1105 1640 irarum
1116 1573 1204 1642 laces
1231 1555 1293 1600 'mi
1307 1555 1383 1610 m*

95 1681 131 1746 in
152 1680 355 1748 catholicum
379 1700 501 1746 nomen
526 1679 704 1744 incendere
729 1698 907 1762 aggressus
922 1690 1019 1758 esset,
1033 1691 1067 1746 et
1089 1681 1205 1764 gravia

96 1784 244 1870 pericula
266 1783 458 1850 viderentur
473 1784 657 1863 imminere,
675 1782 767 1847 brevi
794 1792 907 1848 tamen
932 1785 1077 1868 propitia
1101 1785 1205 1849 divini

96 1888 243 1954 numinis
268 1907 342 1972 ope,
364 1886 495 1952 hostilis
518 1886 641 1951 resedit
671 1886 771 1966 furor,
797 1907 836 1951 ac
859 1887 1103 1972 tranquillitate
1131 1887 1204 1954 red·

96 1995 179 2072 dita,
200 1991 277 2058 fidei
300 1992 451 2074 germina
474 2011 560 2074 quae
583 1990 641 2054 diu
666 1989 699 2054 in
727 1991 869 2074 laponia
892 1992 1068 2070 latuerant,
1092 1992 1204 2058 Evan-

94 2095 175 2181 gelii
198 2095 356 2160 ministris
378 2093 446 2159 illic
461 2094 671 2159 versantibus
686 2091 799 2176 palam
824 2113 859 2157 se
886 2095 1112 2177 prodiderunt
1136 2095 1203 2162 Ve-

95 2212 206 2267 terum
229 2199 319 2264 enim
347 2196 495 2262 fidelium
520 2196 663 2279 posteris
686 2197 828 2261 fidenter
851 2197 885 2260 in
901 2195 1010 2261 lucem
1034 2198 1202 2281 publicam
1230 2217 1382 2288 narsaeus

96 2299 350 2390 prodeuntibus,
365 2300 439 2382 plus
462 2301 578 2365 decem
596 2297 702 2363 millia
716 2297 892 2363 hominurn
908 2310 1039 2382 reperta
1059 2309 1146 2376 sunt,
1169 2301 1202 2362 in
1225 2281 1352 2384 {fij-{52⁸3

94 2423 182 2491 quos
201 2402 386 2468 catholicae
412 2401 489 2468 fidei
515 2403 684 2468 hereditas
711 2423 731 2466 a
757 2402 909 2485 patribus
935 2404 1066 2486 integra
1096 2404 1202 2468 incor-
1229 2395 1380 2500 {inditium

95 2515 198 2590 rupta
226 2515 427 2572 manaverat.
467 2506 603 2572 Scilicet
633 2505 747 2571 divina
777 2505 988 2589 providentia
1015 2516 1205 2573 servaverat
1338 2489 1344 2502 ⁹

96 2612 207 2699 prisca
229 2612 415 2676 renascenti
431 2611 464 2674 in
495 2609 635 2694 laponia
652 2609 824 2676 Ecclesiae
850 2609 1080 2691 fundamenta,
1106 2631 1206 2697 super

97 2737 187 2802 quae
201 2717 274 2800 ipsa
289 2716 409 2781 iterum
426 2714 602 2780 aedificata
630 2723 855 2798 consurgeret,
881 2725 1071 2783 servaverat
1093 2717 1206 2795 decus,

95 2833 136 2888 ut
150 2821 228 2887 novi
245 2820 359 2885 fideles
375 2840 442 2886 non
458 2821 561 2886 veluti
578 2819 729 2904 hospites
744 2829 778 2884 et
793 2821 954 2901 advenae,
977 2823 1035 2888 sed
1060 2823 1148 2888 cives
1171 2832 1206 2887 et

100 2925 278 2993 domestici
293 2934 442 2990 veterum
462 2925 623 3009 laponiae
640 2932 825 3008 martyrum
848 2925 882 2990 in
899 2945 1001 2992 unam
1024 2948 1101 2993 cum
1125 2927 1206 3012 ipsis

98 3047 300 3112 compagem
317 3027 548 3093 coalescerent.

146 3131 233 3200 Cum
249 3131 331 3196 haec
357 3133 404 3196 ita
430 3150 466 3195 se
481 3131 653 3209 haberent,
677 3131 720 3194 de
741 3132 906 3197 sententia
934 3131 1072 3198 Consilii
1090 3132 1205 3196 Nostri

99 3235 179 3302 fidei
207 3235 445 3320 propagandae
469 3255 559 3300 anno
582 3233 681 3300 buius
705 3235 829 3300 saeculi
855 3238 1069 3319 sexagesimo
1097 3244 1206 3314 sexto,
1230 3216 1381 3326 cffnlssffjj'

99 3361 209 3408 novus
240 3338 400 3422 laponiae
425 3339 579 3404 Vicarius
619 3339 810 3404 Bernardus
841 3339 1017 3422 Petitjean,
1049 3341 1206 3423 idemque
1226 3336 1383 3441 {2¹2²}AEng

103 3445 293 3529 Episcopus
316 3442 460 3507 titularis
482 3441 772 3526 Myriophytensis
788 3445 987 3509 auctoritate
1006 3441 1207 3527 Apostolica
1231 3456 1327 3524 tineae,
1349 3454 1383 3498 E·

101 3551 317 3616 renunciatus
332 3555 392 3626 est,
406 3547 463 3632 qui
480 3567 603 3631 magna
619 3567 696 3612 cum
713 3546 938 3613 sollicitudine
951 3548 997 3612 rei
1007 3547 1208 3614 christianae
1228 3520 1369 3642 imm·

100 3653 310 3721 ordinandae
326 3651 476 3716 animum
503 3661 537 3716 et
557 3652 642 3716 vires
670 3650 827 3717 intendit.
843 3651 970 3716 Decem
992 3652 1116 3718 exinde
1131 3667 1208 3738 post
1234 3639 1314 3678 '‘²⁸³²''

100 3777 210 3825 annos
226 3756 350 3821 vicaria
366 3754 556 3838 procuratio
571 3752 727 3818 bilariam
744 3752 851 3817 divisa
876 3762 910 3817 et
934 3755 1113 3822 distributa
1137 3755 1209 3822 suit

106 3860 248 3945 laponia
268 3859 393 3925 scilicet
417 3856 670 3943 septentrionali
694 3857 739 3922 ab
763 3856 900 3921 australi
924 3859 1084 3936 seiuncta,
1111 3880 1150 3924 ac
1174 3861 1209 3924 in

101 3965 276 4048 utriusque
307 3961 451 4046 regionis
481 3969 594 4043 partes
620 3959 830 4043 Apostolicis
861 3959 939 4024 viris
964 3961 1210 4027 confluentibus

103 4067 249 4153 plurima
279 4066 403 4150 ubique
433 4064 624 4148 magisteria
654 4063 697 4128 ad
729 4061 931 4128 catholicam
962 4065 1208 4131 institutionem
1244 4092 1388 4140 vicariam,

103 4172 305 4238 tradendam
320 4167 497 4235 confestim
517 4167 733 4251 laponiorum
750 4165 888 4232 utilitati
913 4177 1102 4252 patuerunt.
1126 4169 1210 4235 Tres
1235 4155 1391 4261 {ssnssssssfifm'

102 4285 219 4342 autem
234 4283 313 4340 ante
336 4293 443 4338 annos
469 4271 564 4337 novis
588 4269 763 4354 praesidiis
789 4271 836 4332 rei
861 4289 975 4335 sacrae
997 4273 1210 4337 administra-

105 4377 234 4444 tionem
262 4377 336 4443 Nos
358 4375 477 4441 instrui
504 4382 682 4460 opportere
708 4371 944 4456 intelligentes,
973 4395 1097 4441 novum
1126 4379 1212 4442 vica·
