3336 4870
377 375 445 467 198
500 394 688 447 ursarum
716 392 874 444 nucvcr..
905 380 926 408 ‘⁴
947 391 1129 443 exaurire
1155 392 1224 442 rau
1252 391 1361 444 anuo
1379 427 1399 456 .,

370 570 560 635 liberorum.
578 569 606 634 S
608 569 622 632 i
631 590 706 654 ergo
720 589 786 646 vos,
800 587 873 632 crem
892 567 968 631 sitis
983 567 1074 647 mali,
1093 569 1196 633 nostis
1211 567 1293 632 bona
1308 567 1388 632 data
1399 566 1478 632 dare

361 675 452 760 filiis
466 673 594 751 vestris,
604 671 843 755 quantomagis
856 671 964 735 Pater
976 681 1091 751 vester,
1101 673 1163 754 qui
1170 672 1205 735 in
1216 671 1314 736 caelis
1321 681 1377 749 est,
1387 669 1479 735 dabit

371 780 453 843 bona
464 776 645 860 petentibus
658 797 692 840 se
706 776 750 859 (¹)
762 782 775 839 i
786 813 830 824 -
853 774 950 858 Quae
964 777 1022 859 qui
1038 777 1246 860 cogitaverit,
1261 795 1328 839 non
1339 775 1476 839 nimium

232 915 345 974 ,afim
372 883 547 946 mirabitur
562 879 589 942 si
605 877 782 942 efficientia
795 898 934 961 precum
958 879 1181 944 humanarum
1199 879 1319 944 Ioanni
1343 879 1476 962 quidem

200 975 345 1080 calma
372 985 616 1066 Chrysostomo
628 983 781 1046 videatur
792 993 897 1060 tanta,
913 993 950 1049 ut
959 1004 1036 1047 curn
1059 984 1131 1066 ipsa
1146 985 1300 1067 potentia
1313 983 1377 1046 Dei
1389 999 1477 1046 com·

195 1099 245 1146 nr.
372 1089 482 1173 parari
497 1086 589 1151 illam
604 1095 701 1170 putet
711 1107 818 1169 posse.
836 1087 1019 1170 Propterea
1028 1089 1119 1171 quod
1133 1089 1218 1153 sicut
1239 1088 1334 1152 Deus
1350 1087 1477 1150 univer·

373 1195 506 1257 sitatem
523 1209 631 1254 rerum
659 1192 761 1255 verbo
788 1192 922 1268 creavit,
944 1193 992 1255 sic
1019 1192 1123 1256 homo
1149 1192 1316 1276 impetrat,
1343 1190 1478 1265 orando,

202 1319 340 1377 rationeque
372 1313 458 1379 quae
473 1289 562 1354 velit.
579 1289 671 1354 Nihil
699 1301 749 1354 est
776 1291 838 1354 rite
862 1291 1022 1356 adhibitis
1046 1291 1200 1374 precibus
1228 1289 1478 1374 impetrabilius,

217 1383 333 1482 ''ff‘'
372 1395 452 1478 quia
464 1394 578 1457 insunt
596 1395 630 1456 in
646 1393 694 1456 eis
710 1393 877 1476 quaedam
894 1393 985 1458 velut
1013 1394 1192 1472 moventia,
1216 1393 1338 1477 quibus
1354 1391 1478 1476 placari

372 1519 408 1562 se
431 1496 525 1560 Deus
541 1507 643 1578 atque
659 1499 792 1562 exorari
808 1498 906 1563 facile
927 1500 1084 1581 patiatur.
1093 1499 1183 1563 Nam
1208 1499 1294 1563 inter
1314 1497 1478 1561 orandum

312 1683 319 1706 1
371 1619 567 1666 sevocamus
592 1601 636 1663 ab
663 1600 762 1663 rebus
790 1603 988 1666 mortalibus
1004 1603 1165 1680 animum,
1181 1612 1283 1685 atque
1299 1603 1397 1666 unius
1413 1599 1479 1662 Dei

371 1705 577 1787 cogitatione
605 1704 766 1786 suspensi,
792 1708 997 1771 conscientia
1013 1718 1167 1771 tenemur
1193 1706 1397 1770 infirmitatis
1421 1705 1479 1767 hu-

373 1828 493 1873 manae
509 1833 516 1871 :
532 1809 576 1871 ob
603 1826 746 1890 eamque
762 1829 832 1875 rem
862 1811 895 1874 in
921 1811 1074 1875 bonitate
1090 1822 1123 1875 et
1147 1811 1309 1894 amplexu
1332 1808 1480 1892 parentis

372 1913 477 1976 nostri
509 1911 762 1993 acquiescimus,
777 1915 810 1977 in
837 1916 960 1980 virtute
975 1917 1159 1979 conditoris
1174 1914 1363 1998 perfugium
1380 1932 1481 1996 quae·

372 2018 484 2080 rimus.
501 2015 608 2079 Adire
632 2015 817 2082 insistimus
844 2029 1016 2083 auctorem
1032 2020 1184 2084 omnium
1202 2021 1376 2095 bonorum,
1395 2026 1481 2080 tam·

373 2142 475 2208 quam
492 2123 635 2204 spectari
651 2121 695 2186 ab
718 2143 759 2188 eo
784 2126 926 2189 velirnus
941 2145 1080 2208 aegrum
1107 2129 1267 2202 animum,
1297 2123 1482 2188 imbecillas

372 2229 468 2302 vires,
480 2225 628 2307 inopiam
647 2236 796 2292 nostram
813 2253 820 2292 :
842 2229 999 2314 plenique
1021 2250 1090 2314 spe,
1106 2231 1247 2294 tutelam
1264 2239 1366 2313 atque
1381 2245 1481 2309 opem

372 2333 443 2394 eius
455 2329 684 2412 imploramus,
699 2332 756 2412 qui
772 2335 1040 2414 aegrotationum
1053 2334 1264 2410 medicinam,
1279 2327 1482 2396 infirmitatis

374 2433 593 2514 miseriaeque
610 2433 730 2497 solatia
746 2437 906 2516 praebere
921 2437 1011 2502 solus
1024 2448 1144 2521 potest.
1162 2437 1237 2500 Tali
1249 2434 1366 2500 habitu
1377 2431 1480 2496 animi

375 2539 526 2600 modeste
538 2538 638 2615 dese,
651 2549 687 2601 ut
699 2550 842 2622 oportet,
862 2541 1092 2625 submisseque
1109 2541 1297 2618 iudicantis,
1318 2540 1401 2603 mire
1426 2535 1482 2600 fle-

375 2642 475 2704 ctitur
499 2641 593 2705 Deus
614 2643 657 2706 ad
674 2640 898 2722 clementiam,
913 2647 992 2726 quia
1017 2647 1302 2728 quemadmodum
1330 2642 1482 2725 superbis

243 2799 301 2846 Tm
312 2805 350 2849 ho·
375 2748 507 2824 resistit,
531 2751 578 2810 ita
594 2749 776 2813 humilibus
800 2751 861 2813 dal
877 2751 1058 2835 gratiam(
1075 2752 1095 2834 ).
1112 2789 1156 2802 —
1179 2753 1306 2818 Sancta
1322 2752 1424 2835 igitur
1439 2751 1483 2812 sit

200 2875 278 2964 pqnlq
288 2863 350 2966 ppo
376 2851 465 2935 apud
479 2871 597 2914 omnes
612 2857 821 2918 consuetudo
837 2857 1018 2938 precandi:
1037 2877 1140 2934 mens,
1159 2858 1300 2934 animus,
1315 2877 1385 2920 vox
1408 2873 1481 2936 pre·

321 2957 327 2969 ‘
377 2966 514 3020 centur:
531 2977 662 3038 unaque
678 2959 777 3022 simul
793 2963 879 3024 ratio
894 2963 1027 3026 vivendi
1044 2963 1241 3039 consentiat,
1267 2970 1303 3025 ut
1326 2960 1482 3024 videlicet

376 3079 435 3143 per
452 3059 563 3141 legum
579 3061 767 3126 divinarum
784 3065 972 3128 custodiam
990 3067 1144 3147 perennis
1170 3066 1214 3128 ad
1239 3065 1351 3128 Deum
1368 3079 1482 3126 ascen-

378 3183 434 3225 sus
449 3163 518 3226 vita
533 3174 647 3228 nostra
670 3167 831 3231 videatur.

231 3307 292 3354 Fid,
314 3321 353 3368 g,
424 3267 718 3348 Quemadmodum
735 3273 873 3335 virtutes
896 3283 1035 3352 ceterae,
1051 3274 1098 3337 ita
1124 3275 1206 3337 haec
1230 3272 1342 3349 etiam,
1358 3271 1401 3334 de
1416 3286 1482 3352 qua

195 3367 354 3485 iffi?
379 3372 554 3455 loquimur,
569 3375 716 3456 gignitur
743 3388 776 3441 et
801 3389 1007 3443 sustentatur
1032 3379 1097 3443 lide
1124 3381 1245 3444 divina.
1273 3377 1366 3441 Deus
1393 3374 1482 3438 enim

202 3487 255 3532 trit.
379 3489 494 3540 auctor
510 3488 570 3556 est,
585 3498 670 3561 quae
686 3481 752 3544 sint
768 3483 896 3547 homini
923 3505 1001 3548 vera
1025 3495 1126 3569 atque
1142 3487 1239 3549 unice
1254 3503 1314 3567 per
1328 3502 1365 3546 se
1380 3497 1482 3560 expe·

379 3583 482 3647 tenda
498 3583 587 3645 bona
603 3608 610 3646 :
626 3585 773 3668 itemque
800 3587 966 3652 infinitam
987 3590 1050 3653 Dei
1067 3589 1264 3666 bonitatem,
1279 3598 1314 3651 et
1331 3587 1417 3650 IESU
1434 3601 1482 3646 re·

378 3689 563 3770 demptorIs
581 3692 698 3754 merita
713 3693 832 3756 eodem
849 3705 984 3758 auctore
1008 3697 1237 3778 cognovimus.
1254 3693 1322 3759 Sed
1337 3689 1481 3755 vicissim

379 3794 435 3875 pia
450 3795 608 3875 precandi
624 3797 865 3860 consuetudine
882 3798 963 3860 nihil
980 3810 1030 3863 est
1046 3801 1089 3863 ad
1106 3801 1261 3862 alendam
1279 3796 1481 3878 augendam·

380 3917 444 3981 que
461 3897 560 3962 fidem
577 3900 696 3982 aptius.
714 3899 817 3965 Cuius
827 3901 962 3984 quidem
979 3901 1119 3979 virtutis,
1136 3904 1168 3965 in
1187 3902 1351 3986 plerisque
1365 3894 1481 3962 debili·

379 4014 479 4082 tatae,
495 4005 528 4066 in
545 4006 658 4068 multis
674 4006 853 4082 extinctae,
878 4015 1018 4088 apparet
1045 4018 1170 4090 quanta
1195 4007 1317 4070 sithoc
1333 4015 1481 4086 tempore

381 4109 566 4173 necessitas.
596 4108 659 4172 Illa
683 4112 771 4173 enim
799 4121 849 4173 est
875 4112 1032 4188 maxime,
1060 4113 1149 4176 unde
1174 4131 1241 4175 non
1270 4111 1371 4174 modo
1394 4109 1482 4172 vitae

380 4212 584 4292 privatorum
601 4215 747 4295 petenda
771 4215 933 4277 correctio
958 4223 1017 4291 est,
1033 4215 1091 4278 sed
1117 4215 1218 4277 etiam
1243 4233 1357 4276 earum
1375 4229 1479 4276 rerum

381 4315 538 4379 iudicium
555 4319 813 4398 expectandum,
829 4337 968 4398 quarum
985 4317 1154 4380 conflictio
1164 4317 1293 4400 quietas
1304 4328 1337 4381 et
1353 4333 1481 4380 securas

411 4458 431 4491 1.
445 4443 544 4496 March„
558 4455 602 4498 vlt,
618 4459 652 4490 11.
666 4469 695 4477 -—
705 4459 726 4491 2.
742 4446 835 4496 lPetr.,
846 4455 870 4497 v,
882 4457 904 4504 5.
