3336 4870
294 975 325 1010 21
601 949 771 1016 ERTUM
798 949 907 1016 Nobis
931 972 970 1016 ac
997 971 1191 1034 persuasum
1219 961 1300 1028 erat,
1315 959 1350 1014 te
1370 951 1513 1034 aliosque

236 1020 383 1122 scaptiam
620 1053 779 1119 Brasiliae
806 1053 994 1138 Episcopus
1010 1055 1043 1118 in
1071 1055 1133 1118 hac
1161 1065 1351 1138 temporum
1378 1053 1512 1120 difficul-

410 949 436 1324 ἔ
569 1169 594 1246 ff
896 1159 903 1174 .
1188 1158 1195 1173 .
1448 1161 1455 1174 .

275 1223 388 1294 Ponnsa
617 1166 687 1221 tate
704 1158 794 1222 haud
810 1179 945 1242 segarus
961 1160 1152 1224 adserturos
1175 1158 1364 1222 libertatem
1381 1178 1421 1224 ac
1447 1177 1512 1224 rura

229 1283 389 1354 gratiasagir
618 1260 839 1345 Apostolicae
850 1262 957 1340 Sedis,
972 1281 1072 1345 quarn
1086 1263 1186 1327 ceteri
1199 1260 1337 1327 fecerint
1348 1283 1511 1328 sacrorum

231 1343 388 1448 mm:
414 1365 604 1432 Antistites.
623 1367 706 1430 Ideo
722 1385 789 1430 non
812 1367 1026 1450 insperatum,
1042 1368 1105 1432 etsi
1121 1369 1358 1450 gratissimum,
1373 1369 1417 1432 ad
1444 1367 1513 1432 Nos

235 1415 377 1580 “dms“
413 1471 562 1553 pervenit
575 1472 781 1554 praeclarum
799 1472 1028 1536 testimonium
1042 1471 1131 1553 quod
1149 1491 1187 1536 ea
1198 1472 1240 1536 de
1251 1492 1285 1535 re
1302 1471 1411 1537 Nobis
1423 1490 1513 1555 prae·

413 1574 514 1640 buere
529 1575 697 1640 officiosae
714 1576 852 1653 litterae,
867 1595 951 1660 quas
968 1597 1073 1658 nuper
1089 1574 1149 1640 abs
1165 1586 1199 1640 te
1222 1577 1414 1660 accepimus
1430 1576 1512 1641 aliis-

414 1699 480 1762 que
506 1679 764 1743 Venerabilibus
790 1679 971 1756 Fratribus,
990 1681 1046 1763 qui
1075 1680 1330 1745 Brasiliensibus
1358 1680 1512 1746 Ecclesiis

260 1813 387 1860 omme
413 1783 567 1865 regendis
598 1795 765 1866 praesunt.
780 1819 823 1832 -
841 1783 918 1865 Quo
941 1783 1119 1849 iucundius
1147 1782 1255 1848 Nobis
1279 1785 1343 1848 hoc
1369 1781 1512 1848 officium

235 1873 385 1920 ⁹'''‘¹''‘“¹⁰⁰
411 1896 498 1951 esset
529 1887 669 1951 accessit
699 1887 845 1969 gravitas
877 1905 985 1951 rerum
1014 1909 1052 1951 ac
1083 1887 1335 1964 sententiarum,
1350 1907 1419 1972 qua
1449 1907 1511 1952 non

249 1934 373 1979 catholicis

235 1992 387 2097 §effugetis
413 1993 515 2056 modo
530 1991 730 2074 dignitatern
749 1993 908 2057 Nostram
925 1992 1111 2057 tuebamini
1128 2001 1161 2057 et
1174 1993 1320 2058 tatrones
1330 1992 1513 2058 catholicae

234 2110 349 2170 sraejurae.
413 2093 592 2172 Ecclesiae,
608 2098 667 2161 sed
687 2095 788 2160 etiarn
816 2105 995 2179 praecepta
1020 2096 1230 2160 sanctissima
1257 2097 1337 2160 iuris
1361 2097 1511 2180 gentium

411 2217 497 2276 quae
513 2197 629 2262 violari
645 2200 781 2283 quidem
798 2202 830 2264 vi
846 2212 882 2263 et
896 2201 997 2263 armis
1012 2209 1163 2283 possunt,
1178 2212 1214 2264 at
1229 2210 1399 2282 nequeunt
1410 2201 1510 2266 everti

411 2311 446 2368 et
461 2303 624 2388 extingui.
639 2340 680 2354 -
693 2304 787 2389 Apte
802 2324 901 2388 porro
927 2305 1099 2387 respondit
1114 2305 1342 2386 expectationi
1367 2305 1511 2372 Nostrae

413 2407 499 2472 iusta
521 2409 688 2486 severitas,
712 2430 778 2494 qua
806 2411 895 2492 leges
923 2407 1118 2492 improbatis
1134 2429 1175 2472 eo
1201 2409 1343 2474 concillo
1373 2409 1460 2476 latas
1476 2420 1511 2476 ut

264 2544 385 2590 Novam
411 2513 658 2596 dispensatores
674 2515 908 2597 mysteriorum
932 2511 1006 2590 Dei,
1021 2515 1206 2578 minatione
1229 2533 1412 2596 poenarum
1436 2535 1512 2579 con-

233 2607 386 2708 ‘glum
412 2617 517 2680 territi
521 2617 845 2700 ,turpiterofficium
861 2619 1017 2683 deserant
1043 2617 1194 2700 sacrique
1221 2619 1394 2682 ministerii
1421 2637 1513 2682 exer·

234 2721 388 2828 spct'nrzistlpgs
412 2721 528 2786 citium
545 2725 587 2788 ad
604 2743 678 2787 eam
692 2742 844 2786 normam
861 2723 1017 2806 dirigant,
1032 2742 1134 2804 quarn
1152 2721 1257 2786 civilis
1272 2730 1434 2803 potestas,
1449 2741 1512 2786 non

235 2843 381 2887 venementer
414 2847 513 2908 quam
532 2827 691 2892 Cttutstt
707 2828 860 2893 doctrina
875 2827 1096 2911 praescripsit.
1113 2823 1244 2910 Quibus
1261 2824 1435 2909 legibus'
1407 2847 1435 2890 st
1459 2845 1513 2910 pa·

233 2901 344 2948 damen

414 2949 483 2992 rere
506 2951 592 3013 opus
621 2941 719 3009 esset,
734 2929 861 2994 nulla
852 2952 918 2994 ram
944 2929 1029 2994 soret
1054 2929 1310 2994 sacerdotalium
1340 2948 1512 2995 munerum

412 3035 581 3109 sanctitas,
604 3034 696 3098 nulla
718 3035 842 3118 religio.
859 3033 955 3118 Quae
980 3055 1056 3098 cum
1084 3035 1151 3099 sint
1178 3033 1398 3116 apertissima,
1426 3031 1512 3097 haud

413 3137 572 3202 miramur
587 3139 687 3202 etiarn
712 3139 843 3203 fidelem
871 3139 1032 3221 populum
1050 3139 1145 3202 istius
1169 3137 1325 3220 regionis,
1339 3148 1441 3220 prout
1467 3136 1512 3200 in·

412 3241 523 3320 unitis,
538 3242 673 3306 eosdem
703 3243 904 3325 praeseferre
931 3263 1058 3320 sensus,
1074 3261 1159 3326 quos
1185 3242 1304 3306 litteris
1321 3243 1440 3306 vestris
1455 3260 1512 3306 ex·

263 3363 353 3434 Sperat
410 3343 599 3427 plicavistis
612 3384 655 3396 -
673 3347 723 3411 Ea
739 3369 790 3411 res
806 3368 899 3430 spem
917 3346 997 3411 iacit
1014 3346 1083 3410 iore
1110 3357 1147 3410 ut
1167 3346 1317 3410 omnium
1345 3347 1511 3411 mentibus

231 3422 383 3528 ,miz
410 3449 570 3533 affulgeat
597 3463 666 3515 tarn
699 3451 876 3516 manifesta
908 3452 968 3515 lux
995 3451 1154 3527 veritatis,
1175 3453 1356 3534 cunctique
1386 3450 1511 3516 cordati

232 3541 317 3587 'um'
347 3556 383 3589 ar·
409 3553 561 3618 homines
577 3567 647 3618 tam
660 3575 761 3638 grave
779 3569 811 3619 et
827 3575 965 3619 concors
977 3555 1053 3619 de''
1032 3575 1071 3618 us
1087 3574 1173 3635 quae
1189 3564 1264 3618 acta
1290 3564 1369 3618 sunt
1395 3562 1510 3618 contra

233 3614 259 3644 70
286 3616 296 3644 5

244 3614 384 3719 silenis-³
411 3656 596 3722 Ecclesiam
613 3658 772 3724 iudicium
790 3659 908 3734 lerant,
924 3671 959 3722 ut
983 3667 1135 3723 auctores
1162 3657 1254 3741 ipsos
1282 3677 1390 3722 rerum
1418 3656 1461 3720 ab
1476 3673 1510 3723 se

273 3733 335 3769 mm
408 3775 578 3843 gestarum
594 3763 762 3846 pudeat,''
740 3782 830 3845 nque
841 3773 997 3827 revocato
1007 3764 1049 3826 ad
1063 3762 1151 3826 viam
1163 3761 1311 3826 iustitiae
1322 3761 1427 3843 gradu
1445 3775 1507 3822 non

408 3866 518 3930 minus
534 3867 608 3949 paci
625 3867 796 3930 Ecclesiae
810 3887 912 3950 quam
929 3885 1009 3930 suae
1024 3875 1059 3930 et
1080 3865 1252 3929 communi
1267 3864 1367 3929 saluti
1384 3861 1508 3945 prospi-

405 3971 506 4034 ciant.
521 4007 564 4018 —
580 3969 651 4033 Vos
668 3971 800 4035 interim
813 3971 867 4053 pie
880 3991 918 4034 ac
933 3970 1101 4053 sapienter
1128 3969 1238 4035 iacitis
1262 3970 1344 4034 dum
1369 3964 1507 4052 supplici

407 4093 503 4154 prece
520 4073 560 4137 ad
580 4072 691 4137 Deum
704 4094 863 4139 conversa
879 4094 1070 4158 supremam
1086 4076 1157 4138 eius
1173 4073 1336 4138 invocatis
1348 4091 1457 4156 operta,
1472 4079 1507 4134 ut

256 4211 379 4259 Mb„
406 4178 569 4260 propitius
585 4179 672 4242 adsit
686 4178 811 4261 populo
824 4199 893 4256 suo,
906 4199 1014 4262 neque
1023 4197 1100 4244 eum
1118 4179 1205 4244 sinat
1221 4181 1347 4244 diutius
1362 4178 1415 4243 his
1428 4195 1505 4241 con-

241 4269 363 4378 miz}
405 4279 521 4344 ilictari
540 4281 708 4346 molestiis.
721 4281 891 4365 Optantes
907 4283 1021 4366 itaque
1037 4294 1073 4348 ut
1089 4284 1132 4347 ad
1145 4303 1261 4366 preces
1276 4292 1505 4364 vestras‚quae

403 4391 436 4443 et
454 4377 598 4444 Nostrae
610 4392 696 4458 sunt,
713 4382 812 4446 Pater
827 4381 990 4447 Caelestis
1009 4383 1147 4448 inclinet
1162 4403 1268 4461 aures,
1285 4383 1439 4466 Eumque
1455 4400 1503 4444 ro-
