3140 4866
399 378 470 450 268
515 399 631 454 estse.
654 389 675 416 ‘¹
694 399 921 452 rasrosnus
939 397 1081 454 oss-ucri
1097 397 1386 462 (ῑοτεεειιιὶιτιιι,ι

394 571 467 654 ipse
481 573 647 655 ceciderit.
661 575 714 642 cui
724 595 836 642 rursus
850 595 918 643 non
931 575 1130 654 inconsulta,
1145 595 1214 641 non
1243 575 1348 660 plane
1372 572 1470 640 m

394 673 477 742 haec
495 676 631 744 honoris
646 677 763 746 tuendi
788 679 875 746 ratio
889 679 1066 746 videatur?
1096 679 1266 764 Equidem
1282 697 1405 762 paunus
1418 693 1469 738 esst

395 796 514 858 remur,
524 781 582 864 qui
597 781 662 848 boc
676 781 802 847 obeant
812 781 949 860 facinus,
963 781 1132 866 opinionis
1142 801 1255 848 errore
1266 781 1404 864 decepti
1414 777 1472 846 On

244 887 297 978 ξε
313 887 372 978 ⁰1⁷3
396 881 477 948 nino
491 884 658 968 cupiditas
674 885 811 950 ultionis
829 895 890 964 est,
904 905 992 970 quae
1006 885 1094 950 uiros
1108 887 1273 970 superbos
1289 895 1324 950 et
1338 903 1422 956 acret
1444 883 1473 946 ai

238 1066 259 1096 u
276 1007 333 1096 Μαι,
345 993 371 1097 ’ἶ
396 1005 540 1070 poenam
562 991 744 1074 petendam
759 990 924 1076 impellit:
946 991 1005 1075 qui
1028 991 1057 1056 si
1072 990 1198 1056 elatum
1214 992 1370 1056 animum
1387 987 1473 1054 mode·

245 1125 256 1156 s
395 1088 469 1166 rari,
481 1087 624 1174 Deoque
642 1091 877 1176 obtemperare
891 1092 995 1158 veiint
1011 1093 1068 1176 qui
1084 1091 1238 1158 homines
1254 1092 1352 1156 iubet
1365 1089 1473 1171 diliget

394 1193 527 1258 interse
541 1215 656 1262 amore
671 1195 827 1274 fraterno,
837 1206 870 1262 et
881 1215 1086 1280 quemquam
1102 1193 1219 1260 violari
1235 1205 1343 1274 vetat,
1353 1195 1404 1279 qui
1415 1193 1472 1258 ulci-

394 1298 509 1362 scendi
532 1299 705 1366 libidinem
721 1301 756 1364 in
773 1301 911 1386 priuatis
930 1299 1122 1366 hominibus
1137 1300 1341 1384 grauissime
1351 1299 1472 1368 damnat.

394 1417 433 1462 ac
448 1419 633 1484 poenarum
650 1407 905 1490 repetendarum
922 1407 984 1470 sibi
1004 1407 1101 1470 unice
1122 1414 1271 1470 reservat
1288 1413 1472 1494 potestaten.

393 1503 438 1567 ab
453 1504 593 1572 immani
609 1509 853 1576 consuetudine
866 1509 1056 1574 duellorum
1072 1506 1168 1572 iaeile
1183 1508 1404 1573 discederent.

259 1622 271 1651 ²
287 1621 315 1652 *θ
325 1621 367 1712 ¹¹2}
437 1607 558 1692 Neque
573 1611 637 1676 illis
652 1613 709 1696 qui
725 1612 876 1679 oblatum
891 1622 1061 1678 certamen
1078 1611 1265 1694 suscipiunt
1283 1611 1373 1677 iusta
1382 1625 1473 1691 snppe

277 1725 286 1794 j
358 1751 367 1762 ·
391 1711 435 1776 tit
448 1716 625 1780 excusatio
641 1727 759 1796 metus,
767 1718 859 1801 quod
869 1716 1013 1782 timeant
1028 1735 1064 1780 se
1079 1715 1182 1798 vulgo
1197 1735 1324 1800 segnes
1335 1711 1442 1788 haberi
1453 1709 1470 1772 si

230 1798 258 1886 ξ’
270 1857 317 1888 m
328 1800 367 1893 tf.
391 1834 540 1900 pugnam
556 1820 752 1887 detrectent
769 1821 858 1886 Nam
868 1821 896 1886 si
911 1819 1023 1884 officia
1037 1818 1212 1885 hominum
1229 1833 1278 1884 ex
1303 1821 1394 1886 salsis
1406 1813 1472 1896 subi

390 1920 604 2000 opinionibus
619 1923 826 1990 dimetienda
841 1933 1031 2002 essent‚onn
1048 1943 1095 1988 ex
1104 1933 1240 1988 aeterna
1251 1923 1340 1988 recti
1355 1921 1470 2000 iustiqu

245 2067 260 2098 a
312 2054 364 2100 fa„
391 2042 518 2102 norma,
534 2025 662 2090 nullum
678 2038 767 2094 esset
783 2027 933 2094 naturale
948 2046 988 2091 ac
998 2045 1113 2092 verum
1130 2021 1471 2092 interhonestasactic-

231 2127 247 2157 '¹
274 2113 285 2157 ¹'
295 2129 318 2217 ξ,
340 2129 364 2160 Γ·
391 2145 450 2192 nes
465 2138 499 2193 et
514 2127 681 2212 flagitiose
710 2131 799 2196 iacta
828 2132 1016 2198 discrimen
1045 2129 1114 2214 ipsi
1130 2131 1303 2214 sapientes
1319 2127 1471 2195 ethniciet

213 2231 262 2336 {¹⁵²
289 2234 364 2338 „7¹:²²
389 2242 514 2299 norunt
528 2241 563 2298 et
577 2235 796 2315 tradiderunt,
811 2235 943 2300 fallacia
958 2235 1049 2318 uulgi
1065 2233 1188 2300 iudicia
1217 2234 1406 2318 spernenda
1418 2243 1470 2292 esst
1532 2303 1533 2306 Ἴ

344 2327 350 2338 ’
389 2336 500 2402 aiorti
526 2346 561 2402 et
590 2340 759 2404 constanti
782 2339 863 2404 viro.
881 2339 992 2406 Iustus
1019 2339 1132 2422 potius
1161 2347 1197 2404 et
1226 2349 1367 2405 sanctus
1393 2335 1470 2399 dou

388 2448 449 2518 est,
464 2441 521 2528 qui
533 2443 654 2508 avertit
669 2442 840 2508 hominem
856 2444 901 2509 ab
916 2443 1030 2526 iniqua
1045 2441 1158 2520 caede,
1172 2460 1322 2524 eumque
1351 2437 1423 2504 iacit
1440 2433 1469 2495 dt

288 2603 364 2648 mm
389 2545 572 2626 propriant
588 2545 726 2612 fratrum
742 2547 850 2612 salute
865 2546 1054 2613 sollicitum
1072 2545 1183 2610 immo
1197 2546 1255 2630 qui
1272 2543 1386 2610 inania
1399 2533 1468 2618 uugi

230 2675 245 2704 u
279 2661 283 2672 ·
344 2663 364 2706 ι’·
389 2659 585 2729 aspernatur
601 2649 733 2728 iudicia,
748 2651 805 2734 qui
821 2650 1100 2716 contumelarium
1130 2648 1269 2714 uerbera
1297 2646 1405 2713 subire
1417 2655 1469 2704 mt-
1529 2707 1530 2710 ,

212 2734 242 2824 η’,
255 2735 271 2765 ”
286 2794 309 2826 ‚0
326 2735 362 2825 ’Ἓξ
388 2750 469 2830 vult,
483 2770 585 2835 quarn
617 2753 685 2818 ulla
699 2756 733 2819 in
750 2775 785 2819 re
798 2753 946 2821 officium
960 2755 1121 2832 deserere,
1136 2751 1226 2818 hunc
1241 2751 1346 2836 longe
1367 2745 1467 2814 maios

212 2838 313 2944 ”temp
325 2856 362 2946 ἐξ
387 2865 489 2937 atque
504 2855 689 2924 excelsiore
703 2860 818 2924 animo
832 2879 905 2923 esse
924 2858 1131 2942 perspicitur,
1146 2877 1247 2941 quam
1262 2857 1325 2939 qui
1341 2855 1382 2920 ad
1396 2863 1466 2916 anm

387 2960 559 3041 procurrit,
574 2960 746 3028 lacessitus
769 2963 898 3028 iniuria.
914 2961 1005 3046 Quin
1021 2963 1134 3039 etiam,
1157 2961 1185 3024 si
1209 2967 1301 3026 recte
1316 2955 1464 3024 diiudicat

386 3063 475 3142 velit,
490 3063 546 3128 ille
561 3075 612 3130 est
627 3086 723 3146 unus,
748 3067 782 3132 in
812 3087 883 3151 quo
897 3067 1006 3133 solida
1021 3065 1183 3130 fortitudo
1197 3061 1341 3142 eluceat,
1355 3059 1415 3135 illa
1431 3055 1468 3118 il·

384 3183 497 3246 quam,
513 3164 685 3247 fortitudo,
714 3189 801 3254 quae
826 3170 931 3235 virtus
957 3189 1034 3233 vere
1049 3168 1250 3244 nominatur,
1265 3175 1303 3232 et
1317 3165 1371 3230 cui
1383 3155 1466 3245 glorii

267 3267 305 3372 “je
317 3282 361 3314 0⁸0
385 3287 498 3335 comes
512 3280 565 3335 est
579 3292 647 3336 non
664 3272 784 3352 fucata,
799 3293 866 3340 non
883 3272 998 3338 fallax.
1014 3269 1131 3336 Virtus
1145 3272 1236 3335 enirn
1251 3270 1287 3334 in
1304 3269 1394 3334 bono
1405 3279 1464 3328 con·

210 3384 221 3428 ι·
263 3443 268 3454 ,
305 3361 360 3434 v'm
384 3370 472 3435 sistit
487 3374 607 3438 rationi
623 3387 859 3454 consentaneo,
889 3387 924 3441 et
948 3375 1011 3439 nisi
1027 3392 1114 3458 quae
1142 3374 1177 3437 in
1208 3370 1335 3437 iudicio
1364 3367 1464 3436 uitabit

218 3458 247 3489 ‘²'
267 3459 330 3492 “³''
384 3475 604 3556 approbantis
616 3479 691 3560 Dei,
705 3479 809 3546 stulta
823 3481 934 3545 omnis
949 3489 1000 3544 est
1015 3478 1130 3561 gloria.

237 3580 359 3685 75:551:
427 3579 583 3664 Denique
614 3593 685 3649 tam
713 3585 888 3668 perspicua
917 3583 1019 3650 duelli
1045 3581 1219 3664 turpitudo
1246 3590 1308 3658 est,
1338 3567 1462 3644 utillud

220 3711 259 3742 um
290 3713 326 3768 gr·
337 3713 358 3744 ι.
383 3690 516 3747 nostrae
531 3684 633 3749 etiam
650 3689 771 3753 aetatis
791 3688 1039 3771 legumlatores,
1053 3683 1188 3752 tametsi
1206 3683 1387 3748 multorum
1412 3669 1462 3740 sui·

206 3770 359 3868 5⁰22'Zf‘5
381 3779 489 3864 fregio
500 3787 755 3872 patrocinioque
770 3788 902 3868 fultum,
922 3788 1122 3854 auctoritate
1144 3783 1280 3870 publica
1302 3779 1461 3868 poenisqtte

381 3889 563 3970 propositis
572 3895 794 3959 coercendum
809 3895 978 3960 duxerint.
1003 3891 1090 3956 Illud
1107 3891 1169 3956 bac
1185 3889 1219 3953 in
1239 3909 1275 3954 rc
1295 3889 1461 3973 praeposi*

306 4075 311 4086 1
343 4077 347 4086 ³
383 4011 455 4054 rum
472 3993 688 4078 maximeque
703 3997 938 4082 perniciosum,
948 3997 1037 4081 quod
1054 3995 1198 4078 scriptae
1213 3993 1305 4078 leges
1317 4013 1352 4058 re
1374 3983 1459 4055 sotis

198 4076 358 4194 filiiflii}
380 4113 445 4176 que
461 4093 529 4160 sere
543 4096 744 4167 eludantur:
759 4103 861 4186 idque
877 4121 945 4166 non
966 4121 1043 4166 raro
1063 4099 1245 4166 scientibus
1260 4107 1295 4162 et
1310 4091 1458 4162 silentibus

207 4197 249 4238 “²³-
381 4196 573 4279 iis,quorum
585 4211 637 4268 est
651 4205 762 4287 puniri
771 4215 980 4284 sontes,et‚ut
995 4203 1124 4290 legibus
1132 4195 1457 4288 pareaturprovidere

384 4299 437 4362 ita
452 4299 490 4365 fit
506 4313 543 4368 ut
558 4307 682 4386 passim
700 4310 743 4374 ad
759 4311 942 4394 singularia
953 4308 1135 4375 certamina
1145 4307 1357 4382 descendere.
1372 4301 1458 4384 sitm

384 4403 559 4470 maiestate
575 4407 698 4492 legum,
709 4415 847 4497 impune
860 4415 970 4483 liceat.
