3250 4876
535 393 657 444 tnosx
686 391 936 446 nnntxrtcus.
1195 388 1267 463 317

224 598 348 668 dinibus,
361 617 426 671 quae
446 599 521 658 inter
533 619 564 657 se
585 612 613 658 et
632 602 711 672 ipsos
730 611 805 669 sunt,
826 609 1026 670 argumentum
1051 601 1138 656 sumit
1157 549 1260 655 adm·

224 677 459 748 proclamandom
470 679 787 738 Ecclesiaeunirersalis
798 679 933 734 decorem
941 677 1019 734 61.-
1034 678 1106 735 lnde
1118 679 1196 750 apud

225 773 326 814 omnes
345 758 468 814 multum
487 761 563 815 valet
575 760 614 814 ad
626 775 728 830 pacem
738 759 782 814 61.
795 788 831 800 ·-
844 759 984 814 Hortatur
1006 774 1056 813 eos
1078 759 1117 814 ad
1129 775 1197 814 con·

225 853 351 906 sensum,
361 837 531 909 obsequium
540 854 609 908 erga
626 839 733 895 Sedem
743 837 951 909 Apostolicam,
963 835 1157 909 fiduciamque
1168 838 1197 893 in

227 914 399 971 Pontificem
412 915 482 986 ipsis
493 916 711 972 devotissimum
722 916 765 972 61.

189 1023 246 1074 20.
262 1022 503 1076 ALLOCUTIO
516 1025 560 1075 ad
580 1025 767 1076 Lusitanos.
780 1051 815 1061 -
827 1024 870 1076 26
885 1026 1000 1090 aprilis
1013 1025 1092 1076 1888
1097 1061 1198 1076 ......
1234 1021 1270 1090 63

262 1124 415 1180 Paternum
427 1123 561 1180 affectum
574 1123 602 1180 in
617 1125 769 1181 Lusitanos
779 1143 813 1181 eo
824 1125 959 1180 libentius
967 1134 1088 1181 testatur
1101 1124 1198 1180 Ponti·

225 1203 280 1270 fex,
289 1219 346 1276 quo
363 1202 542 1275 eloquentius
559 1203 613 1274 ipsi
627 1204 714 1260 fidem
724 1221 806 1260 suam
823 1206 1025 1261 inconcussam
1038 1204 1198 1274 proclama·

228 1292 293 1338 runt
302 1281 348 1351 63.
359 1311 394 1322 ·-
407 1282 519 1338 Recolit
530 1283 660 1339 Pontifex
668 1301 732 1356 quae
741 1283 803 1354 jam
813 1293 899 1340 antea
909 1301 960 1354 pro
972 1283 1120 1339 Lusitania
1132 1299 1197 1354 ege·

228 1361 275 1432 rit,
292 1363 452 1433 praesertim
482 1364 589 1420 recenti
617 1365 801 1420 Concordato
822 1365 865 1433 63.
893 1395 925 1404 -
945 1366 1022 1420 Vota
1049 1365 1117 1420 facit
1147 1379 1199 1434 pro

229 1441 359 1498 libertate
371 1442 512 1498 Ecclesiae
520 1443 564 1509 64
578 1445 716 1500 -Avitae
729 1443 874 1500 traditioni
894 1455 925 1501 ut
942 1444 1040 1500 fideles
1063 1451 1199 1500 maneam

230 1520 309 1594 ipsos
320 1521 459 1591 bortatur,
471 1521 513 1576 eis
527 1522 700 1578 benedicens
713 1525 756 1590 64.

193 1629 242 1681 21.
263 1630 504 1683 ALLOCUTIO
514 1631 556 1683 ad
571 1631 832 1683 Holiandiensos.
846 1656 882 1668 —
895 1631 939 1682 20
956 1631 1072 1694 aprilis
1085 1630 1198 1681 1888...
1235 1625 1271 1696 65

268 1721 379 1777 Laudat
389 1722 614 1778 Hollandienses
627 1723 664 1779 de
677 1724 795 1780 robusta
807 1723 872 1793 fide,
882 1724 975 1797 deque
987 1733 1047 1779 tam
1057 1723 1144 1792 longo
1156 1722 1200 1778 iti·

230 1818 299 1858 nere
317 1814 452 1873 suscepto
461 1803 505 1872 65.
518 1832 555 1843 -
568 1803 729 1859 Ecclesiam
742 1803 832 1860 bocce
845 1802 963 1872 jubilaeo
979 1801 1156 1872 magnificari
1169 1811 1200 1857 ut

230 1895 297 1935 vere
308 1879 437 1935 divinam
447 1891 569 1937 testatur
581 1881 624 1952 65.
633 1881 757 1938 -Sicut
775 1881 906 1936 Pontifex
920 1883 1021 1936 Romae
1033 1891 1144 1937 certare
1154 1897 1201 1936 co-

231 1957 316 2028 gitur,
326 1959 366 2014 ita
380 1959 604 2016 Holiandienses
616 1961 726 2017 fortiter
746 1961 883 2016 dimicant
894 1977 945 2030 pro
960 1958 1070 2030 juribus
1081 1959 1146 2014 fidei
1157 1959 1202 2014 66.

234 2039 428 2106 Perseverent,
441 2039 610 2095 hierarchiae
630 2039 769 2096 restitutae
787 2038 1025 2108 subditi,scholas
1046 2037 1203 2093 catholicas

236 2119 470 2190 quamplurimas
482 2119 588 2190 ubique
608 2130 775 2190 spargentes
784 2119 827 2174 66.
836 2149 872 2158 —
884 2117 958 2189 Ipsis
970 2117 1114 2172 benedicit
1123 2119 1167 2172 66.

199 2225 253 2276 22.
274 2227 515 2280 ALLOCUTIO
531 2228 574 2280 ad
592 2229 706 2280 fideles
725 2229 874 2281 dioecesis
895 2229 1155 2278 Barcinonensis.
1169 2251 1206 2262 -

154 2305 358 2358 3mail888
1239 2302 1274 2368 67

273 2396 404 2452 Pontifex
424 2398 521 2454 laudat
543 2397 739 2468 Hispanorum
758 2396 957 2468 frequentiam,
970 2395 1204 2465 munificentiam,

233 2475 427 2531 obedientiam
434 2476 514 2544 67.-
525 2478 633 2533 lterum
640 2485 738 2532 monet
748 2491 807 2544 eos,
817 2485 846 2530 ut
857 2477 894 2530 ab
901 2475 1083 2530 inimicorum
1093 2475 1204 2530 insidiis

233 2555 382 2625 vigilantia
391 2555 491 2626 securi,
500 2557 657 2612 concordes
667 2557 741 2610 inter
754 2571 818 2610 sese
838 2554 961 2610 existant
974 2555 1018 2608 68.
1035 2583 1071 2592 -
1094 2555 1205 2610 Laudat

236 2635 384 2704 Hispanos
393 2635 471 2704 quod
488 2644 548 2690 tam
569 2651 646 2704 aegre
663 2633 816 2704 spoliatum
833 2649 897 2689 esse
912 2632 1082 2688 Pontificem
1093 2630 1204 2702 patian-

235 2723 281 2767 tur
288 2713 503 2770 68.·-Vindicat
512 2715 622 2771 fortiter
630 2730 682 2770 sua
688 2715 753 2785 jura
761 2713 841 2770 68.—
851 2712 1001 2768 Benedicit
1012 2711 1151 2782 Hispanis
1160 2714 1205 2769 68.

198 2819 252 2870 2³.
268 2818 479 2870 EPISTOLA
492 2819 535 2869 ad
546 2820 723 2881 Episcopus
732 2820 879 2869 Brasiliae
889 2815 1205 2869 desublataibidem

151 2897 632 2951 servituto-smantaae...
1240 2894 1276 2964 69

272 2990 377 3044 Servos
391 2989 521 3044 Brasiliae
534 2990 639 3044 multos
647 2987 800 3062 occasione
807 2987 915 3059 jubilaei
924 2987 968 3043 sui
976 2986 1107 3042 libertate
1116 2988 1207 3044 dono-

236 3080 281 3125 tos
303 3070 426 3124 maxime
445 3071 557 3125 laetatur
570 3068 699 3124 Pontifex
712 3069 755 3136 69.
764 3099 799 3108 -
812 3069 892 3136 Inde,
905 3084 1017 3124 necnon
1036 3067 1160 3138 aliunde,
1170 3070 1208 3124 de

237 3149 373 3204 servitute
394 3149 509 3220 penitus
528 3148 635 3204 ibidem
652 3148 768 3203 tolenda
789 3157 943 3218 auguratur
954 3145 998 3216 69.
1017 3177 1053 3187 -
1067 3147 1207 3217 Christus,

236 3228 316 3299 cnjus
328 3229 403 3299 gerit
420 3229 522 3298 vicem,
536 3230 574 3283 ad
589 3228 767 3283 liberandum
781 3227 928 3282 hominem
941 3224 1104 3282 incarnatus
1115 3226 1158 3296 69.
1173 3257 1209 3268 -

235 3309 323 3364 Teste
337 3309 486 3377 Gregorio,
499 3325 646 3363 servorum
654 3307 786 3362 liberatio
798 3309 862 3362 Deo
874 3316 957 3376 grata
966 3319 1046 3372 7o.-
1057 3307 1208 3375 Quaecum-

236 3403 293 3459 que
310 3386 349 3441 ad
365 3387 561 3442 renovandum
581 3387 738 3442 humanum
759 3404 850 3457 genus
870 3387 1043 3454 conducunt,
1062 3387 1210 3444 Pontificis

237 3476 303 3522 sunt
316 3479 359 3532 7ο.
369 3495 405 3506 -
416 3465 553 3534 Servitus,
565 3467 651 3520 statui
664 3465 785 3521 naturali
799 3465 941 3536 opposita,
951 3475 1024 3520 teste
1037 3466 1208 3535 Augustino,

236 3561 325 3616 poens
337 3556 381 3600 est
400 3558 443 3611 70.
456 3575 491 3586 -
502 3544 624 3601 Genesis
637 3547 783 3600 servitutis
805 3544 976 3600 describitur
986 3559 1028 3611 71.
1037 3573 1072 3584 —
1085 3546 1210 3600 immen-

242 3640 290 3678 sus
303 3641 447 3678 servorum
458 3641 592 3679 numerus
605 3633 672 3679 ante
681 3623 826 3678 Christum
836 3635 937 3680 natum
951 3624 1211 3694 ;pessimaeorum·

239 3703 307 3759 dem
316 3703 444 3759 conditio
457 3719 499 3771 71.
510 3733 545 3743 -
557 3704 695 3759 Immanis
712 3704 750 3758 de
762 3703 906 3759 servitutis
929 3704 1108 3770 necessitate,
1118 3703 1211 3773 deque

241 3799 387 3838 servorum
397 3795 499 3838 natura
508 3783 585 3855 apud
596 3782 784 3854 philosophos
794 3783 923 3838 doctrina
933 3795 976 3849 71.
986 3811 1022 3822 -
1034 3783 1105 3836 inde
1118 3781 1210 3836 infini-

237 3872 277 3917 tae
296 3861 475 3916 calamitates
494 3861 658 3917 civitatibus
671 3873 742 3916 ortae
762 3875 804 3928 72.
819 3861 995 3916 -Christus
1014 3862 1146 3915 homines
1170 3860 1209 3916 ad

240 3940 410 4011 dignitatem
423 3941 544 3998 filiorum
561 3942 617 3997 Dei
633 3941 785 4010 revocavit,
795 3952 868 3997 teste
886 3941 976 3995 Paulo
986 3954 1029 4006 72.
1041 3969 1072 3978 -
1091 3941 1156 4009 Qua
1175 3956 1211 3994 ex

242 4019 374 4075 doctrina
383 4019 636 4090 germinavitnovu
655 4019 777 4076 societas
790 4019 947 4076 christiana
959 4017 1050 4074 libera
1062 4033 1105 4087 73.
1119 4049 1154 4060 -
1163 4020 1210 4074 Ab

240 4097 359 4154 exordio
373 4100 502 4155 Ecclesia
513 4099 645 4156 homines
664 4099 761 4156 docuit
775 4101 900 4171 aequales
913 4098 1032 4169 origine,
1046 4097 1212 4170 adoptione,

239 4177 379 4234 societate
391 4193 433 4248 73.
448 4209 481 4219 —
491 4179 629 4234 Servilem
647 4191 753 4235 statum
769 4179 862 4250 primo
879 4177 1012 4248 mitigare
1022 4177 1140 4247 studuit,
1150 4177 1210 4232 offi-

241 4257 294 4313 ciis
306 4260 410 4314 mutuis
421 4259 581 4331 descriptis,
591 4260 712 4316 docente
720 4262 807 4315 Paulo
817 4259 1091 4330 73.-Utrorumqne
1103 4259 1213 4314 fructus

246 4353 281 4392 ex
293 4337 347 4392 hac
369 4337 500 4392 doctrina
510 4339 658 4407 colligitur,
672 4355 818 4394 servorum
828 4347 926 4408 utpote
938 4337 1111 4410 libertorum,
1121 4339 1213 4393 domi·

246 4433 348 4471 norum
361 4429 459 4488 utpote
467 4435 615 4474 servotum
624 4417 730 4473 Christi
744 4433 786 4486 74
796 4449 828 4458 -
839 4420 911 4488 Quae
926 4419 1029 4474 Paulus
1042 4418 1147 4487 docuit,
1156 4418 1214 4489 pri·
