3336 4870
405 355 478 406 210
534 355 629 406 crrt.
660 355 786 406 srosr.
819 341 839 370 ‘⁴
859 355 937 408 ccu
966 353 1196 406 nrosrocrcs
1223 354 1337 404 sauss
1357 389 1376 414 „

1331 463 1502 474 --—--

399 533 529 598 wiensis
557 535 708 618 impense
735 533 988 617 postulantium,
1004 543 1041 597 ut
1066 533 1155 598 idem
1184 531 1390 599 Ottawiense
1405 533 1500 597 colle·

398 638 490 723 glum
516 649 568 702 tot
595 638 788 703 nominibus
812 639 1087 702 commendatum
1125 637 1292 720 dignitate
1318 648 1352 702 et
1378 638 1500 702 iuribus

398 742 584 806 catholicae
601 742 848 820 Universitatis‚
863 763 907 806 ex
925 761 1017 806 more
1040 741 1261 824 institutoque
1287 739 1501 824 Apostolicae

399 845 498 912 Sedis
509 856 692 928 augeretur.
705 846 909 910 Huiusmodi
921 866 1036 930 preces
1047 844 1119 910 Nos
1132 845 1274 909 libenter
1284 844 1500 928 excipiendas

220 959 374 1006 intuitulocr'
398 951 596 1013 censuimus.
614 950 778 1016 Novimus
803 949 892 1014 enim
920 960 1064 1034 quantas
1094 951 1364 1034 opportunitates
1380 948 1500 1014 habeat

219 1023 374 1124 {nimi
400 1051 547 1134 Lyceum
566 1073 725 1137 magnum
742 1055 945 1138 optimorum
960 1053 1145 1118 studiorum
1157 1053 1190 1118 in
1202 1053 1283 1118 urbe
1297 1051 1502 1117 nobilissima
1589 1053 1591 1058 '

219 1139 373 1192 ''mm''
398 1158 553 1224 Ottawae
568 1159 875 1242 Archiepiscopalis
890 1157 1070 1224 cathedrae
1092 1158 1218 1222 honore
1234 1167 1334 1223 aucta
1349 1169 1383 1222 et
1398 1157 1502 1222 civilis

397 1263 541 1345 regionis
565 1265 645 1326 sede
669 1263 899 1336 constitutum,
926 1282 1012 1346 quae
1037 1272 1157 1327 natura
1184 1263 1248 1326 loci
1276 1263 1386 1328 media
1418 1264 1501 1326 inter

395 1363 477 1428 alias
494 1365 701 1432 Canadensis
727 1366 872 1448 regionis
899 1365 995 1430 urbes
1014 1386 1208 1449 assurgens,
1224 1367 1380 1432 omnibus
1412 1386 1500 1432 com·

397 1470 586 1534 meantibus
613 1468 709 1534 facile
725 1470 839 1552 pervia
854 1479 905 1533 est
921 1490 959 1533 ac
976 1489 1020 1534 ex
1038 1471 1226 1552 praesentia
1242 1469 1377 1553 insuper
1392 1469 1501 1534 lectis-

395 1573 555 1636 simorum
572 1572 717 1636 virorum
735 1572 836 1656 quiin
854 1574 1018 1656 supremis
1033 1573 1138 1636 civilis
1164 1573 1339 1656 potestatis
1355 1573 1503 1638 consiliis

396 1676 524 1752 sedent,
539 1676 662 1761 quique
678 1696 786 1740 rerum
804 1675 1011 1759 publicarum
1024 1677 1349 1742 administrationem
1374 1689 1504 1761 gerunt,

244 1799 341 1846 rnrvetru
396 1778 607 1863 splendidam
633 1780 724 1864 capit
748 1781 947 1844 accessionis
974 1781 1184 1864 dignitatem.
1211 1782 1377 1846 Novimus
1401 1783 1502 1848 etiam

218 1873 372 1966 ww
396 1904 465 1969 quo
481 1884 593 1948 studio
619 1883 733 1949 dilecti
760 1883 818 1948 filii
845 1884 976 1949 sodales
1005 1885 1284 1969 congregationis
1314 1885 1502 1950 oblatorum

220 1979 323 2084 ,affin
336 1993 372 2083 ἴα·
400 1987 528 2052 Mariae
545 1986 787 2052 Immaculatae
803 1988 846 2053 ab
861 2007 951 2053 anno
977 2003 1221 2054 Mucccxuvttt
1247 1999 1356 2054 rectae
1372 1989 1502 2055 institu-

257 2102 336 2142 emm
399 2092 482 2158 tioni
504 2091 686 2156 iuventutis
710 2112 846 2175 operam
874 2093 1038 2170 dederint,
1053 2094 1140 2157 curis
1167 2093 1290 2176 pariter
1316 2113 1355 2158 ac
1382 2092 1504 2177 opibus

221 2156 374 2274 3152ch:th
399 2197 468 2262 suis
484 2197 517 2259 in
533 2195 598 2260 hoc
614 2195 758 2260 salutare
785 2213 869 2279 opus
894 2197 1031 2279 eiusque
1057 2198 1235 2262 tuitionem
1264 2196 1350 2261 ultro
1366 2196 1507 2274 collatis,

221 2276 317 2382 {w
340 2287 374 2320 ⁶⁶
401 2309 434 2363 et
449 2307 657 2382 quantopere
681 2319 812 2382 semper
838 2300 931 2364 cordi
947 2299 1207 2364 fucriteiusdem
1225 2299 1506 2384 Congregationis

400 2403 602 2487 Praepositis
618 2405 708 2487 apud
725 2425 803 2468 suos
819 2405 1016 2487 obsequium
1034 2423 1113 2488 erga
1130 2403 1363 2487 Apostolicam
1380 2403 1506 2469 Sedem

400 2516 434 2571 et
449 2527 618 2572 sacrorum
645 2507 838 2584 Antistites,
865 2508 913 2572 uti
940 2508 1046 2586 decet,
1063 2508 1147 2572 tueri
1172 2517 1206 2572 et
1230 2507 1341 2572 lovere
1357 2527 1396 2572 ac
1413 2528 1507 2591 prae·

399 2620 527 2675 stantes
543 2631 624 2676 suae
640 2610 919 2695 Congregationis
935 2611 1089 2675 alumnos
1104 2611 1148 2676 ad
1164 2611 1307 2676 docendi
1335 2631 1458 2675 munus
1474 2611 1506 2675 in

400 2714 598 2780 Ottawiensi
615 2715 757 2799 collegio
784 2736 989 2799 promovere,
1004 2735 1145 2799 quorum
1162 2714 1273 2800 plures
1290 2716 1322 2780 in
1338 2714 1402 2778 hac
1418 2714 1508 2778 alma

402 2817 496 2884 Urbe
508 2820 541 2882 in
556 2817 763 2902 Gregoriano
777 2820 891 2903 Lyceo
915 2819 1093 2886 Societatis
1112 2819 1187 2885 lesu
1205 2820 1380 2885 doctrinae
1395 2817 1508 2882 laurea

401 2923 509 2987 ornati
526 2923 625 3000 luere,
640 2923 807 3006 simulque
833 2923 1015 3008 advigilare
1032 2935 1069 2988 ut
1084 2923 1335 3007 philosophicae
1359 2943 1398 2986 ac
1413 2922 1507 2986 theo·

391 3025 530 3110 logicae
556 3027 784 3092 institutiones
811 3049 855 3092 ex
886 3027 919 3094 S.
947 3027 1101 3093 Thomae
1131 3027 1316 3111 Aquinatis
1354 3025 1508 3091 doctrina

402 3131 612 3194 traderentur
627 3131 767 3216 ;quibus
778 3132 876 3196 rebus
890 3132 1013 3196 lactum
1028 3151 1100 3196 esse
1110 3141 1320 3215 compertum
1336 3129 1509 3205 habemus,
1629 3147 1630 3210 ς

403 3244 440 3299 ut
451 3232 563 3317 plures
575 3235 802 3318 praeclarique
811 3257 856 3300 ex
867 3236 1125 3302 Ottawiensium
1138 3235 1315 3300 doctorum
1331 3230 1509 3317 disciplina

403 3337 530 3402 alumni
555 3339 747 3421 prodierint,
777 3341 835 3423 qui
860 3340 1158 3417 existimationem,
1184 3349 1218 3404 et
1243 3339 1346 3404 decus
1362 3337 1508 3400 institu-

403 3441 531 3507 toribus
555 3442 624 3508 suis
651 3443 717 3508 late
743 3444 972 3511 conciliarunt.
998 3443 1070 3510 Nos
1091 3445 1192 3528 igitur
1215 3443 1306 3508 hisce
1333 3442 1432 3505 rebus
1448 3440 1509 3504 rite

403 3547 584 3630 perpensis,
610 3557 644 3612 et
668 3548 902 3614 communibus
929 3551 1017 3615 votis
1043 3549 1186 3612 libenter
1220 3555 1405 3612 annuentes
1436 3551 1507 3609 tum

403 3648 614 3715 Venerabilis
625 3650 751 3716 Fratris
763 3651 897 3734 losephi
907 3653 1061 3718 Thomae
1072 3649 1240 3715 Duhamel
1253 3644 1509 3732 Archiepiscopi

404 3751 620 3820 Ottawiensis
646 3767 719 3819 turn
749 3757 932 3839 Praepositi
963 3765 997 3820 et
1024 3755 1190 3822 sodalium
1230 3751 1509 3838 Congrcgationis

226 3869 379 3992 “sumzu
403 3859 593 3924 oblatorum
629 3859 759 3924 Mariae
801 3860 1054 3938 Immaculatae‚
1084 3859 1292 3944 aliorumque
1332 3855 1507 3922 illustrium

250 3959 265 3990 r
302 3959 342 3990 eve
358 3946 381 3990 'ir

237 4004 364 4063 collegium

227 4063 381 4181 {mm
405 4065 498 4145 riam,
512 4067 554 4132 ad
571 4065 814 4132 incrementum
841 4067 1026 4132 catholicae
1041 4066 1221 4151 religionis,
1236 4069 1279 4132 ad
1296 4066 1407 4142 decus,
1421 4060 1508 4126 utili-

240 4181 364 4251 cattqrtice
406 4180 578 4253 tatemque
595 4169 803 4236 Canadensis
819 4170 963 4254 regionis
979 4169 1186 4238 Ottawiense
1201 4169 1380 4254 collegium
1396 4164 1508 4232 catho

243 4239 371 4344 ‘'iiiiii''
407 4273 489 4338 licae
525 4275 688 4339 iuventuti
726 4275 929 4340 erudiendae
958 4296 978 4340 a
1012 4275 1284 4358 congregatione
1321 4275 1507 4339 oblatorum

409 4377 536 4442 Mariae
555 4377 795 4445 immaculatae
810 4381 993 4459 conditum,
1008 4381 1102 4446 cuius
1113 4381 1261 4464 regimen
1275 4389 1309 4445 et
1322 4373 1509 4462 magisteria

405 3959 661 4028 Ottawiensium
687 3963 819 4040 civium,
834 3963 926 4027 hisce
952 3963 1072 4028 litteris
1096 3963 1139 4028 ad
1165 3963 1325 4028 maiorem
1351 3959 1416 4024 Dei
1438 3956 1507 4040 glo·
1628 4003 1629 4014 r
