3194 4872
421 388 472 438 ue
499 389 670 440 susurra
698 386 920 439 ssuvrrurrs.
1178 371 1224 462 83

135 572 535 650 etiactaPrtrr'Claver,cui
546 583 714 635 recentem
725 572 850 654 gloriae
861 571 1007 638 lauream
1018 569 1228 641 addidimus:
1298 581 1376 668 ,gul

135 677 163 739 in
177 696 246 740 eum
264 677 448 759 inspiciant,
474 677 540 759 qui,
565 677 698 739 summa
723 674 874 740 laborum
897 679 1096 756 constantia,
1122 701 1229 748 annos
1299 677 1362 724 ’888-

134 783 326 846 continenter
357 781 589 863 quadraginta,
626 799 818 844 maurorum
860 781 1017 863 gregibus
1059 805 1229 852 servorum

134 886 309 949 miserrimis
337 905 410 948 sese
435 893 544 948 totum
561 884 736 967 impendit,
763 903 841 949 vere
865 884 1015 966 ipsorum
1041 887 1229 971 Apostolus

133 991 360 1071 praedicandus
384 989 505 1072 quibus
522 1009 557 1052 se
574 997 773 1072 perpetuum
790 1009 922 1054 servum
951 1001 984 1053 et
1010 991 1230 1074 profitebatur

133 1103 163 1156 et
177 1093 276 1158 dabat.
294 1092 480 1159 Caritatem
495 1092 568 1171 viri,
579 1092 777 1176 patientiam
791 1092 819 1159 si
830 1113 929 1158 curae
938 1094 1087 1161 habeant
1098 1116 1229 1162 sumere
1275 1091 1278 1096 ’

131 1197 186 1260 sibi
199 1206 229 1261 et
243 1196 372 1274 referre,
389 1197 410 1260 ii
427 1195 578 1279 proiecto
593 1197 687 1280 digni
703 1197 870 1261 exsistent
891 1199 1079 1263 administri
1104 1199 1230 1278 salutis,

129 1311 265 1365 auctores
276 1300 526 1378 consolationis,
541 1301 651 1364 nuntii
679 1302 781 1384 pacis,
796 1305 853 1383 qui
879 1302 1106 1378 solitudinem,
1124 1305 1228 1370 incul-

127 1413 198 1480 tum,
226 1403 394 1469 feritatem
425 1403 459 1468 in
484 1405 672 1468 ubertatem
701 1405 830 1488 possint
859 1405 1028 1488 religionis
1052 1408 1229 1492 cultusque

126 1507 342 1586 laetissimam,
358 1508 434 1572 Deo
450 1507 595 1585 iuvante,
610 1519 813 1572 convertere.

163 1611 296 1695 lamque
312 1614 347 1675 in
364 1611 469 1688 vobis,
480 1609 699 1676 Venerabiles
717 1611 860 1690 Fratres,
871 1613 1034 1696 cogitatio
1045 1625 1080 1679 et
1095 1615 1227 1682 litterae

125 1715 256 1782 Nostrae
271 1717 422 1802 gestiunt
438 1717 684 1800 conquiescere,
701 1725 737 1781 ut
754 1717 850 1782 vobis
866 1717 986 1782 iterum
1000 1718 1226 1802 significemus
1284 1779 1328 1825 Ad
1370 1793 1406 1826 res

123 1821 297 1906 iterumque
314 1821 486 1885 vobiscum
503 1821 670 1884 sociemus
685 1821 854 1903 singulare
870 1823 961 1904 quod
978 1825 1129 1906 capimus
1145 1845 1226 1908 gau·
1269 1838 1387 1885 erasure

121 1925 214 2004 dium,
227 1927 271 1992 ob
287 1945 427 2007 eaquae
442 1923 508 1988 isto
525 1925 557 1987 in
576 1925 724 2008 Imperio
741 1925 873 2008 publice
890 1927 974 1990 inita
997 1939 1075 1992 sunt
1091 1930 1133 1993 de
1160 1951 1226 1994 ser·
1253 1898 1406 2004 ffir'ffilss.

123 2029 215 2094 vitute
230 2030 381 2094 consilia.
393 2028 570 2112 Siquidem
586 2028 747 2112 perleges
769 2049 873 2112 quum
889 2031 1060 2112 provisum
1075 2043 1226 2099 cautum·
1254 2023 1299 2062 ’Μ
1326 2017 1404 2062 ‘ma'

121 2151 178 2214 que
196 2133 246 2212 sit,
261 2143 309 2210 ut,
326 2143 492 2217 quotquot
519 2143 597 2198 sunt
622 2132 732 2197 adhuc
757 2132 800 2196 de
825 2135 1019 2199 conditione
1049 2136 1170 2215 servili,
1192 2139 1226 2202 in
1254 2077 1406 2181 mrem*

120 2235 260 2300 ordinem
274 2237 313 2300 'et
344 2237 416 2300 iura
442 2235 622 2301 liberorum
651 2235 799 2301 debeant
822 2236 968 2314 admitti,
992 2238 1026 2301 id
1050 2238 1159 2303 Nobis
1191 2251 1229 2306 ut
1284 2195 1379 2241 laum

121 2337 233 2403 bonum
249 2349 283 2404 et
302 2339 449 2404 faustum
463 2350 497 2403 et
509 2339 655 2402 salutare
668 2357 728 2421 per
742 2359 779 2404 se
794 2341 936 2418 videtur,
951 2340 998 2404 sic
1011 2343 1113 2406 etiam
1130 2363 1225 2426 spem

120 2439 219 2507 firmat
233 2443 395 2526 fovetque
411 2443 453 2506 ad
471 2453 589 2531 auctus
613 2443 658 2507 rei
674 2443 782 2507 civilis
798 2444 911 2527 reique
936 2463 1050 2510 sacrae
1076 2447 1109 2510 in
1137 2447 1226 2512 sutu-

120 2565 183 2610 rum
199 2548 386 2613 lactandos.
403 2549 456 2612 Ita
477 2547 628 2611 Brasilici
650 2568 773 2612 nornen
792 2549 928 2630 Imperii
945 2552 1035 2632 apud
1053 2551 1225 2617 humanis-

120 2649 211 2715 simas
225 2671 380 2735 quasque
395 2661 514 2736 gentes
530 2651 592 2715 erit
609 2652 729 2715 merito
753 2652 787 2715 in
805 2655 1126 2720 commemoratione
1142 2667 1177 2722 et
1193 2657 1226 2721 in

120 2753 273 2832 laudibus,
306 2774 498 2838 nomenque
523 2753 622 2818 simul
648 2751 782 2820 florebit
808 2754 1027 2838 Imperatoris
1067 2761 1228 2842 augusti;

120 2861 203 2924 cuius
218 2881 258 2925 ea
273 2859 380 2924 fertur
395 2857 564 2942 praeclara
581 2877 660 2935 vox,
675 2859 758 2922 nihil
774 2877 810 2922 se
820 2857 944 2924 habere
956 2862 1114 2942 optatius,
1124 2883 1225 2946 quam

121 2974 152 3028 ut
165 2985 262 3029 omne
279 2964 315 3028 in
331 2962 454 3027 finibus
470 2963 724 3027 suis'servitutis
743 2963 922 3046 vestigium
939 2965 1091 3030 celeriter
1115 2968 1225 3033 delea-

120 3081 174 3136 tur.
193 3071 303 3135 -At
334 3089 422 3146 ver0,
453 3068 534 3134 dum
563 3089 603 3134 ea
634 3070 707 3152 ipsa
737 3069 850 3152 legum
881 3069 971 3135 iussa
1002 3071 1226 3154 perficiuntur,

121 3174 295 3240 incumbite
307 3173 443 3250 alacres,
458 3165 550 3237 omni
565 3192 630 3256 ope
646 3193 814 3256 rogamus,
829 3181 863 3238 et
879 3193 1016 3256 operam
1048 3177 1224 3259 providen-
1281 3161 1403 3231 Elim

1259 3221 1394 3280 invigrlan-

119 3278 239 3344 tissime
269 3279 350 3343 date
388 3277 556 3362 praesenti
581 3277 638 3356 rei,
666 3297 768 3361 quarn
795 3277 1011 3344 difficultates
1035 3280 1224 3364 impediunt
1264 3281 1389 3385 mr&

120 3383 262 3464 proiecto
278 3403 345 3448 nou
362 3383 461 3449 leves.
478 3381 629 3448 Omnino
645 3403 705 3466 per
724 3403 784 3448 vos
800 3381 1021 3464 efficiendum,
1037 3396 1074 3452 ut
1094 3387 1223 3452 domini
1249 3399 1355 3443 conditio
1369 3413 1400 3442 se·

119 3497 148 3550 et
162 3488 245 3552 servi
261 3488 401 3570 optimis
417 3487 504 3551 inter
519 3507 555 3550 se
570 3487 691 3550 animis
716 3498 903 3570 congruant
927 3491 1123 3574 optimaque
1149 3493 1224 3570 fide,
1249 3459 1304 3564 qap
1328 3463 1401 3503 m

121 3610 177 3655 neu
192 3594 378 3677 quidquam
396 3591 438 3655 de
454 3590 632 3655 clementia
659 3599 718 3654 aut
744 3590 787 3653 de
812 3591 941 3655 iustitia
964 3592 1140 3673 decedant,
1155 3599 1225 3674 sed,

118 3715 342 3779 quaecumque
373 3695 591 3778 transigenda
631 3703 719 3772 sunt,
760 3696 876 3759 omnia
904 3695 1064 3780 legitime,
1099 3700 1224 3776 sedate,

119 3798 292 3865 christiano
309 3801 412 3864 modo
428 3801 638 3882 transigant:
654 3799 746 3882 quod
762 3799 852 3862 enim
870 3798 1082 3882 exoptabant
1098 3821 1224 3879 omnes,

118 3901 185 3966 tolli
210 3915 245 3968 et
270 3905 374 3970 deleri
400 3905 605 3981 servitutem,
634 3903 698 3968 hoc
721 3923 880 3987 prospere
906 3905 1006 3969 cedat
1035 3907 1224 3988 optandum

120 4008 262 4072 maxime
277 4021 337 4086 est,
349 4008 443 4073 nullo
455 4007 559 4072 divini
575 4008 627 4071 vel
644 4007 783 4072 humani
800 4007 879 4072 iuris
895 4009 1121 4088 incommod0,
1133 4012 1224 4075 nulla

119 4112 256 4178 civitatis
271 4113 533 4196 perturbatione,
548 4122 651 4196 atque
664 4112 750 4176 adeo
760 4131 836 4176 cum
853 4111 961 4176 solida
971 4113 1130 4195 ipsorum,
1142 4136 1224 4197 quo·

119 4233 187 4280 rum
204 4218 313 4300 agitur
327 4237 456 4294 caussa,
472 4215 618 4280 utilitate
629 4235 809 4280 servorum.
822 4253 866 4266 -
877 4215 1009 4300 Quibus
1022 4215 1225 4301 singulatim,

120 4317 183 4382 sive
193 4321 249 4404 qui
258 4323 325 4386 iam
336 4321 415 4386 lacti
428 4320 522 4384 liberi
535 4329 623 4395 sunt,
633 4319 702 4383 sive
718 4319 775 4403 qui
787 4317 867 4383 fient
878 4321 1083 4402 propediem,
1096 4326 1225 4388 monita

121 4427 273 4491 nonnulla
288 4425 415 4502 salutis,
433 4446 452 4490 e
467 4423 642 4489 sententiis
658 4423 807 4488 delibata
832 4424 945 4506 magni
961 4425 1113 4506 gentium
1130 4429 1224 4510 Apo·
