3230 4874
341 1321 418 1388 TSI
435 1323 525 1406 apud
542 1321 784 1388 nobilissimam
801 1321 1038 1388 Lusitanorum
1059 1335 1195 1407 gentem
1211 1327 1254 1393 de
1306 1347 1402 1445 ΝΜ

143 1318 334 1694 iffi]
362 1424 530 1498 catholica
543 1424 611 1491 fide
625 1425 753 1509 optime
769 1425 922 1491 meritam
940 1447 1034 1492 amor
1055 1438 1090 1493 et
1105 1431 1253 1495 studium
1322 1445 1389 1504 repa

362 1549 442 1612 erga
458 1529 710 1595 immaculatum
732 1530 902 1612 Deiparae
916 1529 1067 1614 Virginis
1083 1531 1253 1616 Sponsum
1317 1553 1369 1600 Pon
1371 1558 1434 1600 ι
1381 1551 1434 1613 se

362 1643 522 1698 constans
532 1641 636 1716 atque
646 1634 768 1698 ardens
779 1653 912 1718 semper
923 1634 1047 1714 extrtrt
1059 1655 1126 1701 non
1140 1657 1255 1702 sumus
1280 1615 1433 1742 {J'Jffi'ffi

146 1747 261 1802 tamen
288 1737 390 1802 nescii
418 1737 604 1821 encyclicas
625 1737 752 1802 litteras
777 1737 929 1818 Nostrae,
952 1740 1074 1823 quibus
1098 1742 1309 1825 proximo⁰⁸
1281 1793 1311 1837 u
1281 1732 1434 1838 mm

150 1860 240 1906 anno
250 1841 395 1906 universr
387 1841 501 1906 'orbis
516 1841 715 1906 christianos
730 1842 773 1906 ad
789 1842 1038 1925 implorandum
1054 1845 1256 1909 sanctissimi
1280 1849 1414 1956 Jostrsslt⁸¹
1405 1864 1434 1896 π

147 1943 360 2008 Patriarchae
390 1943 612 2027 patrocinium
643 1944 810 2009 cohortati
840 1964 965 2024 sumus,
990 1965 1058 2012 non
1090 1948 1258 2013 mediocre
1282 1909 1424 2076 ιιιΞιιῗῗῖι
1393 1983 1434 2014 η-

146 2045 279 2111 illorum
296 2047 414 2131 pietati
434 2049 587 2114 attulisse
609 2049 862 2114 incrementum.
879 2049 920 2114 Id
935 2051 1072 2133 quidem
1089 2033 1348 2134 praeclare‘m'

148 2160 316 2216 testantur
339 2151 391 2216 vel
416 2153 585 2236 supplices
614 2152 754 2231 litterae,
783 2173 868 2236 quas
898 2153 1053 2219 Lusitani
1076 2155 1258 2220 Antistites

148 2273 255 2338 nuper
275 2255 320 2319 ad
338 2255 410 2320 Nos
424 2257 600 2334 dederunt,
615 2266 652 2322 ut
667 2255 724 2335 rei,
737 2275 825 2341 quae
841 2257 1037 2321 iamdudum
1054 2259 1087 2322 in
1108 2277 1259 2323 commu·

146 2360 246 2424 nibus
272 2367 344 2424 erat
371 2359 610 2424 Lusitanorum
638 2360 736 2439 votis,
764 2369 902 2444 optatus
928 2361 1067 2425 tandem
1097 2379 1158 2443 per
1186 2359 1259 2424 Nos

147 2463 261 2528 exitus
276 2461 470 2547 contigeret.
488 2463 601 2548 Quum
618 2463 708 2528 enim
724 2463 769 2528 ob
789 2464 946 2530 adversas
961 2471 1153 2549 temporum
1170 2463 1259 2530 vices

146 2567 219 2632 dies
236 2566 352 2633 Sancti
368 2567 504 2651 Iosephi
532 2569 714 2632 memoriae
739 2567 937 2633 recolendae
952 2587 1046 2633 sacer
1062 2589 1080 2634 e
1095 2568 1258 2634 festorum

147 2689 288 2736 numero
303 2671 393 2754 apud
407 2671 589 2737 Lusitanos
600 2671 752 2736 sublatus
763 2681 862 2751 esset,
876 2671 1007 2754 integra
1021 2691 1103 2738 vero
1117 2679 1152 2736 et
1168 2671 1258 2736 inco·

147 2775 247 2840 lumis
262 2784 413 2841 maneret
429 2775 462 2838 in
479 2795 594 2840 eorum
610 2775 732 2840 animis
747 2775 839 2842 avita
853 2776 971 2860 pietas,
987 2775 1069 2842 nibil
1093 2776 1260 2860 optabant

148 2880 266 2963 magis,
275 2900 377 2964 quam
391 2891 427 2945 ut
439 2881 495 2946 ille
510 2883 583 2946 dies
598 2883 641 2948 ad
657 2883 904 2948 observantiam
922 2894 956 2949 ct
972 2886 1100 2951 cultum
1112 2893 1257 2951 veterem

146 2993 364 3050 revocaretur.
376 2983 590 3069 Quapropter
603 2987 758 3052 Lusitani
770 2987 952 3053 Antistites
953 2989 1089 3073 ,populi
1100 2998 1256 3054 votorum

147 3088 355 3171 interpretes,
377 3089 459 3154 certi
483 3090 619 3155 aliunde
643 3091 856 3174 Praepositos
872 3092 1068 3158 Lusitaniae
1095 3090 1257 3176 gubernio

147 3193 205 3275 pio
219 3192 411 3256 huiusmodi
427 3194 594 3258 desiderio
609 3215 675 3260 non
692 3194 885 3276 obstitum,
900 3215 1097 3262 communes
1123 3195 1166 3260 ad
1184 3195 1257 3260 Nos
1311 3194 1334 3238 V
1329 3193 1374 3240 ⁰¹¹
1382 3195 1436 3240 ‘¹¹²-

1284 3254 1437 3300 tisiltumet

146 3317 263 3382 preces
278 3299 508 3376 admoverunt,
525 3309 561 3364 ut
573 3301 860 3384 quemadmodum
876 3300 1068 3386 nuperrime
1082 3320 1159 3366 cum
1177 3299 1257 3364 His·
1280 3321 1412 3418 panem
1328 3313 1425 3360 uum

147 3405 254 3487 panis,
277 3404 400 3488 quibus
428 3405 580 3470 Lusitani
607 3427 676 3473 non
706 3417 785 3472 sunt
815 3407 847 3470 in
876 3405 1040 3473 Sanctum
1073 3405 1351 3490 Iosephumms,
1333 3386 1401 3418 m
1384 3433 1435 3536 [ις

147 3527 262 3572 amore
282 3507 430 3586 secundi,
444 3508 580 3572 diem'
550 3529 621 3573 erus
638 3511 819 3575 memoriae
833 3529 965 3575 sacrum
990 3507 1024 3573 in
1046 3507 1149 3574 festos
1165 3496 1334 3591 apud‘m'
1281 3551 1318 3596 p
1320 3492 1434 3596 „5:ssae

94 3681 99 3688 ,
147 3631 207 3677 eos
230 3609 343 3676 reserri
369 3611 520 3678 velimus.
544 3613 753 3679 Praeclarum
781 3613 917 3697 quidem
948 3613 1013 3678 hoc
1043 3621 1095 3677 est
1120 3611 1297 3695 pietatis⁰
1283 3609 1435 3721 mm·

146 3713 398 3790 documentum,
423 3707 516 3797 quod
540 3714 583 3779 ad
610 3714 676 3779 alia
691 3724 804 3780 vetera
824 3714 963 3792 accedit,
988 3731 1075 3795 quae
1102 3711 1295 3774 Lusitani
1281 3727 1435 3833 amanz-

150 3815 311 3899 Episcopi
327 3815 462 3882 Nobis'
452 3838 522 3882 rure
534 3819 782 3884 commendant
795 3817 889 3883 Nulli
902 3835 991 3880 emm
1004 3815 1163 3880 coelrtum
1180 3793 1293 3898 post
1294 3861 1362 3918 m,
1294 3787 1435 3893 'ffiffiffis

149 3935 307 3998 magnam
325 3917 391 3981 Dei
406 3927 548 3983 matrem
550 3938 640 4001 ,qua
656 3919 723 3983 late
737 3927 832 4002 patet
845 3917 1022 3982 Lusrtanra
1037 3924 1089 3979 tot
1104 3915 1326 3995 honores,⁰’¹
1283 3911 1338 3952 ‘⁰²¹‘
1298 3907 1434 4011 “frix

147 4028 230 4102 quot
246 4019 322 4083 huic
343 4031 462 4086 sancto
486 4022 698 4088 Patriarchae
713 4023 915 4102 tribuuntur,
934 4019 987 4086 vel
1011 4030 1063 4086 tot
1077 4030 1158 4087 vota
1173 4042 1256 4087 nun·
1283 3980 1365 4129 {3⁵5ss
1379 4023 1435 4129 ffia‘:

146 4133 337 4203 cupantur:
367 4124 564 4191 sodalitates
594 4125 847 4209 quamplures'
838 4125 942 4209 rpsius
973 4133 1007 4188 et
1038 4122 1143 4189 fretae
1179 4135 1257 4189 sunt
1283 4143 1344 4190 rurs.

147 4224 334 4305 patrocinio
348 4235 383 4290 et
405 4224 513 4292 laetae
537 4227 695 4293 nomine:
711 4228 772 4292 vin
763 4227 948 4293 laudabili
967 4225 1102 4312 pietatis
1118 4245 1258 4292 consue·

146 4325 263 4392 tudine
278 4329 368 4394 diem
385 4331 671 4416 undevigesimam
699 4331 823 4397 mensis
846 4329 961 4395 Martii
984 4339 1106 4413 sponte
1121 4329 1259 4414 eligunt,

147 4448 214 4514 qua
239 4431 367 4498 Pascha
390 4434 667 4520 agant20pifices
691 4455 770 4500 vero
795 4434 958 4503 Sanctum
984 4433 1165 4518 Iosephum
1189 4435 1259 4499 iure
