3336 4870
394 409 463 477 262
644 427 867 480 ntuocuno
895 415 916 444 “
934 428 1040 492 Quon
1068 427 1197 480 suren
1216 464 1236 492 ,‚

215 617 364 670 ossuum
389 604 489 672 fidiae
504 607 659 673 instituta
674 629 695 672 a
712 608 881 692 religionis
898 609 1084 694 iisdemque
1104 609 1233 694 patriae
1257 607 1409 674 hostibus
1434 607 1495 670 siut

213 679 290 796 {5¹3⁰
306 679 364 782 uersi]
389 708 432 774 ad
456 709 696 796 perficiendum
723 715 994 797 suscepta‘Rem
1020 713 1175 780 uidelicet
1199 735 1275 780 esse
1300 714 1344 779 de
1366 732 1494 777 summo

211 797 364 902 ¹}„,{‘},',¹,f,}⁰,³
387 815 628 900 verissimoque
656 817 757 896 bono,
780 818 872 902 quod
899 816 965 883 lide
989 817 1155 884 catholica
1178 819 1392 899 continetur;
1417 817 1495 881 nibil

211 916 363 1032 ,3¹³3ssssss
386 915 501 984 hostes
525 919 640 985 conari
665 921 858 1006 impensius,
873 942 974 1006 quam
1000 931 1038 986 ut
1061 922 1159 988 italas
1184 931 1305 1007 gentes
1318 923 1364 988 ab
1378 941 1418 987 ea
1434 919 1495 986 lide

210 1047 268 1102 ruga
296 1034 363 1102 fala-
386 1021 543 1088 divellere
558 1025 690 1108 possint
705 1035 739 1092 et
754 1025 958 1105 abstrahere,
972 1027 1066 1092 cuius
1082 1046 1220 1093 munere
1242 1026 1354 1093 omnis
1367 1023 1494 1110 generis

208 1092 362 1221 ἆξῖἶᾞὲ.
385 1123 493 1208 gloria
504 1135 538 1191 et
549 1128 773 1211 prosperitate
785 1128 879 1212 ipsae
888 1129 1076 1195 diutissime
1087 1129 1270 1195 floruerunt
1277 1129 1375 1208 ;viris
1384 1137 1493 1192 autom
1564 1149 1570 1160 ·

209 1211 361 1316 ζῇξξζῇζζ
386 1228 558 1295 catholicis
574 1231 668 1297 nefas
685 1234 826 1298 omnino
843 1234 947 1298 tantis
957 1233 1111 1318 periculis
1126 1231 1370 1299 indormirevel
1386 1231 1497 1298 leviter

207 1329 361 1448 '‘fflgf'
385 1355 557 1402 occurrere
571 1359 580 1418 ;
595 1339 654 1404 sed
671 1358 747 1404 esse
761 1348 917 1422 oportere
941 1340 975 1404 in
1002 1359 1063 1405 sua
1079 1339 1145 1404 fide
1167 1337 1357 1424 profitenda
1371 1337 1496 1402 animo·

259 1449 310 1495 das·
385 1459 450 1519 sos,
464 1441 498 1506 in
514 1443 641 1508 tuenda
655 1441 805 1520 stabiles,
815 1443 941 1508 alacres
957 1463 1091 1528 quoque
1104 1453 1139 1508 et
1154 1451 1291 1526 paratos
1303 1443 1346 1506 ad
1363 1441 1495 1525 quassis

386 1545 538 1624 iacturas,
552 1545 580 1608 si
608 1565 660 1609 res
687 1546 868 1630 postulent,
882 1567 944 1630 pro
968 1549 1042 1631 ipsa
1058 1546 1238 1613 iaciendas.
1253 1583 1297 1596 -
1312 1543 1411 1630 Quae
1425 1541 1496 1627 qui-

242 1655 360 1730 arnonas
385 1647 463 1712 dem
479 1648 682 1714 documenta
700 1658 734 1715 et
744 1650 873 1715 monita
887 1652 976 1718 cives
991 1670 1149 1716 romanos
1161 1651 1301 1736 propius
1316 1649 1497 1732 attingunt,

207 1718 361 1836 ffiili}
384 1751 509 1836 quippe
535 1753 625 1835 quod
653 1773 770 1818 eorum
798 1750 891 1833 fides,
906 1763 944 1819 ut
971 1752 1084 1838 palam
1112 1762 1172 1833 est,
1188 1753 1222 1818 in
1244 1749 1495 1838 periculosiores

207 1839 269 1948 ἴθ’
282 1849 360 1882 '⁰²¹⁶'
384 1855 534 1938 quotidie
548 1854 751 1921 offensiones
769 1857 889 1923 callide
904 1859 1101 1925 adducatur.
1117 1859 1167 1923 At
1184 1858 1247 1942 ipsi
1264 1876 1352 1934 vero,
1367 1863 1495 1938 quanto

383 1960 528 2042 amplius
543 1981 563 2024 a
580 1961 656 2025 Deo
671 1959 750 2025 fidei
775 1960 983 2042 beneficium,
999 1982 1044 2026 ex
1060 1970 1156 2027 tanta
1171 1980 1247 2027 cum
1264 1960 1327 2024 hac
1343 1959 1496 2042 Aposto-

384 2062 448 2128 lica
464 2063 552 2130 Sede
567 2065 741 2130 vicinitate
756 2076 791 2130 et
805 2065 1052 2144 coniunctione,
1066 2085 1105 2129 se
1125 2063 1252 2130 habere'
1264 2065 1383 2140 sciunt,
1398 2070 1495 2126 tanto

208 2172 264 2262 xm
288 2169 361 2275 'gg’
384 2165 492 2248 magis
516 2167 550 2230 in
576 2187 616 2230 ea
640 2185 852 2250 perseverare
876 2168 1101 2246 meminerint,
1115 2167 1268 2251 patribus
1284 2167 1348 2230 illis
1364 2163 1497 2230 maiori·

208 2289 275 2381 25²5
306 2287 360 2320 eva·
384 2269 515 2353 busque
528 2271 632 2356 digni,
647 2291 790 2357 quorum
808 2269 908 2336 fidem
925 2271 1095 2355 praeclara
1112 2281 1186 2338 toto
1207 2270 1289 2336 orbe
1305 2271 1396 2335 lama
1410 2267 1497 2334 cele-

242 2351 361 2464 ‘homes
385 2373 502 2440 bravit.
530 2376 599 2460 Ipsi
629 2396 730 2461 porro
761 2385 863 2458 atque
896 2375 972 2441 Itali
1002 2397 1130 2453 omnes,
1156 2395 1341 2458 omnesque
1370 2373 1497 2457 ubique

207 2477 364 2583 ‘gr‘ffffl
386 2480 554 2561 catholici,
567 2490 640 2547 tum
658 2481 814 2564 precibus
830 2491 901 2546 tum
920 2482 1013 2546 omni
1040 2483 1172 2566 piorum
1199 2499 1339 2564 operum
1366 2495 1498 2562 genere.

209 2597 358 2658 confugiant.
388 2602 430 2646 ne
445 2595 605 2650 cessenta
617 2585 693 2650 Deo
705 2584 918 2662 contendere,
930 2585 957 2648 si
973 2583 1057 2648 iram
1074 2603 1180 2662 suam,
1189 2593 1241 2650 tot
1255 2583 1290 2648 in
1308 2578 1497 2646 Ecclesiam

388 2683 520 2750 nefariis
549 2687 709 2752 conviciis
738 2685 930 2770 insanisque
959 2686 1232 2751 contentionibus
1269 2689 1498 2768 provocatam,

388 2788 585 2855 clementius
600 2793 760 2869 remittat,
774 2799 808 2856 et
823 2791 1059 2856 communibus
1074 2789 1239 2854 bonorum
1254 2787 1352 2867 votis,
1368 2785 1496 2851 miseri·

388 2893 547 2976 cordiam,
561 2915 690 2979 pacem,
704 2894 846 2960 salutem
863 2894 1130 2979 efflagitantium,
1145 2893 1386 2978 benignissime
1403 2889 1498 2954 obse·

391 2998 526 3067 cundet.

823 3544 1069 3820 aeus
