3250 4876
529 377 652 428 INDEX
676 374 929 430 Annuvrtcus.

245 593 277 632 se
291 578 391 634 Gallos
404 579 534 636 Pontifex
546 589 667 636 testatur
678 581 721 636 88.
734 611 770 622 ·-
782 581 898 638 Gaudet
909 581 946 636 de
962 579 1116 653 prasentia
1127 582 1212 637 Afro·

243 673 308 712 rum
317 656 360 712 88.
374 686 410 697 -
418 658 490 728 Quae
498 657 587 729 egerit
596 675 647 730 pro
656 659 859 716 saluteAiricae
867 659 967 716 recolit
977 677 984 716 ι
995 659 1211 729 Carthaginien·

246 753 308 794 sern
322 737 420 792 sedem
433 738 618 807 restituendo,
631 739 777 811 operarios
790 739 821 794 in
833 755 957 794 messem
970 739 1118 808 mittendo,
1135 757 1212 796 com·

245 815 384 871 mercium
393 833 539 872 servorum
551 819 630 874 baud
642 819 731 874 semel
745 819 911 876 damnando
923 819 1014 888 88-89.
1024 847 1058 860 -
1073 820 1212 876 Hortatur

245 893 445 950 missionarios
465 907 495 950 ut
520 897 588 953 totis
600 897 706 954 viribus
720 897 787 953 huic
812 896 985 954 commercio
1004 897 1130 953 tollendo
1149 916 1213 956 sese

245 974 407 1030 devoveant
419 975 462 1045 89.
475 976 616 1032 -Zelum
642 975 725 1032 Eurml
745 977 891 1048 purpurati
919 978 1102 1033 commendat
1122 978 1165 1047 89.
1178 1009 1214 1020 -

245 1052 356 1108 laudat
370 1053 586 1124 Lugdunenses,
598 1054 815 1127 institutumque
827 1053 905 1126 apud
915 1055 1102 1126 ipsosonunt,
1113 1073 1213 1128 propa-

242 1132 348 1202 gandae
360 1133 427 1189 fidei
440 1134 532 1204 8990.
545 1163 581 1175 -
593 1135 639 1190 Ad
651 1134 737 1190 Afros
750 1135 847 1204 redux,
868 1134 939 1205 ipsis
956 1135 1113 1204 gratulatur
1122 1137 1158 1192 de
1170 1153 1212 1192 re·

246 1220 330 1282 cepta
350 1222 380 1268 et
391 1212 453 1284 jam
465 1213 619 1270 tortoribus
631 1214 800 1270 confirmata
819 1213 876 1270 fide
887 1225 935 1282 90.
948 1211 1114 1269 -Cunctis
1127 1214 1212 1269 bene·

245 1289 315 1346 dicit
329 1305 372 1360 9ο.

210 1399 264 1451 28.
284 1399 528 1455 Antocurro
542 1403 584 1454 ad
599 1404 627 1454 S.
641 1405 681 1455 R.
694 1403 732 1454 E.
746 1403 939 1456 cardinales
952 1403 992 1454 de
1005 1415 1092 1453 novo
1104 1402 1214 1456 eodloe

174 1477 928 1547 delletorumetpoenarum.·-ljun111888...
1249 1495 1280 1549 9¹

283 1585 362 1640 lnter
373 1585 537 1642 innumeras
557 1597 657 1658 gentes
684 1587 815 1643 Pontifici
836 1588 1012 1658 gratulantes
1024 1587 1140 1642 emicuit
1149 1587 1213 1658 jure

247 1663 332 1718 ltalia
349 1664 492 1720 catholica
504 1680 547 1735 91.
558 1695 594 1706 -
607 1666 691 1721 ltalia
704 1683 771 1722 vero
789 1665 905 1722 inimica
928 1682 981 1738 pro
1004 1665 1106 1736 plausu
1119 1666 1213 1723 minas

246 1741 374 1811 adhibet,
385 1760 461 1798 novo
471 1744 570 1799 codice
583 1743 753 1801 delictorum
766 1754 794 1800 et
805 1761 954 1816 poenarum
963 1745 1111 1815 proposito
1124 1759 1167 1814 9¹·
1177 1776 1212 1785 -

246 1820 358 1876 Harum
371 1823 560 1892 pessimarum
581 1825 677 1894 legum
701 1839 813 1879 summa
837 1823 940 1879 texitur
951 1837 995 1892 92.
1008 1853 1043 1862 -
1057 1824 1213 1880 Intendunt

246 1897 386 1972 imprimis
402 1901 508 1973 jurium
535 1902 618 1958 Sedis
630 1903 806 1976 Apostolicae
818 1901 1040 1958 vindicationem
1065 1902 1212 1976 impedire,

247 1977 275 2033 in
290 1977 353 2050 ipsa
380 1981 472 2052 ltalia,
483 1981 527 2037 cui
553 1983 676 2037 maxime
700 1983 802 2038 eadem
824 1993 942 2053 prosunt
953 2001 961 2048 ς
972 1981 1038 2038 dein
1051 1983 1212 2038 Ecclesiam

245 2056 399 2130 vineolam,
410 2078 475 2116 earn
486 2060 524 2116 ab
536 2061 631 2117 officio
644 2061 780 2117 divinitus
793 2061 928 2131 imposito
941 2060 1120 2132 prohibendo
1133 2076 1212 2130 92.-

246 2135 333 2192 Falsa
345 2138 521 2196 defensionis
531 2140 634 2210 specie,
648 2142 721 2196 ultro
734 2139 896 2196 Ecclesiam
909 2142 1062 2207 lacessunt,
1075 2157 1162 2211 quum
1176 2142 1212 2196 sit

243 2217 325 2286 pacis
349 2220 458 2290 cultrix,
468 2218 648 2292 societasque
672 2221 798 2293 perfecta
818 2234 861 2288 99
875 2249 911 2260 -·-
931 2219 1030 2275 Codex
1055 2219 1116 2287 iste,
1130 2221 1211 2290 vagis

244 2297 393 2354 sententiis
402 2300 511 2370 perfide
523 2301 672 2368 conflatus,
684 2299 769 2356 nullis
782 2296 905 2354 externis
929 2297 1066 2369 exemplis
1079 2297 1211 2369 probabi·

245 2374 280 2430 lis
293 2378 406 2432 ostendi
420 2388 514 2450 potest
526 2394 604 2449 93.-
613 2381 681 2449 Jure
693 2379 760 2433 binc
768 2378 893 2449 queritur
907 2377 1047 2446 Pontifex,
1059 2394 1117 2432 non
1130 2376 1211 2447 quasi

245 2457 401 2526 procellam
414 2468 553 2528 metuens,
560 2460 612 2514 sed
625 2468 741 2530 propter
753 2457 886 2527 injuriam
901 2457 991 2512 Italiae
1004 2457 1081 2512 fideli
1094 2455 1212 2524 illatam,

245 2547 362 2606 propter
373 2545 513 2594 sectarum
536 2538 725 2606 dominatum,
736 2545 851 2607 propter
873 2535 992 2590 dilatam
1007 2534 1098 2590 ltaliae
1111 2551 1211 2605 perop-

247 2615 365 2671 tabilem
374 2633 476 2688 pacem
484 2616 621 2687 94.—Dei
629 2633 712 2687 opem
723 2614 860 2671 Ecclesiae
871 2614 1018 2686 Italiaeque
1028 2613 1160 2684 implorat
1168 2629 1185 2683 9
1189 2627 1212 2684 5.

122 2753 128 2760 -
207 2723 262 2774 27.
284 2725 491 2777 LITTERAE
509 2727 766 2778 ENCYCLICAE
780 2727 821 2776 do
833 2725 986 2774 libertate
1005 2723 1213 2774 humana.-

169 2803 433 2858 zoluntttatte.
1249 2803 1283 2869 96

279 2905 457 2963 Promona.
479 2907 625 2964 Libertate
640 2908 729 2963 homo
750 2905 884 2960 dominus
904 2914 949 2960 est
968 2921 1085 2960 suorum
1098 2913 1212 2960 actuum

242 2985 287 3054 96.
299 3014 336 3025 -
348 2987 447 3056 Magni
461 2987 598 3042 momenti
608 2997 651 3042 est
670 3003 705 3042 ea
726 2995 802 3041 recte
816 2985 854 3039 uti
868 2983 910 3054 96.
934 3013 970 3023 -
988 2983 1065 3054 Quid
1081 2983 1211 3053 religioni

245 3063 425 3120 Christianae
436 3064 541 3120 debeat
550 3065 633 3135 96.-
646 3066 732 3121 Unde
746 3063 873 3119 oriantur
885 3061 1099 3118 criminationes
1113 3063 1211 3118 adver·

243 3157 292 3196 sus
306 3143 467 3199 Ecclesiam
480 3143 509 3198 iu
523 3161 610 3198 causa
622 3143 760 3199 libertatis
780 3143 823 3210 96.
834 3171 869 3182 -
882 3141 1042 3196 Libertates
1056 3140 1211 3196 modernae

243 3221 287 3291 96.
299 3251 336 3262 -
349 3221 443 3294 Hujus
456 3223 615 3294 argumenti
635 3223 788 3295 separatim
801 3221 942 3278 tractandi
955 3221 1154 3292 opportunitas
1167 3234 1209 3291 97.

241 3329 278 3342 -
290 3301 374 3356 Pruts
387 3313 496 3356 sarna
510 3333 545 3342 -
559 3303 715 3358 Lrnsarns
733 3305 971 3357 cuarsrrann1⁰
984 3305 1135 3356 Libertas
1148 3318 1209 3356 na·-

242 3385 362 3436 turalls
373 3393 418 3450 97.
433 3409 468 3420 -
486 3381 557 3437 Ideo
569 3381 657 3436 homo
670 3380 778 3437 arbitrii
791 3380 922 3436 libertate
937 3380 1080 3450 praeditus,
1094 3379 1211 3450 quiade

239 3458 380 3514 bonorum
391 3459 586 3530 contingentia
590 3459 719 3531 judicare
729 3460 803 3514 valet
816 3473 851 3526 97
864 3479 871 3525 3
884 3459 950 3514 ideo
963 3469 1058 3514 autern
1072 3459 1109 3513 de
1122 3461 1210 3513 bono-

241 3553 304 3592 rum
317 3537 513 3608 contingentia
519 3538 648 3609 judicare
660 3547 765 3609 potest,
779 3539 846 3608 quia
858 3538 986 3592 animum
1003 3538 1090 3593 habet
1110 3549 1211 3594 natura

242 3614 413 3686 simplicem,
427 3615 612 3687 spiritualem,
625 3616 808 3687 cogitationis
818 3615 987 3688 participem
996 3630 1038 3684 97.
1047 3615 1211 3672 -arbinit

241 3693 403 3750 libertatern
423 3695 554 3750 Ecclesia
573 3705 738 3752 constanter
759 3694 951 3766 propugnavit
964 3694 1103 3749 adversus
1118 3693 1211 3749 Mani·

243 3773 349 3842 chaeos,
363 3774 585 3846 Reformatores,
597 3773 789 3845 jansenianos
800 3773 844 3842 98.
854 3772 1027 3827 -Libertas
1040 3772 1147 3827 arbitrii
1161 3788 1211 3826 seu

241 3851 363 3908 facultas
376 3853 499 3924 eligendi
513 3865 557 3910 est
570 3854 598 3908 in
612 3855 758 3910 voluntate
779 3867 920 3925 quatenus
934 3869 952 3906 a
965 3851 1075 3906 ratione
1084 3850 1213 3920 dirigitur

242 3931 285 3999 98.
296 3959 332 3970 -
345 3933 479 3988 Facultas
490 3932 613 4004 eligendi
627 3933 736 3988 malum
749 3949 807 3986 non
820 3943 863 3986 est
877 3931 913 3986 de
926 3930 1051 3986 essentia
1064 3927 1212 4000 libertatis,

243 4010 294 4065 sed
307 4012 437 4080 provenit
457 4028 492 4067 ex
513 4011 728 4083 imperfectione
748 4011 868 4066 rationis
888 4021 917 4066 et
936 4009 1090 4064 uoluntatis
1103 4023 1156 4078 99;
1170 4009 1211 4063 id·

245 4089 323 4144 circo
336 4105 393 4144 non
407 4091 543 4161 reperitur
562 4090 591 4145 in
610 4093 674 4146 Deo
697 4107 789 4161 neque
809 4090 838 4144 in
861 4087 958 4146 Beatis
977 4103 1021 4157 99,
1041 4098 1069 4143 et
1090 4088 1212 4142 servitus

242 4167 434 4240 potiusquam
455 4169 571 4224 libertas
583 4169 639 4224 dici
652 4169 738 4224 debet
755 4183 798 4237 99.
812 4195 847 4206 -
859 4172 893 4220 2ο
906 4171 1056 4222 leertas
1069 4171 1210 4221 moralis

244 4245 376 4301 Libertas
388 4247 524 4303 naturalis
536 4263 595 4302 non
603 4247 726 4302 excludit
739 4248 841 4316 legem,
854 4245 905 4300 sed
914 4246 1008 4316 potius
1017 4261 1082 4300 eam
1096 4244 1124 4300 in
1135 4246 1212 4300 auxi·

246 4325 317 4380 lium
329 4327 454 4396 postulat
467 4341 564 4383 roo.—
578 4325 714 4398 Princeps
727 4327 855 4380 omnium
867 4326 912 4379 lex
924 4324 1061 4380 naturalis
1076 4341 1136 4394 100,
1147 4342 1213 4395 quse

247 4413 292 4460 est
303 4404 366 4475 ipsa
376 4405 421 4460 lex
432 4415 539 4460 aeterna
560 4403 646 4461 insita
666 4405 696 4460 iu
718 4405 752 4460 iis
774 4403 821 4475 qui
844 4402 953 4459 ratione
974 4414 1089 4460 utuntur
1106 4421 1214 4476 eosque
