3336 4870
545 989 627 1054 ΑΤΙ
645 1011 726 1056 sane
741 1011 808 1056 non
832 1001 963 1076 poterat
979 994 1069 1058 zelus
1085 1001 1118 1058 et
1135 993 1252 1077 religio
1268 1002 1388 1069 vestra,
1405 1015 1464 1078 per

245 1006 270 1043 Ι(

194 1045 317 1156 ⁴¹58!be
424 1095 480 1246 P
514 1063 542 1284 Ξ
564 1115 668 1158 novas
684 1095 774 1178 leges
790 1095 823 1160 in
839 1096 902 1160 hac
924 1097 1004 1161 urbe
1020 1096 1104 1160 latas
1120 1095 1236 1162 violari
1254 1097 1393 1180 impune
1412 1097 1462 1161 di·

217 1255 269 1302 ΡΜ
271 1255 334 1318 tifex
562 1198 726 1280 gnitatem
744 1199 902 1264 Nostram
919 1210 953 1263 et
978 1199 1146 1264 Ecclesiae
1162 1199 1243 1278 iura,
1258 1199 1340 1283 quin
1358 1199 1462 1264 iustas

177 1315 334 1386 gmtzjasagir
565 1301 678 1366 ederet
698 1304 850 1385 querelas
872 1313 906 1368 et
920 1323 1007 1386 quae
1031 1315 1126 1388 gesta
1148 1313 1226 1368 sunt
1241 1305 1334 1386 gravi
1356 1323 1462 1386 expo-

187 1375 326 1480 ᾗζζζζᾌῗ,
357 1399 538 1466 stulatione
562 1401 773 1486 improbaret.
804 1405 917 1490 Quare
940 1427 1000 1470 nec
1021 1414 1152 1490 praeter
1174 1407 1367 1490 opinionem
1400 1427 1461 1472 nec

176 1493 333 1599 {magr
358 1513 489 1586 praeter
503 1525 597 1589 spem
615 1507 723 1573 Nobis
745 1511 863 1576 incidit
878 1511 998 1575 nobilis
1013 1511 1195 1576 declaratio
1217 1521 1346 1576 vestrae
1362 1512 1405 1576 de
1421 1531 1462 1576 ea

175 1611 333 1733 'sssii‘lmis
358 1622 393 1668 re
407 1609 602 1687 sententiae,
617 1631 719 1694 quam
735 1611 1048 1696 significantissimis
1075 1633 1270 1698 expressam
1292 1616 1401 1679 verbis
1426 1617 1460 1678 in

177 1731 326 1790 protestaru-
358 1709 697 1795 epistolalegimusdi
714 1730 780 1780 XIV
796 1717 957 1782 kalendas
975 1718 1118 1782 Martias
1142 1739 1163 1782 a
1189 1718 1285 1783 vobis
1310 1736 1462 1782 commu-

182 1804 217 1836 '⁸‘·
358 1812 444 1876 niter
454 1814 543 1880 data.
554 1853 598 1866 -
609 1817 759 1884 Tametsi
775 1819 857 1884 haec
873 1841 950 1903 spes
968 1832 1002 1885 et
1017 1821 1212 1904 expectatio
1230 1820 1354 1886 Nostra
1370 1821 1462 1884 haud

357 1913 489 1981 obstitit
503 1922 682 2001 quominus
698 1943 742 1991 ex
758 1925 875 1988 vestris
891 1925 1011 1990 litteris
1026 1944 1093 1990 non
1110 1925 1279 1990 mediocre
1294 1923 1465 2002 solatium,

358 2017 427 2084 imo
449 2020 594 2105 aliquod,
618 2037 782 2108 quantum
809 2029 970 2112 temporis
991 2029 1165 2094 calamitas
1187 2029 1275 2108 sinit,
1301 2029 1464 2112 gaudium

213 2149 255 2195 Ex
268 2165 295 2196 ea
310 2164 334 2196 ,ι
359 2143 560 2206 caperemus.
578 2129 649 2193 Eae
664 2131 829 2215 siquidem
846 2133 1029 2216 pleniorem
1046 2131 1196 2198 efficiunt
1207 2135 1464 2199 concentionem

182 2209 334 2329 ww
360 2227 549 2308 ineundam,
561 2243 691 2314 partam
708 2255 753 2298 ex
770 2237 927 2300 concordi
944 2257 1026 2302 voce
1042 2237 1148 2303 totius
1164 2235 1320 2302 catholici
1336 2237 1464 2320 episco-

180 2329 242 2434 ffrff‘
266 2333 333 2374 ΨΜ·
361 2341 468 2413 patus,
483 2335 648 2418 simulque
665 2337 773 2402 Nobis
788 2339 1015 2423 cogitantibus
1027 2341 1116 2406 unde
1130 2361 1191 2406 eae
1206 2339 1375 2423 profectae
1396 2339 1465 2404 sint

361 2436 520 2502 indicium
537 2441 698 2523 praebent
714 2445 914 2526 praestantis
930 2443 1007 2509 fidei
1023 2465 1062 2509 ac
1078 2444 1269 2510 dilectionis
1285 2443 1385 2527 plane
1396 2443 1464 2508 sin-

359 2540 491 2623 gularis.
507 2580 551 2593 -
566 2545 644 2609 Non
661 2545 750 2611 enim
767 2547 840 2611 Nos
851 2549 933 2614 latet
946 2569 1053 2614 rerum
1068 2549 1233 2632 asperitas
1261 2547 1294 2611 in
1312 2567 1377 2631 qua
1392 2567 1463 2611 ver·

359 2645 488 2724 samini‚
501 2667 609 2732 neque
620 2649 738 2732 ingens
753 2672 821 2736 quo
837 2653 1042 2737 seiungimur
1057 2653 1198 2717 invicem
1215 2661 1342 2718 tractus
1362 2660 1464 2716 terra·

360 2765 432 2810 rum
449 2751 615 2835 marisque
629 2753 843 2820 interiectus:
863 2757 986 2820 scimus
1010 2765 1123 2820 autem
1141 2755 1189 2820 sic
1218 2755 1371 2819 homines
1392 2773 1465 2817 esse

215 2881 308 2927 Gauda
361 2859 478 2915 natura
493 2865 714 2938 comparatos,
729 2869 767 2924 ut
781 2861 913 2942 quoties
929 2859 997 2924 suis
1008 2880 1047 2925 ac
1058 2858 1292 2943 praesentibus
1304 2865 1465 2940 urgentur

183 2941 336 3058 fflssgjd
361 2955 466 3032 malie,
481 2956 647 3024 levissime
669 2961 857 3028 afficiantur
871 2965 998 3044 alienis,
1022 2963 1218 3048 pracsertim
1243 2983 1358 3028 eorum
1378 2982 1464 3046 q¹¹0⁵

190 3059 326 3168 qm}
360 3058 475 3143 procul
490 3061 534 3125 ab
550 3083 585 3126 se
600 3065 734 3130 dissitos
750 3069 912 3134 noverint.
941 3069 1095 3134 Iamvero
1119 3089 1180 3132 vos
1208 3087 1315 3151 paene
1340 3065 1464 3130 oblitos

184 3177 335 3282 pansepipcrg
361 3163 586 3230 molestiarum
612 3170 646 3232 in
672 3171 793 3254 quibus
819 3173 909 3250 estis,
935 3173 1154 3257 perspicimus
1192 3171 1325 3235 incendi
1352 3169 1464 3233 studio

183 3295 250 3349 Sea,
275 3300 335 3341 aa·
360 3269 475 3332 tuendi
499 3290 550 3333 res
562 3271 714 3352 Nostras,
730 3296 768 3339 ac
784 3277 999 3341 vehementer
1013 3278 1105 3361 tangi
1122 3297 1200 3341 cura
1211 3285 1245 3339 et
1259 3272 1465 3358 cogitatione

184 3355 335 3474 {2220ssssss
360 3392 474 3436 eorum
491 3393 577 3456 quae
592 3377 746 3460 patimur,
757 3389 828 3444 tum
842 3390 979 3463 propter
994 3383 1188 3464 ademptam
1216 3378 1294 3443 huic
1320 3377 1465 3443 Sanctae

180 3478 237 3592 222
246 3479 334 3579 affl
362 3477 442 3543 Sedi
457 3498 533 3544 cum
560 3481 648 3545 civili
664 3483 852 3565 principatu
877 3484 1075 3562 libertatem,
1098 3495 1170 3549 tum
1198 3491 1335 3566 propter
1361 3481 1465 3564 impe·

184 3593 226 3662 rur
251 3593 335 3664 Poura]-
360 3582 510 3648 dimenta
525 3584 558 3648 in
574 3585 646 3649 dies
661 3588 814 3668 graviora
829 3589 959 3671 quibus,
970 3609 1050 3652 usus
1065 3589 1135 3671 ipse
1149 3586 1357 3668 intercipitur
1369 3583 1465 3666 spiri·

175 3654 336 3771 {papant—
361 3685 461 3752 tualis
475 3690 650 3770 potcstatis
667 3689 819 3756 Nostrae.
835 3692 998 3776 —Quum
1010 3713 1053 3756 ex
1067 3693 1119 3756 his
1130 3691 1316 3757 luculenter
1327 3685 1466 3773 patefiat

361 3793 513 3857 vestrain
530 3793 603 3858 Nos
614 3797 749 3880 egregia
765 3797 929 3875 voluntas,
945 3818 1005 3881 par
1021 3807 1125 3862 estut
1145 3795 1218 3861 Nos
1234 3793 1343 3860 officia
1355 3800 1466 3856 vestra

361 3895 460 3961 simili
472 3899 735 3982 complectamur
749 3900 937 3966 dilectionis
961 3900 1090 3966 affectu.
1117 3899 1219 3984 Quod
1242 3915 1345 3981 quum
1371 3914 1465 3977 prae-

362 4009 488 4066 stamus
512 4003 607 4082 ultro,
624 4005 758 4068 meritas
779 4003 874 4068 vobis
889 4003 1052 4068 habemus
1078 4003 1204 4088 gratias
1225 4020 1286 4084 pro
1313 3998 1465 4079 impenso

180 4071 335 4190 ρξ’-ὅπα.
361 4106 472 4171 studio
494 4126 569 4189 quo,
585 4107 666 4170 fusis
686 4107 848 4189 precibus,
864 4107 978 4172 divina
1005 4106 1112 4172 Nobis
1133 4105 1262 4170 auxilia
1288 4099 1465 4165 conciliare

180 4201 246 4248 Μ’
286 4194 334 4250 μ’·
359 4210 569 4275 contenditis.
588 4211 636 4276 Ut
651 4211 703 4276 his
718 4211 849 4276 instetis
865 4213 998 4275 assidue
1020 4209 1144 4275 Nostra
1162 4207 1253 4273 haud
1270 4203 1377 4290 egetis
1386 4203 1464 4267 hor-

184 4263 287 4307 namque
290 4257 333 4309 pa-

182 4321 231 4418 ἵζ’
241 4313 334 4414 m·
359 4312 506 4376 tatione:
522 4312 617 4377 vobis
633 4323 721 4378 certe
737 4334 851 4396 preces
867 4313 1012 4379 Nostrae
1029 4334 1096 4378 non
1112 4315 1254 4378 deerunt
1269 4329 1352 4392 quas
1368 4305 1464 4371 adhi-

180 4435 221 4478 crt.
359 4412 511 4478 bebimus
526 4415 708 4481 immortali
725 4417 809 4495 Deo,
824 4427 862 4482 ut
878 4436 1016 4482 munera
1041 4426 1074 4480 et
1091 4417 1216 4481 fructus
1235 4411 1336 4497 pacis,
1360 4428 1464 4492 quam
