3230 4874
610 1447 901 1516 ATHOLICAE
928 1448 1108 1530 Ecclesiae,
1132 1451 1492 1536 qnaeomneshonines

245 1511 567 1748 wiffam-¹
344 1457 605 1830 Q
631 1560 784 1617 materna
809 1553 949 1620 caritate
972 1554 1216 1640 complectitur,
1232 1555 1316 1622 nibil
1342 1556 1405 1622 iere
1426 1554 1492 1620 anti·

629 1657 727 1740 quius
746 1656 806 1721 luit
823 1657 901 1722 inde
923 1651 992 1722 ab
983 1657 1088 1738 initio,
1111 1679 1171 1725 ceu
1195 1660 1294 1742 nosti,
1309 1657 1495 1725 Venerabilis

240 1717 367 1826 esssssrs
361 1733 391 1765 ‘x
567 1603 748 1828 EFrater
748 1781 873 1844 ,quam
896 1770 935 1826 ut
950 1761 1154 1844 servitutem,
1178 1783 1267 1848 quae
1295 1765 1411 1830 misero
1430 1763 1490 1843 iugo

237 1836 373 1944 alim*
416 1868 589 1952 premebat
625 1864 815 1930 mortalium
854 1864 1131 1949 quamplurimos,
1170 1868 1341 1934 sublatam
1377 1871 1498 1934 cerneret

237 1954 363 2004 '‘m''
415 1971 616 2056 penitusque
630 1968 787 2036 deletam.
810 1968 937 2036 Sedula
960 1970 1050 2034 enim
1077 1980 1191 2037 custos
1206 1973 1380 2038 doctrinae
1394 1967 1491 2038 Condi·
1573 2007 1574 2032 r

234 2021 389 2186 fittssssffll
416 2075 496 2140 toris
523 2075 583 2153 sui,
608 2072 664 2158 qui
688 2091 749 2156 per
772 2091 807 2136 se
833 2071 913 2157 lpse
938 2082 972 2138 et
998 2072 1243 2157 Apostolorum
1259 2096 1344 2142 voce
1363 2077 1495 2142 docuerat

237 2147 312 2180 Μ
415 2178 568 2244 homines
595 2177 775 2243 fraternam
801 2176 1081 2243 necessitudinem
1084 2199 1194 2263 ,quae
1213 2181 1325 2265 iungit
1340 2180 1495 2250 universos,

415 2291 533 2367 utpote
548 2281 667 2346 eadem
683 2279 812 2363 origine
826 2289 945 2358 cretos,
968 2281 1088 2346 eodem
1115 2282 1225 2364 pretio
1249 2285 1441 2368 redemptos,
1457 2275 1490 2340 ad

414 2387 568 2451 eamdem
584 2391 724 2450 vocatos
739 2382 936 2448 beatitatem
961 2393 1143 2460 aeternam,
1167 2387 1316 2470 suscepit
1332 2385 1491 2468 neglectam

414 2507 583 2556 servorum
599 2505 754 2551 caussam
779 2505 818 2550 ac
834 2495 970 2550 strenua
985 2485 1111 2552 vindex
1127 2487 1292 2554 libertatis
1308 2489 1424 2565 extitit,
1436 2481 1494 2558 etsi,

414 2599 512 2676 prout
527 2611 579 2656 res
595 2601 630 2656 et
644 2599 799 2672 tempora
814 2587 974 2668 serebant,
988 2591 1112 2656 sensim
1140 2610 1210 2656 rem
1234 2603 1364 2676 gereret
1380 2612 1415 2656 ac
1427 2599 1491 2655 ten·

413 2701 537 2777 perate.
553 2691 688 2760 Scilicet
704 2693 738 2758 id
754 2692 923 2778 praestitit
937 2692 1116 2775 prudentia
1128 2702 1162 2758 et
1172 2695 1315 2760 consilio
1326 2699 1490 2760 constanter

415 2794 589 2882 postulans
605 2797 696 2880 quod
713 2797 911 2862 intendebat
926 2796 1106 2881 religionis,
1120 2797 1268 2862 iustitiae
1279 2809 1316 2865 et
1330 2793 1495 2864 humanis·
1572 2881 1573 2886 ἵ

413 2901 457 2967 tis
472 2901 608 2966 nomine
621 2923 629 2979 ;
644 2920 712 2984 quo
728 2901 818 2966 lacto
844 2902 887 2966 de
911 2901 1086 2966 nationum
1113 2905 1337 2987 prosperitate
1359 2902 1495 2980 cultuque
1572 2983 1573 2990 ἵ

413 3003 501 3070 civili
518 3003 638 3070 meruit
653 3005 791 3087 optime.
805 3043 850 3054 -
866 3005 986 3088 Neque
1001 3006 1121 3070 aetatis
1142 3006 1284 3072 decursu
1312 3009 1375 3072 hoc
1398 2999 1490 3070 Eccle·
1572 3003 1573 3058 ἶ

413 3109 482 3174 siae
497 3107 646 3174 studium
673 3109 849 3174 adserendi
870 3108 1038 3193 mancipia
1064 3109 1097 3174 in
1127 3108 1319 3178 libertatem
1345 3105 1495 3191 elanguit

414 3216 481 3280 imo
496 3233 564 3299 qno
589 3213 790 3278 fructuosius
817 3223 887 3278 erat
909 3213 943 3279 in
968 3215 1049 3293 dies,
1070 3234 1111 3280 eo
1137 3213 1304 3299 flagrabat
1328 3208 1492 3299 impensius-

415 3318 514 3402 Quod
531 3317 717 3382 certissima
736 3325 903 3382 testantur
928 3327 1148 3384 monumenta
1175 3318 1344 3398 historiae,
1366 3333 1442 3401 quae
1460 3327 1491 3372 eo

306 3507 311 3517 Ι
372 3506 377 3516 1
413 3423 548 3486 nomine
564 3420 675 3504 plures
689 3421 940 3487 commendavit
955 3422 1144 3505 posteritati
1160 3424 1351 3491 decessores
1365 3421 1490 3487 Nostros,

253 3511 311 3576 φ’
351 3521 386 3602 '²2
413 3548 496 3610 quos
520 3527 605 3592 inter
631 3536 804 3610 praestant
829 3527 863 3594 S.
881 3525 1061 3612 Gregorius
1088 3527 1245 3613 Magnus,
1273 3529 1452 3595 Hadrianus
1473 3515 1496 3591 ll
1571 3611 1572 3616 ἵ

298 3685 336 3729 ι..
412 3632 610 3697 Alexander
638 3631 702 3707 ΙΙΙ,
737 3629 955 3696 innocentius
978 3631 1044 3711 ΙΙΙ,
1071 3633 1254 3717 Gregorius
1281 3634 1343 3711 IX,
1367 3629 1434 3695 Pius
1456 3619 1489 3694 ΙΙ,
1571 3639 1572 3648 ’

233 3757 296 3790 cum.
413 3735 485 3800 Leo
501 3735 544 3813 X,
560 3733 682 3798 Paulus
701 3733 766 3812 ΙΙΙ,
786 3733 944 3802 Urbanus
960 3736 1063 3816 VIII,
1086 3737 1290 3804 Benedictus
1317 3737 1407 3812 XIV,
1428 3727 1492 3794 Pius

413 3837 495 3916 Vll,
511 3835 691 3920 Gregorius
708 3835 807 3916 XVI,
829 3837 885 3922 qui
910 3859 1047 3904 ornnem
1075 3859 1189 3906 curam
1214 3849 1249 3906 et
1275 3856 1404 3924 operam
1426 3845 1487 3895 τοῦ·
1571 3911 1572 3940 ¹

412 3942 527 4020 tulere,
561 3950 599 4005 ut
625 3941 794 4006 servitutis
820 3941 997 4021 institutio,
1024 3942 1081 4008 ubi
1105 3943 1253 4027 vigebat,
1277 3943 1441 4011 excideret
1462 3933 1488 3991 et

411 4055 583 4110 caveretur
597 4063 640 4109 ne
655 4045 745 4110 unde
760 4056 899 4110 exsecta
915 4046 1030 4126 iuerat,
1057 4046 1103 4112 ibi
1127 4047 1198 4112 eius
1224 4049 1372 4131 germina
1393 4031 1485 4106 revivi-

412 4158 549 4213 scerent

456 4249 587 4314 Tantae
603 4249 710 4315 laudis
727 4251 895 4317 hereditas
911 4273 930 4317 a
954 4251 1265 4336 praedecessoribus
1281 4253 1396 4320 tradita
1408 4259 1483 4326 repu-

412 4353 496 4417 diari
526 4375 546 4417 a
578 4353 686 4418 Nobis
717 4375 783 4420 non
811 4364 963 4439 poterat:
987 4377 1090 4442 quare
1116 4360 1208 4426 nulla
1238 4353 1483 4442 praetermissae
