3172 4874
389 437 440 488 os
458 435 697 488 corruamus
715 435 907 486 opnucuu.
1140 405 1183 477 18
1188 423 1207 497 5

99 603 766 684 communitatisaccommodate3indiget
776 603 866 665 enim
877 600 1020 666 variaad
1032 617 1083 662 res
1093 616 1209 679 geren·
1272 613 1352 702 quH

99 713 161 779 das
177 709 337 775 facultate
352 709 556 791 diversisque
567 706 759 771 muneribus
772 708 841 770 vita
856 703 1059 780 communis3
1070 702 1113 765 ad
1124 719 1210 784 quae
1280 711 1346 770 1891.

99 817 271 898 iungenda
283 813 422 878 munera
433 811 646 896 potissimum
662 810 879 894 impelluntur
890 809 1043 874 homines
1054 803 1209 872 differen-

100 923 149 988 tia
164 919 209 983 rei
225 920 386 1002 cuiusque
400 916 582 982 familiaris.
594 954 637 966 -
653 917 699 980 Et
715 916 757 979 ad
775 915 921 996 corporis
944 913 1091 1017 laborem
1118 909 1207 993 quod
1235 903 1388 1017 5]ὶῦῧοῗὲ

99 1024 232 1100 attinet,
243 1023 275 1086 in
287 1023 361 1106 ipso
372 1031 462 1085 statu
478 1021 675 1084 rirnocentiae
690 1039 758 1084 non
771 1020 858 1082 iners
868 1017 1007 1081 omnino
1023 1025 1094 1088 erat
1105 1016 1209 1078 homo
1234 1027 1389 1131 {ssssssfoei'mss

98 1129 244 1193 futurus:
267 1139 396 1192 atvero
422 1128 513 1209 quod
536 1126 585 1189 ad.
604 1126 706 1188 animi
730 1123 988 1188 delectationem
1011 1130 1091 1185 tunc
1107 1120 1209 1182 libere
1229 1158 1388 1262 §.gamm

1191 1243 1210 1285 e
1297 1263 1302 1272 .

97 1233 284 1314 optavisset
299 1231 463 1307 voluntas,
479 1231 568 1294 idem
585 1240 703 1313 postea
718 1230 751 1292 in
765 1225 1087 1312 expiationeculpae
1098 1224 1190 1288 subir
1234 1277 1335 1308 emm
1345 1278 1388 1308 a„

99 1356 168 1400 non
185 1337 255 1401 sine
268 1337 441 1401 molestiae
453 1355 551 1399 sensu
563 1335 673 1416 coegit
685 1333 873 1397 necessitas.
883 1329 1066 1394 Maledicta
1075 1337 1164 1392 terra
1175 1327 1209 1389 in
1235 1324 1330 1374 dmm?

100 1452 190 1524 opere
220 1450 292 1505 tuo:
315 1441 350 1504 in
372 1439 537 1505 laboribus
566 1438 706 1503 comedes
726 1459 767 1501 ex
786 1458 824 1500 ea
846 1435 967 1498 cunctis
988 1433 1101 1496 diebus
1122 1432 1211 1494 vitoe

104 1554 182 1608 tuae
196 1543 244 1627 (¹).
259 1544 495 1626 -'Similique
511 1543 613 1606 modo
629 1541 702 1605 finis
719 1541 938 1605 acerbitatum
956 1537 1157 1620 reliquarum
1175 1536 1208 1597 in
1235 1532 1387 1644 {lcffiff

103 1648 201 1711 terris
217 1647 327 1711 nullus
339 1657 390 1712 est
400 1646 538 1725 futurus,
548 1647 627 1730 quia
643 1643 731 1710 mala
747 1644 876 1728 peccati
892 1639 1098 1705 consectaria
1114 1656 1209 1720 aspe-
1235 1652 1322 1710 quitus
1358 1653 1386 1696 iu
1485 1685 1487 1696 .

102 1773 139 1817 ra
148 1753 191 1815 ad
203 1752 414 1816 tolerandum
426 1749 898 1832 sunt,dura,difficilia:eaque
909 1747 1038 1812 homini
1051 1763 1156 1826 usque
1167 1743 1209 1806 ad
1231 1717 1388 1831 ssffss'l'svff

100 1857 256 1920 ultimum
284 1857 373 1920 vitae
399 1857 551 1920 comitari
576 1866 627 1919 est
650 1875 791 1918 necesse.
811 1855 930 1936 ltaque
945 1851 1016 1935 pati
1032 1858 1066 1914 et
1081 1847 1211 1933 perpeti
1227 1829 1387 1935 ἦξῇζῖᾭηί,

99 1961 287 2024 humanum
304 1966 363 2037 est,
379 1967 412 2022 et
428 1968 465 2022 ut
477 1959 630 2022 homines
654 1959 871 2040 experiantur
887 1977 926 2019 ac
941 1961 1073 2019 tentent
1089 1952 1213 2029 omnia,
1237 1956 1388 2054 {fututu-

99 2061 292 2126 istiusmodi
304 2062 520 2124 incommoda
532 2059 688 2124 invellere
701 2061 744 2123 ab
753 2061 902 2123 humano
911 2057 1066 2121 convictu
1079 2055 1212 2139 penitus
1267 2043 1274 2060 '

102 2166 197 2230 nulla
207 2166 249 2242 vi,
260 2165 351 2228 nulla
363 2173 434 2227 arte
444 2173 610 2247 poterunt.
620 2163 657 2230 Si
669 2165 726 2246 qui
740 2165 773 2227 id
785 2185 820 2228 se
836 2161 1055 2245 profiteantur
1065 2179 1173 2242 posse,
1185 2158 1212 2220 si

102 2271 245 2334 miserae
270 2269 359 2351 plebi
386 2270 489 2333 vitam
517 2269 737 2351 polliceantur
752 2269 844 2332 omni
861 2266 977 2330 dolore
994 2267 1213 2350 molestiaque

102 2383 292 2451 vacantem,
307 2382 342 2437 et
357 2372 512 2437 refertam
528 2373 641 2455 quiete
657 2393 695 2436 ac
711 2371 880 2456 perpetuis
896 2370 1136 2451 voluptatibus,
1151 2389 1214 2432 nae

98 2476 150 2541 illi
162 2475 289 2559 populo
305 2477 492 2558 imponunt,
502 2475 720 2557 fraudemque
731 2484 873 2552 struunt,
885 2475 918 2537 in
933 2475 1022 2538 mala
1032 2471 1213 2556 aliquando

101 2589 299 2663 erupturam
317 2580 444 2643 maiora
457 2579 697 2662 praesentibus.
717 2579 895 2663 Optimum
916 2577 1007 2642 lactu
1020 2597 1071 2642 res
1094 2578 1213 2641 huma-

101 2704 174 2763 nas,
199 2694 236 2748 ut
260 2705 297 2747 se
307 2683 441 2762 habent,
467 2685 514 2748 ita
538 2684 699 2762 contueri,
719 2684 885 2768 simulque
909 2693 1138 2768 opportunum
1162 2682 1212 2746 in·

99 2789 292 2854 commodis
307 2787 544 2866 levamentum,
565 2787 614 2851 uti
630 2787 790 2866 diximus,
806 2789 943 2854 aliunde
958 2797 1080 2871 petere.

147 2891 210 2956 Est
227 2893 308 2956 illud
325 2894 357 2955 in
374 2912 503 2970 caussa,
517 2893 560 2956 de
575 2911 643 2975 qua
659 2893 811 2971 dicimus,
826 2893 971 2976 capitale
988 2892 1123 2968 malum,
1138 2889 1211 2971 opi·
1251 2897 1278 2956 dl
1297 2899 1389 2946 natura

99 2996 203 3061 nione
219 2994 343 3078 fingere
359 2995 501 3074 alterum
526 2995 678 3059 ordinem
704 3017 764 3060 sua
787 3008 908 3080 sponte
923 2997 1089 3062 insensum
1106 2994 1211 3073 alteri,
1236 2963 1367 3063 mm

102 3099 200 3182 quasi
213 3099 397 3183 locupletes
410 3109 443 3165 et
454 3099 653 3183 proletarios
665 3101 709 3164 ad
722 3101 979 3183 digladiandum
992 3101 1078 3164 inter
1089 3120 1125 3163 se
1138 3119 1209 3182 per·
1236 3078 1388 3182 §mm

101 3203 206 3265 tinaci
222 3201 335 3266 duello
352 3212 470 3267 natura
486 3205 737 3286 comparaverit.
754 3203 855 3287 Quod
872 3203 957 3268 adeo
973 3224 993 3267 a
1008 3203 1137 3267 ratione
1153 3205 1210 3268 ab·
1232 3195 1391 3302 wa„

100 3308 214 3371 horret
229 3317 265 3371 et
279 3329 300 3370 a
314 3308 463 3386 veritate,
479 3317 516 3372 ut
540 3317 657 3372 contra
683 3309 892 3372 verissimum
908 3309 951 3372 sit
975 3328 1042 3392 quo
1059 3307 1161 3372 modo
1177 3308 1210 3370 in
1236 3329 1265 3366 se.
1293 3315 1334 3360 sed
1346 3315 1392 3384 ,ad

101 3431 242 3494 corpore
266 3412 397 3476 diversa
422 3414 508 3476 inter
535 3433 571 3476 se
596 3413 746 3476 membra
776 3411 989 3489 conveniunt,
1015 3412 1105 3475 unde
1128 3410 1210 3474 illud
1236 3373 1376 3492 mm

105 3515 224 3580 existit
250 3525 551 3600 temperamentum
593 3516 810 3594 habitudinis,
839 3535 941 3599 quam
980 3515 1210 3597 symmetriam
1237 3493 1303 3538 dm·

105 3627 195 3682 recte
205 3618 340 3696 dixeris,
351 3619 471 3685 eodem
484 3621 586 3686 modo
598 3632 752 3685 naturam
763 3621 796 3684 in
808 3621 941 3684 civitate
952 3619 1160 3702 praecepisse
1176 3629 1214 3684 ut

106 3724 261 3804 geminae
272 3725 348 3788 illae
359 3724 481 3788 classes
497 3735 684 3807 congruant
700 3726 785 3788 inter
800 3746 835 3788 se
850 3723 1069 3801 concorditer,
1084 3723 1213 3806 sibique

108 3831 347 3894 convenienter
357 3831 400 3893 ad
412 3828 692 3912 aequilibritatem
702 3829 937 3910 respondeant.
950 3827 1100 3893 Omnino
1110 3828 1214 3890 altera

109 3931 245 3996 alterius
257 3917 386 4015 indiget
402 3953 486 3996 :non
507 3951 558 3994 res
570 3932 642 3996 sine
662 3952 773 4014 opera,
785 3951 846 3994 nec
865 3932 937 3994 sine
948 3952 982 3993 re
992 3940 1105 4012 potest
1113 3951 1214 4013 opera

105 4036 297 4100 consistere.
308 4036 497 4102 Concordia
514 4036 624 4117 gignit
637 4034 895 4114 pulcritudinem
916 4053 1024 4097 rerum
1046 4043 1148 4116 atque
1162 4053 1214 4097 or·

106 4139 220 4204 dinem
236 4163 243 4206 :
259 4148 376 4204 contra
403 4160 447 4203 ex
473 4139 697 4222 perpetuitate
721 4139 913 4201 certaminis
938 4138 1064 4202 oriatur
1080 4156 1214 4202 necesse

108 4253 158 4308 est
170 4265 246 4308 curn
259 4243 381 4328 agresti
403 4244 613 4308 immanitate
625 4243 786 4310 contusio.
800 4241 899 4306 Nunc
911 4262 990 4306 vero
1000 4242 1043 4306 ad
1057 4243 1214 4306 dirimen-

137 4499 157 4532 1.
173 4487 293 4537 Gen.,111,
307 4499 342 4541 17.
