3336 4870
386 1050 414 1097 ²
391 1092 520 1153 ns
557 1090 687 1152 uovn
721 1089 989 1152 carneuna
1027 1090 1401 1156 Puuosonrrrau

379 1178 414 1339 3]
678 1247 880 1310 Lovnun
914 1246 1178 1308 numanus.

380 1399 1475 1456 mamawmwmffwmw

266 1573 283 1614 3
562 1539 627 1605 ER
643 1537 724 1602 alias
735 1537 862 1602 litteras
878 1535 988 1602 idibus
1007 1536 1081 1602 lulii
1097 1557 1188 1604 anno
1202 1540 1371 1623 superiore
1381 1542 1485 1607 datas

196 1622 351 1725 woefflin
373 1536 560 1916 ΕΞ
580 1642 740 1706 Nostram
768 1638 828 1704 tibi
855 1640 1057 1706 sententiam
1082 1633 1326 1725 explicavimus
1348 1644 1391 1708 de
1406 1645 1483 1727 phi-

581 1743 753 1829 losophiae
768 1742 888 1808 studiis
904 1743 937 1808 in
952 1742 1073 1809 illustri
1086 1745 1266 1810 Athenaeo
1279 1747 1482 1813 Lovaniensi

234 1825 349 1886 ‘'⁰⁸⁸7‘'
581 1846 835 1933 amplificandis.
847 1845 1013 1930 Equidem
1029 1869 1211 1929 necessum,
1224 1852 1346 1916 nedum
1357 1872 1483 1937 oppor-

238 1901 242 1918 .
271 1899 284 1928 s
339 1911 348 1922 .

195 1887 348 2072 2¹23&
373 1971 503 2037 tunum,
518 1975 590 2020 esse
605 1953 758 2019 ducimus
785 1972 825 2016 ea
840 1962 929 2016 recte
955 1962 989 2015 et
1003 1953 1121 2017 ordine
1136 1953 1356 2038 dispertita
1328 1975 1376 2020 stc
1391 1958 1481 2023 tradi

188 2062 328 2122 juxta
284 2077 347 2109 πηπ·
329 2063 526 2168 alumnis,
541 2070 577 2125 ut
602 2056 782 2142 complexa
806 2056 970 2140 quidquid
986 2065 1136 2122 veterum
1161 2058 1327 2141 sapientia
1346 2061 1422 2126 tulit
1445 2073 1487 2126 et

276 2137 319 2193 ’ἔω
283 2197 345 2228 mr
329 2139 487 2235 sedula
502 2163 723 2232 recentiorum
749 2160 872 2226 adiecit
899 2160 1063 2226 industria
1088 2161 1180 2246 large
1196 2165 1398 2248 copioseque
1421 2187 1483 2230 eos

192 2242 324 2346 “latim
302 2243 344 2310 '-
370 2275 437 2340 sint
452 2271 600 2358 paritura
624 2267 759 2343 fructus,
775 2283 832 2347 qut
823 2263 1000 2347 'religioni
1028 2265 1152 2347 pariter
1168 2275 1200 2330 et
1216 2267 1305 2331 civili
1325 2268 1481 2334 societati

201 2373 244 2406 ‘⁰⁸
228 2360 272 2406 ”d
273 2363 333 2412 m
369 2375 553 2461 proficiant.
570 2371 648 2456 Qua
662 2389 742 2435 vero
756 2368 886 2434 ratione
901 2377 936 2432 et
951 2387 1016 2452 ope
1035 2389 1076 2432 ea
1092 2389 1143 2432 res
1159 2371 1311 2453 expediri
1327 2391 1480 2436 commo-

367 2483 442 2548 dius
458 2490 492 2546 et
518 2475 632 2564 perfici
659 2473 774 2558 possit,
797 2472 968 2557 perpensis
993 2473 1095 2537 etiam
1117 2472 1370 2540 difficultatibus
1392 2495 1479 2558 quas

368 2603 565 2672 praecavere
580 2589 723 2665 oportet,
739 2577 772 2642 id
790 2577 850 2642 tibi
876 2596 942 2642 non
967 2577 1015 2640 ita
1039 2577 1169 2660 pridem
1186 2577 1366 2660 significari
1382 2600 1478 2645 cura·

367 2691 477 2754 vimus
492 2707 552 2772 per
565 2683 724 2749 dilectum
746 2679 852 2744 filium
869 2680 1031 2745 Nostrum
1060 2680 1274 2745 Cardinalem
1299 2701 1318 2745 a
1334 2681 1478 2764 publicis

216 2807 308 2878 gaure
368 2792 512 2877 negotiis
527 2787 846 2856 Administrum-
862 2785 1016 2850 lamvero
1028 2783 1170 2849 libenter
1192 2787 1416 2870 comperimus
1434 2803 1468 2852 te

192 2865 342 2986 ·,fiil'ssss
368 2898 518 2979 aliosque
545 2890 724 2973 Belgarum
753 2887 940 2972 Episcopos
964 2906 1032 2950 non
1060 2887 1161 2951 modo
1178 2908 1379 2971 propensam
1395 2888 1476 2952 huic

190 2999 220 3037 “¹
368 2999 507 3067 consilio
524 2995 658 3071 Nostro,
673 3001 774 3077 prout
788 3003 823 3056 et
833 2989 953 3056 ceteris
953 2991 1161 3072 ,ostendisse
1178 2993 1398 3072 voluntatem,
1412 2997 1473 3058 sed

368 3104 470 3168 etiam
486 3121 533 3167 rer
524 3099 715 3183 gerendae
729 3097 825 3160 initia
840 3095 966 3161 secisse
982 3095 1148 3160 Novimus
1160 3096 1287 3161 scilicet
1299 3099 1474 3162 renuncia·

198 3219 343 3326 pretinm·
368 3218 441 3271 tum
478 3205 581 3270 luisse
615 3201 801 3286 praesidem
840 3197 985 3265 instituti
1023 3200 1256 3284 philosophiae
1292 3203 1476 3286 superioris

192 3295 238 3385 lii
241 3295 279 3385 οῗ
277 3294 318 3386 fu
319 3353 344 3384 r·
291 3282 527 3375 “dilectum
544 3306 647 3371 tilium
660 3305 896 3370 Desideratum
909 3304 1059 3382 Mercier,
1071 3303 1249 3370 Urbanum
1262 3303 1476 3386 Antistheni,

190 3413 242 3504 {m
223 3413 343 3563 μξζὶω
368 3409 475 3472 virum
514 3405 620 3471 multa
656 3402 839 3480 doctrinae,
869 3402 1103 3486 philosophiae
1139 3405 1344 3487 praesertim,
1374 3405 1476 3471 laude

299 3524 595 3598 praestantem
615 3511 753 3593 eiusque
779 3509 1014 3593 provehendae
1040 3509 1333 3590 studiosissimum,
1348 3512 1475 3576 eidem-

368 3641 433 3703 que
448 3638 561 3683 curam
579 3616 656 3682 novi
681 3613 791 3699 operis
807 3614 871 3678 rite
885 3613 1063 3677 ordinandi
1088 3622 1234 3697 apteque
1247 3615 1476 3679 constituendi

368 3725 470 3790 luisse
485 3721 733 3787 demandatam.
755 3716 986 3782 -Collatum
1011 3717 1088 3782 huic
1113 3737 1235 3782 munus
1251 3717 1340 3783 ultro
1355 3719 1476 3784 confir-

369 3849 501 3894 mamus
516 3824 715 3890 auctoritate
730 3823 866 3898 Nostra,
883 3841 923 3886 ac
938 3831 1028 3886 certa
1044 3841 1104 3904 spe
1120 3820 1258 3886 nitimur
1280 3820 1351 3886 l'ore
1365 3833 1403 3888 ut
1419 3824 1477 3889 ille

191 3939 330 4000 θηπλπηπη
332 3955 341 3986 η
368 3933 481 3998 lavore
495 3951 534 3995 ac
551 3928 718 4014 praesidio
733 3925 836 3990 fultus
853 3923 1033 4008 Belgarum
1047 3923 1251 3988 Antistitum
1268 3934 1302 3990 et
1320 3927 1476 3992 Rectoris

189 3999 289 4111 me
290 4013 342 4103 llll}
368 4034 536 4101 Athenaei
561 4032 714 4116 protinus
738 4040 772 4094 et
796 4029 939 4111 impigre
963 4027 1100 4092 salutari
1125 4027 1202 4093 huic
1228 4029 1322 4112 operi
1353 4050 1475 4097 manus

172 4117 331 4226 ΖΐΜ
256 4117 331 4164 “⁸⁷¹⁰
331 4142 557 4216 admoueat,
572 4157 633 4202 nec
659 4135 717 4200 ulli
734 4142 850 4218 parcat
876 4131 1010 4215 vigiliae
1032 4141 1090 4198 aut
1107 4132 1211 4196 labori
1235 4132 1344 4199 donec
1360 4135 1475 4201 nobile

368 4246 539 4328 inceptum
556 4240 694 4305 feliciter
710 4237 822 4302 videat
846 4235 1108 4301 absolutum-
1135 4235 1225 4299 Huic
1241 4237 1336 4319 operi
1354 4257 1472 4322 aggre-

220 4351 327 4409 θπλίπηπη
325 4347 500 4422 udiendo,
516 4365 576 4428 pro
600 4343 693 4408 tenui
717 4339 879 4424 largiendi
895 4338 1064 4418 facultate,
1079 4359 1166 4422 quae
1192 4340 1302 4406 Nobis
1321 4345 1473 4426 suppetit

192 4410 376 4528 affige!
368 4469 401 4512 tn
418 4449 508 4511 hisce
524 4466 632 4510 rerum
643 4446 814 4527 angustiis,
824 4453 958 4508 centum
969 4444 1163 4508 addiximus
1179 4452 1213 4506 et
1224 4443 1474 4528 quinquaginta

190 3523 280 3625 amre
