3172 4874
801 549 1077 632 EPISTOL
1476 541 1505 689 ῘΞ]

476 1082 540 1142 ns
563 1076 808 1140 Lnumnus
835 1075 1444 1176 Lunov1c1wrunruonsr.
1477 1062 1501 1179 {i

481 1202 640 1209 mm„
1472 1194 1494 1237 d

434 1204 810 1237 ’uffan-eoenone-ennoennn
827 1214 1419 1241 nunnuscotenu·a·-cossnooeecnoeenuetoerl·t
1439 1214 1470 1237 §2⁸

459 1234 664 1241 ,βψ-ΡΗ
677 1238 705 1241 -,
719 1236 786 1241 ἡμὴ,
793 1234 1061 1243 *μηπηῄ-κῶψῦ
1079 1236 1123 1241 ,ὼ
1174 1238 1256 1241 .-.fiw
1269 1238 1310 1241 m„
1322 1238 1364 1241 ffl-
1376 1236 1402 1239 ᾳ
1437 1238 1440 1239 a

239 1419 364 1507 mom
596 1390 748 1456 UMMA
772 1393 960 1456 animorum
986 1390 1190 1469 coniunctio,
1210 1409 1298 1474 quae
1323 1390 1423 1455 robis
1450 1391 1507 1454 fuit

267 1517 333 1574 1891.
616 1513 693 1558 cum
710 1494 846 1578 egregio
860 1495 932 1558 viro
948 1493 1111 1566 Ludovico
1131 1491 1344 1571 Windtlrorst,
1356 1494 1421 1558 etsi
1439 1494 1506 1557 Nos

289 1625 380 1672 nme
618 1597 757 1662 minime
769 1597 905 1676 latebat,
916 1596 1124 1682 exploratior
1135 1606 1248 1662 tamen
1266 1596 1379 1662 Nobis
1395 1599 1506 1662 extitit

227 1685 368 1790 miz„
618 1720 662 1765 ex
679 1700 718 1764 iis
734 1721 821 1784 quae
844 1700 1072 1785 telegraphica
1097 1701 1278 1784 scriptione
1304 1699 1445 1783 perferri
1468 1701 1506 1764 ad

225 1804 378 1910 iim&
403 1803 477 1870 Nos
491 1804 674 1884 curavistis,
684 1805 856 1872 communi
871 1816 983 1872 vestro
998 1816 1033 1873 et
1047 1807 1251 1890 collegarum
1267 1806 1506 1871 catholicorum

228 1931 255 1968 ae
276 1981 280 1990 Ι
311 1926 378 1996 otuu
402 1909 548 1988 nomine,
558 1910 790 1992 perdilectum
805 1911 910 1976 filium
927 1911 1091 1977 Nostrum
1107 1909 1323 1978 cardinalem
1336 1930 1356 1974 a
1369 1909 1507 1994 publicis

222 1983 378 2110 ᾖηέζᾟῖἷ
401 2013 548 2096 negotiis
562 2016 808 2082 administrum.
822 2053 867 2066 —
884 2017 980 2084 lusto
1001 2017 1172 2082 enimvero
1193 2025 1228 2082 et
1250 2016 1373 2080 acerbo
1395 2015 1507 2080 dolore

227 2104 378 2210 {zmii
401 2116 540 2184 affectos
566 2139 626 2185 vos
651 2139 724 2184 esse
749 2120 967 2204 intelligimus
993 2140 1039 2185 ex
1054 2121 1223 2204 insperato
1239 2122 1310 2185 eius
1324 2119 1390 2184 viri
1406 2119 1507 2192 obitu,

225 2217 334 2325 wl-
402 2217 496 2283 cuius
507 2219 633 2303 religio,
644 2219 829 2304 integritas,
844 2221 1032 2304 prudentia,
1042 2220 1174 2304 aliaque
1189 2220 1293 2284 animi
1308 2229 1505 2284 ornamenta

291 2315 296 2328 '
402 2331 578 2406 perspecta
593 2343 673 2408 prae
690 2323 808 2389 ceteris
823 2324 919 2389 vobis
931 2322 1032 2403 fuere,
1042 2323 1100 2408 qui
1112 2324 1221 2406 ipsum
1238 2323 1359 2387 ducem
1376 2321 1506 2406 sequuti

402 2432 437 2497 in
463 2433 563 2500 officii
588 2435 776 2519 gravissimi
801 2435 1040 2518 perfunctione
1065 2456 1133 2502 non
1158 2435 1268 2500 minus
1299 2435 1452 2499 laborum
1475 2443 1505 2498 et

402 2539 617 2604 consiliorum
648 2540 728 2604 socii
759 2559 861 2623 quam
892 2539 1001 2606 laudis
1032 2540 1104 2605 eius
1133 2539 1312 2624 participes
1338 2539 1502 2604 extitistis

403 2639 525 2706 Vestra
550 2643 639 2708 enim
666 2643 886 2709 consensione
910 2653 945 2709 et
970 2641 1136 2726 suffragiis
1159 2641 1271 2719 fretus,
1288 2643 1446 2708 maximis
1461 2641 1503 2704 rei

283 2701 377 2746 Laudes

226 2759 334 2819 defuncti
403 2743 603 2811 christianae
626 2755 660 2811 et
684 2746 839 2830 publicae
861 2746 1078 2832 temporibus,
1104 2745 1275 2811 Ecclesiae
1300 2747 1446 2811 rationes
1472 2755 1501 2808 et

219 2817 413 2878 ferrandi.
766 2851 774 2865 .
1045 2851 1054 2868 .
1114 2851 1148 2866 ..

225 2881 284 2923 „m
323 2880 377 2924 „a
403 2866 475 2911 rura
490 2857 624 2915 strenue
638 2849 799 2930 defendit,
815 2860 1190 2934 caussamquerustrtrae
1201 2849 1304 2914 semel
1315 2859 1501 2933 susceptam

226 2937 286 2982 Μ’·
403 2967 528 3033 magno
543 2952 657 3017 animo
673 2953 759 3018 tueri
775 2954 933 3037 perrexit,
954 2954 1063 3018 donec
1077 2971 1118 3017 ea
1133 2973 1169 3018 se
1184 2962 1401 3036 assequutum
1417 2953 1502 3016 ride-

401 3063 452 3120 ret
482 3076 569 3141 quae
599 3058 713 3124 animo
738 3067 931 3125 constanter
956 3058 1156 3124 intenderat.
1179 3095 1222 3108 —
1245 3057 1370 3121 Merito
1394 3067 1501 3121 autern

400 3162 547 3243 partium
564 3172 748 3228 vestrarum
764 3163 949 3247 principem
965 3181 1042 3226 eum
1057 3183 1119 3227 ros
1133 3161 1290 3228 habuisse
1305 3161 1503 3245 gloriamini,

401 3266 458 3348 qui
489 3287 661 3351 nunquam
693 3287 729 3332 se
766 3267 1014 3333 adversantium
1045 3267 1171 3332 viribus
1201 3275 1260 3330 aut
1290 3264 1504 3348 popularibus

401 3370 556 3436 fluctibus
582 3372 689 3455 gradu
715 3371 841 3437 moveri
866 3391 984 3455 passus
1011 3380 1071 3450 est,
1086 3373 1143 3456 qui
1159 3371 1207 3435 ita
1226 3369 1371 3453 patriam
1386 3367 1506 3432 dilexit

401 3483 434 3537 et
459 3473 608 3540 debitam
637 3475 781 3559 Principi
808 3476 1055 3540 observantiam
1082 3475 1239 3551 ostendit,
1266 3482 1303 3537 ut
1333 3490 1505 3554 nunquam

400 3575 483 3642 haec
495 3575 605 3642 officia
620 3599 640 3642 a
656 3579 825 3662 religionis
841 3581 932 3646 cultu
949 3579 1143 3656 seiunxerit,
1157 3589 1259 3662 atque
1275 3579 1322 3642 ita
1338 3577 1506 3642 rationum
1575 3596 1582 3613 ·

400 3681 548 3764 pondere
563 3681 757 3766 solidaeque
773 3683 985 3766 eloquentiae
1000 3683 1119 3748 robore
1142 3701 1200 3746 eos
1225 3681 1284 3765 qui
1299 3691 1417 3745 contra
1433 3700 1509 3744 sen·
1575 3680 1578 3683 ’

400 3784 529 3850 tiebant
557 3787 775 3870 oppugnavit,
804 3797 842 3852 ut
872 3786 970 3851 facile
993 3785 1110 3869 agnitu
1136 3795 1235 3863 esset,
1256 3803 1333 3849 eum
1356 3785 1510 3850 veritatis

400 3890 513 3955 studio
536 3890 578 3955 ad
595 3891 802 3969 certandum,
818 3911 884 3956 non
902 3889 969 3957 ulla
983 3891 1155 3956 commodi
1170 3900 1230 3955 aut
1252 3889 1389 3954 honoris
1415 3889 1510 3974 cupi·

301 4049 375 4107 Qum
400 3994 506 4059 ditate
518 3994 654 4060 moveri.
670 4033 712 4044 -
727 3994 895 4078 Equidem
922 3995 1006 4060 haec
1032 3994 1103 4058 eius
1127 3995 1256 4070 merita,
1279 3994 1329 4058 uti
1346 4011 1406 4077 par
1426 4001 1511 4070 erat,
1581 4016 1583 4027 2

224 4120 286 4174 mors
315 4108 375 4178 rna
400 4098 637 4181 probatissima
653 4099 853 4178 habuimus;
876 4099 977 4182 idque
992 4117 1068 4163 cum
1085 4096 1178 4175 alias,
1193 4097 1307 4163 oblata
1323 4097 1511 4174 occasione,
1583 4152 1585 4179 ,

219 4167 374 4270 imi?
400 4202 513 4264 testati
530 4219 656 4279 sumus,
671 4212 741 4266 turn
768 4221 875 4284 nuper
902 4201 965 4265 hoc
992 4220 1091 4278 anno,
1106 4220 1221 4284 quum,
1236 4201 1397 4265 redeunte
1412 4202 1511 4264 anni-

222 4282 375 4383 ’,ἵζ”ἧξῖἕζ
400 4301 544 4366 versaria
568 4302 623 4366 die
650 4303 874 4368 coronationis
890 4304 1044 4382 Nostrae,
1060 4321 1148 4368 nova
1163 4304 1299 4367 honoris
1314 4303 1512 4366 accessione

215 4392 375 4510 {52:352
402 4399 511 4480 ipsum
541 4422 664 4485 augere
697 4406 873 4486 voluimus,
903 4406 1071 4473 adlectum
1102 4425 1224 4489 nempe
1257 4407 1343 4470 inter
1375 4406 1513 4488 equites
