3310 4868
368 393 419 442 DE
446 386 550 440 Novo
578 386 716 438 CODICE
743 381 963 434 POENARUM.
1171 377 1217 446 93

132 582 355 666 Apostolorum
369 576 537 660 exemplo,
552 575 611 660 qui
635 576 679 638 de
695 573 782 638 Iesu
805 572 976 637 CHRISTO
1003 569 1141 649 eiusque
1162 566 1221 628 do·
1316 597 1330 630 1

133 689 225 752 ctrina
236 686 329 751 silere
345 681 628 766 amagistratibus
647 679 737 756 iussi,
746 677 919 761 impavido
934 685 1071 759 pectore
1085 692 1221 756 respon·
1275 643 1370 740 w!

130 793 240 857 debant
251 805 289 860 :t
304 789 338 853 si
347 789 470 854 iustum
485 797 534 851 est
560 787 595 850 in
618 795 778 868 conspectu
794 783 869 860 Dei,
895 801 951 846 vos
970 782 1080 866 potius
1098 778 1224 854 audire,

131 917 217 979 ptum
240 895 357 972 Deum,
384 892 525 956 iudicate
536 892 580 974 (¹)
591 907 620 960 b.
638 888 757 974 Qualis
783 899 856 955 erat
879 889 1050 954 christiani
1078 886 1224 953 nominis

133 1001 249 1066 fortuna
261 999 384 1076 futura,
399 998 426 1060 si
442 995 648 1080 quibuslibet
660 995 861 1079 populorum
877 993 1050 1072 institutis,
1062 996 1089 1059 si
1103 991 1225 1075 magis·

134 1113 263 1168 tratuum
293 1103 393 1166 iussis
435 1098 528 1164 nullo
555 1098 756 1176 discrimine,
791 1115 869 1161 vera
909 1097 1069 1180 iniquane
1107 1099 1226 1172 forent,

134 1209 266 1272 Ecclesia
295 1206 488 1291 paruisset?
511 1203 693 1267 Mansisset
718 1201 847 1266 sancita
874 1199 1005 1283 legibus
1032 1203 1225 1284 superstitio

129 1323 287 1390 vetus,nec
303 1309 488 1374 ullomodo
510 1307 695 1372 humanum
720 1326 827 1389 genus
846 1308 889 1372 ad
916 1305 1093 1391 Evangelii
1113 1306 1224 1372 lumen

129 1419 310 1482 emersisset.

166 1519 228 1586 Sed
244 1519 327 1585 illud
352 1519 385 1582 in
402 1517 519 1600 primis
540 1516 746 1593 iniuriosum,
761 1515 965 1581 defensionis
982 1519 1109 1593 caussd,
1121 1537 1224 1601 appa·
1265 1510 1402 1630 sffffissnfj·

128 1625 183 1688 rari
196 1645 284 1691 arma
308 1635 426 1688 contra
451 1621 638 1686 Ecclesiam
664 1630 827 1704 oportere.
853 1621 951 1685 Itane
977 1627 1079 1686 vero?
1105 1620 1226 1687 Omnis
1250 1630 1402 1732 sreo'lmfl‘rv

129 1728 324 1793 estiustitiae
340 1729 502 1810 magistra
518 1735 552 1790 et
575 1735 688 1790 custos
702 1723 862 1802 Ecclesia,
878 1725 1015 1790 iniurias
1041 1727 1112 1810 pati
1137 1735 1226 1802 nata,
1259 1689 1391 1798 iiieissiii'

128 1852 186 1896 non
207 1832 379 1898 lacere-
394 1830 507 1895 Valde
532 1831 633 1894 etiam
650 1851 670 1894 a
691 1830 832 1894 veritate
857 1840 907 1895 est
933 1830 1126 1914 iustitiaque
1146 1830 1225 1895 alie·

128 1957 207 2015 num,
231 1937 425 2002 universum
458 1935 652 1999 clericorum
679 1935 832 1998 ordinem
860 1935 894 1998 in
922 1935 1131 2018 suspiciones
1154 1945 1224 2000 tam

127 2060 231 2121 graves
244 2041 320 2106 sine
335 2041 424 2104 iusta
449 2059 567 2103 caussa
594 2039 717 2104 vocari.
744 2039 864 2122 Neque
887 2040 976 2104 enim
998 2039 1065 2103 ulla
1098 2039 1227 2103 ratione

127 2154 253 2226 apparet
267 2145 352 2228 quid
368 2163 506 2208 caussae
522 2143 575 2218 sit,
591 2163 649 2207 cur
664 2163 752 2208 nova
767 2143 801 2206 in
818 2164 877 2208 eos
885 2145 1021 2208 decreta
1035 2144 1226 2207 sciscantur.

128 2246 196 2330 Quo
210 2259 365 2334 tempore
379 2250 486 2314 clerus
502 2249 641 2326 italicus,
657 2268 767 2331 quove
781 2248 866 2327 loco,
882 2248 970 2313 male
985 2249 1028 2313 de
1043 2227 1152 2312 salute
1175 2246 1227 2311 vel
1269 2325 1328 2356 uum
1372 2309 1404 2354 m

128 2354 361 2437 tranquillitate
376 2353 511 2436 publica
527 2353 648 2416 meruit
658 2359 724 2416 ἓ-
740 2351 807 2418 Sed
825 2353 852 2417 si
876 2353 977 2417 altius
993 2354 1038 2416 rei
1057 2360 1229 2417 momenta
1249 2325 1318 2442 {aas
1353 2371 1403 2438 cus-

128 2466 321 2536 repetantur,
335 2464 486 2539 apparet,
501 2465 709 2538 quantopere
725 2457 789 2521 ista
812 2456 923 2538 legum
935 2457 1047 2539 capita
1059 2457 1227 2522 sanctissi·
1252 2437 1405 2548 {22:2⁶}ss

128 2561 182 2623 mis
207 2562 383 2628 Ecclesiae
412 2561 574 2626 institutis
605 2571 800 2644 repugnent
836 2539 986 2627 Edclesia
1024 2565 1124 2641 enim,
1163 2563 1227 2627 Dei
1249 2550 1319 2606 ΨΜ·

126 2666 297 2746 voluntate,
331 2666 481 2750 perfecta
511 2667 653 2731 societas
678 2675 738 2744 est,
764 2677 798 2732 et
821 2669 1108 2750 quemadmodum
1136 2670 1227 2753 leges

126 2789 203 2848 suas,
217 2773 265 2836 ita
285 2791 369 2834 suos
385 2769 487 2834 habet
504 2769 729 2852 magistratus,
744 2773 922 2854 potestatis
945 2775 1051 2858 gradu
1075 2775 1138 2839 rite
1161 2776 1227 2839 dis·

126 2872 246 2952 tinctos,
258 2894 404 2958 quorum
418 2883 469 2938 est
479 2874 634 2956 princeps
644 2875 795 2939 omnium
809 2875 968 2942 Pontifex
980 2899 1147 2956 romanus,
1156 2878 1227 2942 uni·

126 2997 228 3042 versae
241 2978 418 3043 Ecclesiae
432 2978 548 3042 divino
564 2978 634 3041 iure
643 2981 862 3061 praepositus,
874 2981 1032 3064 idemque
1045 2983 1109 3046 Dei
1126 2981 1228 3046 solius

126 3081 274 3160 potestati
292 3081 485 3163 iudicioque
503 3081 680 3146 subiectus.
698 3083 738 3147 In
755 3083 819 3148 hoc
838 3085 940 3166 igitur
954 3087 1044 3168 quod
1062 3087 1095 3149 in
1114 3087 1229 3152 Eccle-

127 3183 185 3246 siae
209 3185 367 3250 instituta
394 3183 566 3260 invadunt,
589 3185 735 3252 inierunt
755 3187 878 3269 potius,
902 3208 1004 3271 quarn
1030 3191 1229 3273 propulsant
1380 3262 1384 3270 ,

127 3288 261 3355 iniurias
290 3289 400 3373 quue
416 3288 543 3354 iaciunt
567 3289 641 3372 lege
664 3291 835 3374 singulari,
857 3292 1020 3357 meditata
1045 3296 1231 3372 severitate,
1255 3263 1407 3375 fflff}

128 3413 181 3455 nec
209 3393 359 3459 definitis
389 3393 556 3475 certisque
581 3394 764 3473 sententiis,
792 3396 850 3459 sed
885 3397 981 3478 vagis
1002 3397 1230 3481 latissimeque
1250 3381 1407 3502 ffiss'ffjj,

127 3499 325 3576 patentibus
340 3498 423 3562 nihil
440 3507 561 3561 utnon
578 3499 700 3563 audere
727 3500 969 3582 interpretandi
997 3500 1103 3567 libido
1121 3513 1230 3585 queat.
1247 3502 1338 3562 status,

129 3600 245 3667 Mirum
262 3603 367 3687 igitur
382 3621 449 3665 non
470 3611 530 3680 est,
546 3603 573 3666 si
601 3603 784 3685 indignitas
799 3605 845 3668 rei
871 3613 923 3669 tot
947 3606 1013 3669 iam
1039 3606 1230 3690 improban-

127 3705 203 3769 tium
217 3705 272 3771 vel
289 3707 580 3789 expostulantium
591 3726 690 3770 voces
705 3709 881 3790 expressit.

167 3809 333 3875 Novimus
348 3810 434 3874 latas
457 3810 559 3874 etiam
591 3811 670 3874 alibi
690 3821 806 3876 contra
831 3812 956 3877 clerum
979 3813 1080 3897 leges.
1105 3814 1232 3879 Verum
1305 3872 1326 3916 I.

129 3933 189 3977 non
201 3913 288 3980 liunt
304 3915 471 3999 exemplis
488 3915 580 3993 haec,
591 3916 634 3979 de
657 3915 778 3998 quibus
793 3916 971 3999 loquimur,
987 3917 1234 4001 probabiliora:
1259 3873 1408 4000 ”uiefntsfx'

129 4021 258 4102 etquod
283 4021 392 4084 maius
407 4029 468 4096 est,
483 4019 582 4083 huius
608 4022 740 4102 generis
766 4019 897 4108 legibus
921 4021 1074 4086 Ecclesia
1098 4022 1233 4104 quidem
1269 3989 1401 4110 {milis

131 4123 277 4203 nuspiam
308 4121 466 4206 nulloque
491 4123 595 4186 modo
625 4123 801 4205 acquievit,
830 4124 899 4200 sed,
925 4134 1089 4207 quantum
1116 4126 1226 4207 potuit
1259 4109 1350 4155 ⁰³⁰²&
1371 4115 1412 4168 W·

132 4235 288 4308 perpetuo
310 4225 440 4290 restitit
457 4226 578 4309 Neque
596 4234 647 4289 est
663 4227 953 4309 praetereundum,
970 4226 1055 4291 latas
1078 4247 1134 4291 eas
1153 4175 1236 4307 esse:
1260 4173 1309 4216 me·

160 4485 178 4517 r.
192 4475 253 4526 Act.
267 4485 303 4528 tv,
316 4491 351 4536 rp
