3172 4874
387 331 439 380 DE
457 329 697 383 CONDITIONE
716 332 909 385 OPIFICUM.
1147 336 1214 406 193

91 506 266 574 CHR1ST1
282 509 382 574 corde
397 509 541 586 ducitur,
557 508 651 574 nulla
666 519 718 574 est
735 509 888 594 uspiam:
906 517 1047 592 vagatur
1062 518 1175 575 autem
1197 531 1216 574 a
1281 571 1297 610 Α
1297 525 1360 611 11qu

92 613 243 681 Christo
257 614 401 696 longius,
415 615 620 698 quicumque
635 616 679 680 ab
696 614 847 680 Ecclesia
865 615 1063 680 discesserit.
1286 622 1351 679 1801·

139 717 195 782 At
222 738 302 784 vero
325 739 393 782 non
416 727 530 802 potest
552 739 624 783 esse
647 719 789 784 dubium
813 719 904 802 quin,
926 720 970 784 ad
993 720 1028 782 id
1051 721 1142 804 quod
1167 730 1218 786 est
1257 731 1378 788 anenn-

92 822 327 904 p¹⁰P⁰⁵st¹¹m2
342 841 382 885 ‘³³
401 841 546 906 (lumine,
566 843 654 906 quae
680 823 714 886 in
741 823 917 888 hominum
945 822 1115 906 potestate
1131 833 1218 903 sunt,
1244 800 1393 894 ⁰¹2¹?sp

92 923 303 990 adiumenta
319 927 537 1012 requirantur.
549 925 700 994 Omnino
715 947 842 1006 omnes,
857 926 900 992 ad
912 947 999 1010 quos
1014 948 1132 993 caussa
1144 950 1217 1013 per·
1245 909 1394 1027 afim?

92 1029 196 1108 tinet,
222 1029 347 1094 eodem
380 1031 561 1096 intendant
584 1030 742 1114 idemque
773 1031 925 1096 laborent
955 1051 1017 1115 pro
1041 1041 1219 1118 rataparte
1238 1033 1357 1146 mm
1372 1042 1394 1073 ⁰·

92 1151 242 1197 necesse
252 1144 312 1202 est.
329 1135 433 1218 Quod
446 1133 550 1200 habet
564 1137 748 1218 quamdam
766 1155 842 1200 curn
865 1135 1085 1200 moderatrice
1102 1139 1219 1203 mundi
1322 1123 1326 1132 ¹

93 1239 320 1320 providentia
335 1239 591 1305 similitudinem
607 1264 615 1306 :
631 1240 700 1304 iere
715 1242 805 1304 enirn
818 1239 971 1304 vide'mus
982 1261 1091 1305 rerum
1107 1244 1220 1308 exitus

94 1361 116 1405 a
128 1341 261 1425 quibus
277 1342 405 1407 caussis
429 1343 590 1426 pendent,
610 1362 654 1408 ex
670 1363 786 1408 earum
802 1343 955 1408 omnium
972 1345 1220 1428 conspiratione

94 1447 298 1527 procedere.

141 1547 308 1613 Iamvero
323 1557 430 1632 quota
445 1569 522 1632 pars
540 1550 678 1615 remedii
694 1571 715 1615 a
740 1550 913 1634 republica
937 1551 1153 1634 expectanda
1167 1553 1221 1630 sit,
1246 1547 1396 1652 ξὲΡξξζξΑ

93 1663 255 1733 praestat
279 1655 463 1738 exquirere.
487 1692 530 1703 —
543 1655 804 1738 Rempublicam
823 1655 983 1720 hocloco
1003 1655 1221 1739 intelligimus
1246 1677 1282 1712 cx
1300 1675 1397 1712 expec-

96 1775 167 1819 non
186 1757 282 1840 quali
299 1758 445 1843 populus
462 1761 567 1822 utitur
582 1779 668 1824 unus
683 1759 736 1823 vel
752 1760 845 1838 alter,
862 1760 922 1822 sed
939 1760 1072 1842 qualem
1100 1770 1134 1825 et
1150 1759 1221 1824 vult
1246 1735 1398 1854 Ϊεῗῗρῗιῗῖἷιιι

97 1872 192 1925 recta
204 1865 294 1926 ratio
307 1873 448 1927 naturae
459 1883 657 1946 congruens,
668 1873 701 1928 et
714 1866 859 1948 probant
874 1864 1008 1928 divinae
1018 1864 1222 1929 documenta
1246 1845 1399 1949 {142ssssss

98 1965 302 2046 sapientiae,
314 1986 400 2048 quae
413 1965 486 2029 Nos
502 1967 566 2049 ipsi
582 1967 782 2031 nominatim
794 1969 827 2030 in
842 1967 959 2030 litteris
974 1966 1163 2050 Encyclicis
1179 1967 1223 2032 de
1243 1965 1322 2024 W·
1345 2008 1347 2012 >

98 2067 282 2133 civitatum
299 2069 543 2133 constitutione
558 2068 740 2132 christiana
754 2069 1009 2152 explicavimus.

148 2171 273 2254 ltaque
285 2193 346 2254 per
361 2191 447 2254 quos
462 2172 579 2235 civitas
596 2173 730 2254 regitur,
751 2173 898 2254 primurn
920 2173 1071 2235 conferre
1083 2193 1220 2255 operam
1248 2183 1399 2278 „gssffi'

97 2275 293 2356 generatim
311 2284 414 2358 atque
434 2276 587 2338 universe
612 2275 738 2340 debent
754 2283 827 2338 tota
843 2275 974 2338 ratione
990 2274 1103 2357 legum
1121 2285 1223 2359 atque
1248 2301 1299 2337 uss
1316 2301 1400 2336 cauc-

99 2379 348 2456 institutorum,
372 2379 499 2444 scilicet
522 2378 698 2443 efficiendo
721 2387 759 2443 ut
784 2400 828 2442 ex
855 2379 929 2460 ipsa
955 2378 1223 2443 conformatione
1248 2359 1401 2466 Βέζῐὲᾓῗῗὲ,

100 2491 210 2564 atque
220 2484 512 2547 administratione
524 2482 726 2565 reipublicae
737 2483 823 2566 ultro
836 2483 1041 2566 prosperitas
1051 2492 1122 2546 tam
1133 2503 1223 2546 corn-
1244 2467 1399 2584 {ssi‘''{²,{,¹{p,

102 2586 283 2650 munitatis
300 2605 403 2670 quam
420 2589 628 2668 privatorum
646 2585 840 2650 efflorescat.
858 2587 897 2651 Id
925 2595 976 2649 est
1004 2586 1094 2650 enim
1118 2586 1223 2651 civilis
1249 2599 1306 2691 ἦξε
1317 2586 1401 2690 Ἢ

102 2689 307 2771 prudentiae
320 2689 694 2772 munus,propriunrque
705 2709 819 2754 eorum
831 2691 887 2774 qui
898 2700 1057 2774 praesunt
1068 2689 1224 2756 officium.
1249 2659 1403 2756 staffilem

103 2791 209 2856 Nunc
226 2814 305 2884 uero
321 2794 379 2857 illa
395 2793 546 2858 maxime
563 2793 710 2858 efficiunt
726 2814 904 2877 prosperas
919 2795 1081 2872 civitates,
1092 2815 1223 2858 morum
1250 2766 1399 2883 {Zissss‘s'i‘im

105 2897 268 2978 probitas,
292 2909 381 2963 recte
398 2907 499 2981 atque
525 2900 642 2962 ordine
666 2898 869 2963 constitutae
893 2899 1048 2976 familiae,
1071 2898 1225 2963 custodia
1249 2883 1402 2992 fgss‘fiss'm

105 3001 279 3084 religionis
307 3024 346 3067 ac
369 3003 526 3080 iustitiae,
549 3023 690 3068 onerum
714 3003 926 3086 publicorum
950 3021 1026 3066 cum
1051 3005 1225 3068 moderata
1250 3003 1346 3047 micam·

107 3105 280 3190 irrogatio,
295 3117 368 3172 turn
386 3127 493 3190 aeque
508 3107 645 3189 partitio
673 3107 879 3170 incrementa
901 3106 1023 3170 artium
1046 3115 1079 3168 et
1101 3127 1226 3169 merca-

107 3217 214 3288 turae,
231 3210 353 3275 florens
369 3230 527 3294 agrorum
544 3211 684 3287 cultura,
707 3219 741 3274 et
764 3211 792 3272 si
820 3229 887 3292 qua
904 3218 983 3274 sunt
1006 3209 1072 3272 alia
1095 3211 1226 3292 generis

108 3315 273 3392 eiusdem,
297 3335 384 3399 quae
409 3335 478 3398 quo
501 3315 627 3378 maiore
648 3314 760 3378 studio
783 3313 1022 3397 provehuntur,
1044 3332 1085 3374 eo
1108 3309 1227 3374 melius

109 3428 190 3482 sunt
207 3419 325 3482 victuri
341 3420 431 3482 cives
447 3429 480 3483 et
496 3419 636 3482 beatius.
652 3455 696 3466 -
713 3418 844 3482 Harum
862 3417 964 3500 igitur
978 3417 1101 3478 virtute
1117 3433 1225 3477 rerum

110 3517 145 3582 in
161 3525 332 3604 potestate
348 3531 515 3587 rectorum
531 3523 676 3588 civitatis
693 3531 753 3599 est,
769 3532 806 3586 ut
822 3522 942 3585 ceteris
963 3519 1123 3602 prodesse
1138 3517 1226 3582 ordi·

111 3623 221 3705 nibus,
241 3629 288 3691 sic
305 3639 339 3692 et
355 3627 612 3711 proletariorum
628 3627 858 3690 conditionem
883 3625 997 3688 iuvare
1019 3623 1200 3706 plurimum
1219 3647 1226 3686 :
1268 3666 1319 3710 H„
1332 3677 1404 3724 ,gem

113 3726 215 3812 idque
231 3733 300 3795 iure
317 3753 378 3796 suo
394 3732 534 3815 optimo,
544 3750 653 3812 neque
665 3730 733 3794 ulla
748 3749 825 3793 curn
842 3728 1107 3810 importunitatis
1119 3727 1226 3808 suspi·
1247 3725 1368 3844 peanitas,

113 3835 211 3899 cione
227 3861 233 3900 :
249 3837 349 3901 debet
365 3837 456 3900 enim
473 3833 660 3916 respublica
684 3853 728 3896 ex
749 3833 824 3916 lege
840 3832 986 3895 muneris
1011 3833 1062 3894 sui
1078 3832 1111 3892 in
1135 3850 1225 3894 com·
1246 3789 1400 3903 ρῖᾗῖἶῗῆἶ

115 3955 217 4004 mune
232 3939 413 4004 consulere.
431 3937 510 4020 Quo
527 3945 638 4000 autem
655 3937 911 4000 commodorum
924 3935 1021 4019 copia
1037 3935 1227 4018 provenerit
1247 3917 1311 4022 222²
1322 3911 1404 4008 roffi

116 4058 159 4102 ex
169 4042 232 4107 hac
242 4041 390 4126 generali
400 4040 611 4124 providentia
622 4041 781 4118 maior,eo
792 4041 903 4104 minus
913 4040 1080 4123 oportebit
1091 4039 1173 4102 alias
1183 4039 1225 4103 ad
1252 4024 1289 4067 m·

117 4145 275 4226 opificum
292 4145 435 4210 salutem
452 4144 597 4226 experiri
614 4145 694 4208 vias.

162 4246 230 4314 Sed
242 4251 323 4314 illud
340 4258 512 4333 praeterea
524 4248 814 4323 considerandum,
827 4248 918 4330 quod
930 4267 998 4311 rem
1016 4247 1116 4310 altius
1127 4247 1226 4311 attin-

119 4349 178 4431 git,
200 4375 302 4418 unarn
326 4352 470 4417 civitatis
493 4373 566 4416 esse
582 4354 757 4432 rationem,
779 4373 993 4418 communem
1017 4373 1224 4418 summorum

196 4499 272 4546 Acrn
292 4498 395 4548 Laorus
413 4497 484 4544 XIII.
990 4497 1037 4545 IV.
1050 4513 1123 4558 -13.
