3194 4872
168 972 174 1070 ἐ
202 1000 292 1066 nau
314 1005 431 1066 n1ru
453 1005 593 1065 nunu.
615 1005 652 1062 11
671 1004 798 1064 cuns.
817 1003 1151 1066 canaannuuo.

203 834 396 903 uosnmo
421 837 653 914 menuno,
672 837 733 898 ac
756 838 822 898 na
845 837 993 898 nasso
1014 838 1226 1224 suu]

173 1161 1151 1232 *mmmmm

303 1263 435 1339 NTER
451 1274 573 1336 densas
586 1290 733 1334 errorum
746 1270 953 1334 etscelerum
971 1272 1126 1338 tenebras
1138 1285 1224 1340 tam-

173 1324 273 1346 .-

164 1319 170 1556 i
203 1381 234 1532 Ι
322 1398 424 1461 quam
458 1396 535 1458 spes
573 1385 663 1439 certa
693 1374 839 1438 oriturae
873 1375 988 1439 salutis
1019 1377 1085 1441 iam
1118 1379 1223 1463 fulget
1237 1373 1286 1408 ’Ἡ
1282 1340 1401 1480 ἷέὲξω

139 1483 300 1647 {W
321 1480 471 1544 excitata
496 1499 535 1542 ac
560 1478 759 1542 reviviscens
787 1479 820 1540 in
848 1478 1035 1544 christianis
1066 1485 1222 1564 gentibus
1262 1530 1332 1575 ,mr
1344 1533 1400 1578 dm·

322 1607 380 1672 per
396 1587 480 1650 sacri
497 1586 628 1650 Rosarii
646 1582 867 1666 frequentiam
883 1605 963 1667 erga
980 1605 1139 1670 magnam
1157 1590 1221 1658 Dei
1247 1603 1285 1632 ⁵⁰³
1298 1591 1399 1637 “lam‘'-

139 1673 291 1753 Parentem
313 1691 421 1772 pietas
447 1699 481 1754 et
507 1687 637 1766 fiducia,
652 1707 738 1770 quae
764 1689 855 1750 omni
880 1709 963 1753 aevo
990 1690 1160 1758 Ecclesiae
1184 1715 1222 1758 ac
1248 1653 1399 1760 hiim*

137 1785 267 1853 societati
295 1790 499 1873 praesidium
535 1788 598 1852 suit
635 1788 906 1870 potentissimum
939 1789 982 1854 ad
1017 1802 1221 1860 terrenorum

136 1879 383 1978 iniemorumque
413 1894 561 1958 hostium
588 1893 673 1955 vires
701 1892 930 1956 conterendas.
956 1893 1107 1960 Verbum
1137 1897 1220 1963 San-

41 2005 42 2012 ¹
135 1989 253 2059 ctissimi
282 1997 420 2061 Domini
452 1996 566 2060 Nostri
605 1995 726 2058 Leonis
761 1995 871 2076 Papae
909 1996 1001 2061 XIII
1041 2019 1100 2080 per
1139 2001 1220 2064 Eius

133 2089 327 2175 Apostolicas
374 2101 528 2176 Litteras,
572 2099 767 2181 praesertim
816 2097 973 2180 Supremi
1012 2102 1221 2184 Apostolatus

131 2198 215 2277 oliab
253 2223 263 2268 1
304 2204 512 2289 Septembris
547 2205 638 2282 1883,
675 2203 717 2266 ad
749 2212 886 2266 cunctas
922 2205 1038 2269 mundi
1069 2208 1220 2289 regiones
1263 2219 1387 2278 Pontmcu

131 2303 288 2385 prolatum,
313 2307 418 2370 divini
442 2304 579 2368 seminis
607 2304 711 2366 instar
736 2304 859 2366 cadens
883 2304 916 2365 in
941 2313 1062 2370 terram
1087 2307 1221 2388 bonam,
1245 2279 1314 2395 {iiii
1336 2295 1396 2398 Ῐνῖ

131 2401 235 2490 ubique
250 2409 335 2489 fecit
351 2409 505 2490 fructum
531 2406 720 2487 centuplum,
739 2407 892 2487 quamvis
918 2406 997 2470 alibi
1022 2427 1100 2489 prae
1117 2410 1220 2475 nimia
1245 2399 1397 2508 jjf‘ms‘m·

130 2513 260 2578 cordium
277 2514 407 2590 duritie,
431 2513 554 2578 cadens
576 2521 674 2592 super
681 2519 815 2591 petrosa
831 2519 864 2572 et
881 2510 915 2572 in
929 2511 1043 2592 spinis,
1058 2512 1219 2578 hactenus

129 2619 342 2683 conculcatum
363 2616 462 2681 suerit
485 2627 518 2679 et
538 2613 748 2679 suffocatum.
765 2611 902 2695 Ubique
925 2623 1086 2680 terrarum
1104 2615 1218 2681 fideles

128 2719 181 2782 suis
195 2720 372 2785 coadunati
396 2717 587 2802 pastoribus
614 2717 745 2781 Rosarii
762 2715 846 2780 festa
863 2737 1079 2800 mensemque
1094 2720 1127 2782 in
1152 2721 1218 2784 lae·
1258 2751 1375 2810 summ

127 2821 185 2888 titia
200 2835 233 2888 et
260 2824 387 2887 fervore
413 2823 630 2895 celebrantes,
656 2840 676 2883 a
703 2819 782 2883 solis
809 2830 883 2883 ortu
907 2821 949 2884 ad
978 2842 1133 2887 occasum
1156 2843 1218 2906 pro
1236 2812 1396 2918 ffiss'sjijff

126 2928 289 2992 errantium
317 2926 434 3002 salute,
450 2946 511 3008 pro
537 2923 708 2987 Ecclesiae
732 2933 766 2985 et
793 2923 962 2988 societatis
989 2925 1217 3005 prementibus
1238 2931 1394 3048 >gum

124 3027 355 3094 calamitatibus
372 3029 514 3092 Mariam
532 3029 739 3102 invocarunt,
756 3046 843 3109 quae
863 3027 978 3092 «sicut
995 3026 1106 3090 lumen
1124 3027 1215 3090 inde·
1260 3049 1374 3094 curruu-

125 3128 223 3197 ficiens
238 3134 349 3198 radios
365 3133 518 3196 evibrans
535 3130 779 3194 misericordiae
795 3149 884 3205 suae,
909 3130 1064 3194 omnibus
1086 3129 1215 3194 indiffe·
1242 3109 1394 3221 '²¹2'ssoessffi'

122 3245 218 3299 renter
233 3255 306 3299 sese
319 3234 537 3310 exorabilem,
555 3231 711 3296 omnibus
738 3232 1032 3296 clementissimam
1058 3233 1215 3314 praebere

121 3325 289 3417 consueuit,
310 3339 459 3404 omnium
487 3338 702 3400 necessitates
723 3334 931 3418 amplissimo
954 3337 1099 3416 quodam
1118 3336 1214 3400 mise-

121 3454 198 3508 ratur
225 3441 346 3507 affectu
373 3445 389 3522 (
395 3441 429 3505 S.
460 3440 601 3504 Thomas
628 3439 802 3521 Episcopus
836 3437 1017 3517 Valentin.)
1038 3451 1066 3504 l.
1095 3439 1214 3521 Neque

120 3565 183 3626 spes
200 3545 376 3610 confundit
387 3544 562 3608 obtinendi
575 3543 748 3607 victoriam
765 3561 863 3604 exeo
880 3541 1037 3616 maxime,
1053 3542 1142 3622 quod
1156 3561 1215 3623 per
1249 3530 1383 3634 jssjssesffl

119 3648 338 3712 admirabilem
357 3647 506 3711 Marialis
523 3645 654 3709 Rosarii
670 3645 787 3708 orandi
804 3645 904 3706 ritum
924 3643 1213 3726 splendidissimus
1239 3649 1353 3700 victoria,

119 3747 185 3816 Deo
211 3751 389 3816 exhibetur
415 3751 584 3833 religionis
608 3749 717 3814 cultus
738 3759 771 3812 et
798 3746 897 3830 plena
922 3745 997 3810 fidei
1014 3747 1214 3813 christianae

118 3855 281 3919 consessio.
306 3855 484 3918 Rosarium
510 3854 697 3916 enimcum
722 3852 835 3915 omnia
859 3851 982 3915 Christi
998 3850 1213 3933 Virginisque

1237 3918 1282 3968 per
1303 3910 1391 3968 sidem,

118 3959 229 4023 llatris
254 3959 412 4041 mysteria
439 3978 501 4021 suo
528 3957 665 4030 circuitu
693 3955 850 4031 involvat,
873 3953 973 4018 fidem
989 3964 1095 4018 totam
1123 3974 1212 4017 com·
1239 3985 1313 4073 5302
1330 3983 1390 4038 ηας.Ι

1252 4043 1260 4072 2
1313 4043 1388 4074 osam

116 4063 271 4144 plectitur.
284 4063 437 4125 Iamvero
447 4062 523 4126 haec
537 4071 584 4124 est
599 4060 735 4123 uictoria
746 4081 828 4141 quae
839 4057 942 4120 vincit
954 4057 1119 4134 rutundum,
1126 4058 1214 4140 fides
1239 4089 1336 4135 masi„

117 4179 220 4233 rostra
237 4165 266 4246 (l
289 4165 344 4242 lo,
360 4169 406 4244 v).

151 4269 371 4334 Beatissimus
387 4269 485 4332 Pater
500 4268 542 4331 de
558 4267 610 4330 his
628 4265 842 4330 vehementer
858 4265 1010 4340 lactatus,
1025 4284 1065 4327 eo
1081 4264 1213 4328 enixius
1254 4274 1393 4392 flames

117 4393 228 4440 omnes
242 4372 411 4436 Ecclesiae
423 4373 575 4436 Pastores
587 4382 621 4435 et
631 4371 800 4434 universos
812 4369 1051 4435 Christihdcles
1064 4368 1215 4433 hortatur
1240 4393 1391 4438 veremur
