3194 4872
411 861 476 920 oa
498 861 656 920 uanus
679 861 934 922 navamus.
1183 777 1223 926 ll

131 1114 463 1190 ufflffittFFlcto
480 1119 691 1182 sanctissimo
706 1120 843 1185 adducti
861 1123 1007 1185 muneris
1024 1111 1223 1206 Aposlolici,
1288 1101 1353 1159 ¹⁸⁸⁷·

128 1191 151 1412 Ξ
177 1225 245 1375 O
274 1191 300 1266 ff
324 1221 467 1285 multum
491 1222 624 1304 diuque,
640 1223 702 1304 ipsi
728 1225 842 1300 nostis,
858 1227 1102 1310 contendimus,
1118 1239 1155 1292 ut
1171 1248 1223 1292 res
1278 1261 1400 1306 Mem„

275 1272 301 1414 β
326 1326 496 1390 Ecclesiae
512 1325 699 1390 catholicae
715 1329 804 1409 apud
818 1329 981 1394 Borussos
990 1331 1151 1396 haberent
1164 1333 1222 1396 ali·
1249 1319 1399 1437 'jllg'fp‘ij

127 1415 300 1488 llum&
322 1430 459 1511 quando
476 1429 603 1507 melius,
617 1441 719 1512 atque
731 1431 764 1494 in
777 1432 918 1514 gradum
935 1433 1109 1516 dignitatis
1125 1455 1221 1498 suum
1248 1441 1366 1490 soranos.

127 1532 298 1610 restitutae,
312 1533 356 1596 ad
367 1533 528 1597 honorem
538 1534 715 1616 pristinum
728 1535 992 1619 amplioremque
1002 1537 1222 1604 florescerent.

128 1635 214 1719 Quae
228 1638 377 1716 consilia,
392 1639 450 1721 qui
466 1638 597 1702 labores
614 1638 739 1716 Nostri,
754 1641 922 1722 aspirante
939 1641 1015 1706 Deo
1024 1652 1059 1708 et
1074 1643 1220 1723 iuvante,

126 1741 167 1804 sic
178 1763 373 1824 processere,
385 1753 423 1806 ut
447 1743 660 1826 praeteritam
689 1746 933 1826 querimoniam
963 1747 1162 1824 lenierimuS,
1190 1757 1223 1810 et

126 1867 178 1928 spe
194 1856 368 1912 teneamur
390 1847 433 1912 de
457 1847 611 1911 libertate
636 1847 792 1912 catholici
816 1849 962 1913 nominis
985 1850 1084 1933 plene
1099 1851 1222 1914 ibidem
1249 1899 1339 1946 md
1353 1898 1400 1942 aa·

124 1951 360 2034 tranquilleque
387 1951 535 2016 fruenda.
553 1989 596 2000 -
612 1951 712 2014 Nunc
738 1961 851 2014 autem
883 1953 1015 2016 animus
1031 1963 1081 2016 est
1098 1955 1224 2036 cogita·
1250 1973 1320 2029 veru
1339 1957 1400 2002 ‘⁰02²-

124 2055 223 2118 tiones
238 2067 272 2119 et
295 2075 400 2133 curas,
416 2055 577 2138 singulari
601 2055 750 2138 quodam
774 2057 896 2134 studiO,
918 2059 960 2121 ad
984 2058 1132 2121 Bavaros
1147 2079 1225 2122 con·
1250 2019 1329 2124 ῗζῖῗῐι
1349 2030 1400 2061 ‘M'

123 2170 248 2225 vertere
267 2161 347 2225 Non
373 2161 413 2226 ea
429 2163 567 2243 quidem
591 2181 709 2224 caussa
735 2160 826 2242 quod
852 2182 919 2225 rem
948 2183 1077 2226 sacram
1105 2165 1224 2226 eodem

123 2281 188 2326 esse
206 2263 280 2328 loco
308 2266 340 2327 in
358 2265 499 2329 Bavaria
514 2275 616 2348 atque
643 2266 676 2328 in
695 2266 851 2330 Borussia
875 2277 955 2344 erat,
971 2277 1127 2350 putemus
1142 2289 1150 2346 ;
1166 2267 1224 2330 sed

122 2367 179 2430 hoc
194 2378 353 2450 optamus
380 2378 414 2430 et
429 2369 591 2451 cupimus,
607 2378 644 2433 ut
670 2369 736 2432 isto
768 2389 902 2452 quoque
933 2371 967 2432 in
1005 2389 1118 2452 regno,
1133 2373 1223 2452 quod

122 2471 280 2537 catholica
305 2471 511 2555 professione
542 2473 585 2538 ab
611 2474 681 2537 avis
712 2474 960 2557 maioribusque
985 2474 1154 2555 gloriatur,
1177 2476 1225 2538 in-

122 2579 295 2641 commoda
311 2588 479 2661 quotquot
494 2578 644 2642 insident
655 2579 697 2641 de
714 2577 867 2642 libertate
883 2578 1094 2643 detrahentia
1112 2579 1225 2643 Eccle-

122 2676 184 2739 siae
199 2677 396 2754 catholicae,
411 2689 601 2760 opportune
614 2689 810 2742 resecentur.
827 2715 870 2726 -
889 2677 992 2742 Cuius
1009 2679 1158 2742 maxime
1174 2699 1224 2741 sa·
1252 2701 1295 2746 nu
1310 2701 1401 2746 muen-

123 2781 231 2848 lutaris
258 2783 422 2866 propositi
447 2770 484 2846 dt
509 2783 551 2846 ad
580 2779 736 2850 effectum
766 2782 1007 2864 perveniamus,
1023 2782 1175 2848 volumus
1192 2792 1225 2846 et
1251 2761 1401 2878 fflfflgf

121 2906 233 2950 omnes
251 2887 364 2954 aditus
391 2886 577 2968 explorare,
592 2887 649 2970 qui
677 2884 794 2968 reliqui
810 2886 940 2963 dentur,
955 2896 989 2950 et
1012 2897 1173 2968 quantum
1192 2887 1224 2950 in
1249 2879 1315 2996 {522
1333 2879 1402 2982 sm

123 2989 226 3052 Nobis
258 2989 467 3054 auctoritatis
493 2990 632 3073 opisque
648 2998 700 3052 est
727 2989 799 3052 sine
833 2991 1044 3053 cunctatione
1068 2987 1226 3054 conferre.
1246 2997 1387 3065 rollifqtur.

121 3093 234 3176 Atque
249 3113 312 3157 vos
328 3102 517 3184 opportune
528 3093 746 3177 appellamus
759 3093 978 3158 Venerabiles
995 3095 1136 3170 Fratres,
1156 3114 1226 3156 ves·
1251 3057 1392 3160 {lii-{liiii

122 3201 236 3280 traque
251 3217 357 3280 opera
367 3195 452 3260 filios
476 3196 648 3261 Nostrose
666 3196 808 3260 Bavarla
816 3197 1005 3260 carissimos
1018 3196 1227 3278 appellamus
1252 3174 1341 3220 ‘''d‘n‘'

120 3323 245 3380 omnes,
261 3315 299 3366 ut
309 3321 540 3385 quaecumque
553 3302 595 3365 ad
607 3301 753 3366 rationes
764 3298 840 3365 fidei
854 3309 887 3365 et
899 3300 1067 3382 religionis
1081 3303 1227 3382 ingente

121 3417 228 3470 restra
250 3405 416 3470 curandas
437 3415 471 3468 et
486 3403 717 3487 provehendas
732 3405 898 3489 pertinere
914 3405 1098 3480 videantur,
1115 3424 1153 3466 ea
1169 3424 1227 3467 vo-

121 3511 247 3576 biscum
266 3531 327 3593 pro
344 3519 510 3592 potestate
527 3510 821 3588 communicemus,
833 3510 875 3573 de
892 3510 931 3572 iis
947 3508 1133 3572 tribuamus
1149 3528 1226 3570 con-

120 3619 200 3696 silia,
221 3617 267 3680 de
291 3616 396 3698 iisque
411 3615 454 3678 ad
471 3615 561 3696 ipsos
577 3614 722 3677 civitatis
738 3623 882 3677 rectores
898 3611 1040 3677 fidenter
1056 3613 1226 3674 instemus.

163 3723 203 3785 In
216 3720 323 3784 sacris
338 3717 543 3782 Bavarorum
560 3716 663 3793 lastis,
679 3737 729 3780 res
745 3717 927 3799 repetimus
939 3717 1027 3780 haud
1040 3713 1227 3796 incognitas

119 3826 223 3904 vobis,
249 3827 335 3889 bene
348 3823 453 3886 multa
469 3832 558 3900 sunt,
572 3823 614 3886 de
630 3822 751 3905 quibus
777 3821 929 3885 Ecclesia
952 3832 986 3885 et
1012 3821 1129 3885 civitas
1150 3837 1226 3880 con·
1251 3836 1326 3904 rana
1357 3837 1401 3880 nc-

121 3933 258 3995 cordem
282 3929 417 4010 capiant
441 3927 614 3991 laetitiam.
641 3926 731 3989 Nam
763 3924 846 3989 fides
873 3925 1063 3999 christiana,
1090 3945 1134 3986 ex
1161 3943 1228 4004 quo
1251 3896 1402 4012 §2225

121 4037 232 4100 divina
249 4033 322 4096 eius
348 4031 485 4108 semina,
500 4033 579 4094 cura
606 4031 784 4113 studioque
815 4050 949 4094 summo
964 4029 1071 4093 sancti
1097 4027 1229 4090 abbatis
1254 4013 1403 4118 {mffg

123 4139 290 4216 Severini,
298 4139 355 4221 qui
372 4137 486 4201 Norici
501 4134 674 4221 apostolus
689 4135 813 4212 extitit,
830 4135 1036 4218 aliorumque
1052 4133 1228 4214 Evangelii
1252 4131 1403 4237 power

123 4262 339 4326 praeconum,
370 4242 401 4304 in
419 4241 547 4322 gremio
577 4239 721 4322 regionis
747 4249 876 4302 vestrae
903 4248 982 4302 sunt
1007 4257 1131 4320 sparsa,
1158 4245 1227 4300 tarn
1265 4199 1283 4250 p
1354 4225 1359 4242 '

122 4349 208 4413 altas
235 4349 305 4430 egit
332 4337 473 4429 fixitque
501 4344 639 4423 radices,
655 4341 745 4407 nulla
761 4353 798 4407 ut
819 4343 976 4425 deinceps
992 4361 1100 4424 neque
1115 4360 1228 4421 super·

124 4455 274 4518 stitionis
286 4449 503 4527 immanitate,
517 4469 625 4533 neque
636 4468 745 4514 rerum
756 4447 963 4531 publicarum
980 4445 1229 4529 perturbatione
