3230 4874
414 500 447 647 33
793 442 1202 612 amsroun
1463 548 1492 661 {3

414 661 1493 888 313³-ss

659 863 756 923 rltus
783 864 888 926 Rom.
913 865 996 928 sed.
1027 865 1260 940 conjunctos
1403 818 1494 1027 ’ἐξ

476 1025 540 1088 oa
564 1027 791 1090 puoxrua
815 998 1494 1135 nnasuoomrmnncrrnu133}

304 1531 320 1574 9
595 1483 831 1551 RMENlAM
863 1494 1009 1569 gentem,
1042 1506 1130 1570 quae
1164 1485 1351 1552 catholicae
1379 1489 1503 1556 veritati

270 1641 283 1671 ς
329 1663 336 1676 ς
434 1543 556 1786 OE
615 1607 654 1652 ac
678 1589 853 1654 doctrinae
877 1609 1000 1672 pronas
1024 1610 1120 1655 aures
1145 1589 1305 1708 praebere
1324 1595 1502 1670 consuevit,

334 1753 375 1784 m
363 1476 588 1854 Ξῖ]
615 1699 717 1774 atque
747 1693 790 1756 ad
820 1711 896 1758 cam
928 1701 1122 1758 constanter
1155 1694 1367 1760 renuendam
1401 1697 1502 1762 multa

224 1810 374 1902 gafalh
329 1805 376 1858 m
614 1795 695 1878 pati,
709 1815 786 1861 cum
801 1816 887 1879 opus
902 1795 975 1876 suit,
991 1816 1058 1863 non
1079 1795 1256 1873 dubitavit,
1271 1800 1404 1863 romani
1420 1801 1502 1865 Pon·

224 1929 345 1960 aaron„
400 1890 506 1960 tilices
532 1895 692 1981 singulari
718 1919 851 1984 semper
876 1899 1112 1964 benevolentia
1136 1901 1303 1984 prosecuti
1327 1913 1408 1969 sunt
1424 1903 1503 1969 rnul-

223 1973 275 2078 ἐξ,
259 1975 338 2094 ’Ῑῇζα
398 1998 507 2082 tisque
522 1999 691 2068 beneficiis
705 2005 968 2071 cumulaverunt.
984 2003 1136 2089 Quorum
1152 2005 1294 2089 vestigia
1305 2027 1503 2092 persequen-

223 2097 245 2137 “
243 2097 279 2137 “l
282 2099 330 2139 Ν·
399 2114 449 2167 tes
465 2124 637 2189 nunquam
653 2109 743 2192 passi
758 2127 875 2174 sumus
891 2108 1071 2175 desiderari
1082 2109 1126 2174 ab
1136 2128 1176 2173 ea
1185 2120 1346 2193 paternae
1360 2111 1502 2178 Nostrae

398 2205 569 2273 charitatis
584 2221 784 2294 argumenta
798 2236 806 2278 :
820 2232 889 2296 qua
912 2212 946 2276 in
963 2233 998 2277 rc
1013 2233 1074 2278 vos
1098 2211 1189 2296 ipsos
1212 2220 1316 2279 testes
1330 2214 1501 2292 habemus,

399 2311 616 2378 Venerabiles
633 2313 775 2395 Fratres,
785 2317 843 2400 qui
859 2315 963 2400 probe
980 2317 1095 2395 nostis,
1110 2326 1254 2400 quantas
1270 2316 1343 2382 Nos
1359 2319 1432 2402 ipsi,
1447 2320 1498 2384 vel
1596 2325 1597 2352 ¹

399 2416 637 2482 mandantibus
653 2419 762 2484 Nobis
779 2419 1006 2504 congregatio
1023 2420 1149 2486 Nostra
1165 2419 1242 2485 fidei
1261 2423 1500 2506 propagandae

397 2541 458 2602 pro
474 2522 616 2606 negotiis
632 2524 714 2588 ritus
730 2523 910 2602 orientalis,
924 2523 1094 2590 Armeniis
1107 2523 1298 2590 dederimus
1313 2526 1497 2610 benignita·

397 2623 440 2688 tis
455 2633 557 2708 atque
572 2627 802 2710 indulgentiae
818 2625 1087 2711 significationes.
1106 2627 1197 2692 Hinc
1208 2647 1284 2693 cum
1302 2627 1383 2692 nihil
1395 2629 1498 2692 Nobis

397 2729 567 2812 antiquius
591 2731 634 2796 sit
657 2752 761 2817 quam
786 2742 823 2798 ut
850 2733 945 2797 istius
975 2731 1221 2817 patriarchatus
1245 2731 1421 2817 religiosae
1448 2754 1496 2796 res

398 2832 524 2897 maiora
539 2833 573 2898 in
588 2835 661 2900 dies
677 2843 812 2901 sumant
828 2835 1044 2915 incrementa,
1056 2845 1193 2934 gratum
1210 2836 1319 2902 Nobis
1335 2837 1400 2902 suit
1414 2837 1495 2901 acci·

312 2973 373 3030 alar
396 2955 475 3018 pere
489 2957 550 3002 vos
566 2939 632 3004 iarn
649 2940 683 3005 in
699 2960 741 3006 eo
756 2961 828 3006 esse
844 2952 882 3007 ut
899 2942 931 3006 in
948 2939 1204 3025 patriarchalem
1231 2942 1400 3023 synodum
1422 2961 1496 3005 con·

236 3030 248 3060 ‘
277 3031 372 3123 {⁰³2¹}'ff
396 3039 538 3106 veniatis
547 3044 815 3110 aevenerabrlem
829 3045 964 3111 fratrem
975 3043 1210 3128 patriarcham
1214 3043 1303 3108 dans
1313 3061 1495 3126 nuperrime

219 3149 252 3238 ς’
307 3139 371 3242 37⁸²
397 3143 514 3208 litteris
538 3146 580 3209 ad
608 3157 813 3214 memoratae
844 3145 1126 3231 congregationis
1147 3144 1376 3212 cardinalium
1404 3145 1493 3210 Prae-

397 3247 529 3326 lectum,
545 3251 716 3335 scripsisse
731 3251 817 3318 velle
832 3272 869 3316 se
889 3271 1022 3336 sperare
1044 3251 1200 3316 eamdem
1217 3250 1386 3333 synodum
1402 3248 1493 3314 valde

395 3351 602 3435 profuturam
619 3357 662 3420 ad
679 3355 904 3422 roborandam
921 3355 1081 3422 ecclesiae
1098 3354 1280 3420 Armeniae
1295 3373 1372 3419 cum
1402 3353 1490 3435 Apo·

393 3454 512 3522 stolica
543 3457 632 3524 Sede
657 3459 975 3539 coniunctionem,a
1003 3477 1070 3544 qua
1097 3457 1178 3535 sola,
1205 3467 1242 3522 ut
1271 3457 1412 3540 ipsemet
1437 3455 1490 3528 ait

394 3559 518 3626 habere
533 3560 590 3628 illa
602 3573 715 3646 potest
730 3563 798 3630 vim
814 3584 853 3628 ac
866 3564 967 3628 robur
978 3562 1103 3628 nedum
1120 3583 1156 3628 sc
1174 3561 1370 3646 explicandi
1381 3577 1487 3626 verum

393 3672 428 3729 et
438 3663 583 3732 vivendi.
600 3699 644 3712 -
671 3667 801 3732 Revera
825 3666 869 3732 ab
884 3667 1064 3751 Episcopis
1084 3666 1183 3732 simul
1211 3665 1485 3738 convenientibus,

394 3776 431 3832 ut
454 3769 497 3834 ad
528 3770 670 3854 gloriam
702 3771 766 3836 Dei
796 3772 1053 3856 animarumque
1082 3769 1225 3836 salutem
1253 3767 1485 3853 procurandam

393 3871 539 3937 salubria
553 3883 587 3938 et
602 3885 794 3958 opportuna
821 3875 936 3940 ineant
963 3872 1111 3952 consilia,
1137 3871 1320 3957 plurimum
1345 3867 1485 3938 utilitatis

264 4011 288 4056 F
286 4019 369 4061 m,
394 3973 546 4042 Ecclesia
562 3978 682 4043 merito
708 3978 940 4063 praestolatur.
967 3978 1005 4045 Si
1029 3978 1130 4054 enirn,
1144 3977 1235 4061 quod
1252 3986 1368 4060 aperte
1383 3967 1484 4038 docuit

218 4069 305 4174 ribo
320 4081 367 4179 ’θ-
394 4078 545 4145 Christus
561 4081 740 4161 Dominus,
755 4081 812 4148 ubi
839 4083 908 4148 duo
929 4081 983 4147 vel
1010 4091 1078 4146 tres
1105 4081 1227 4146 suerint
1251 4073 1480 4162 congregatiin

217 4187 307 4238 marr
393 4183 529 4250 nomine
545 4183 661 4250 Eius
650 4205 684 4250 m
711 4187 955 4252 medioeorum
972 4186 1051 4271 Ipse
1081 4194 1142 4264 est,
1169 4183 1277 4250 multo
1304 4181 1411 4267 magis
1432 4197 1480 4244 sua

392 4285 499 4367 gratia
530 4286 645 4352 fulcire
672 4308 739 4354 uon
767 4289 992 4355 dubitandum
1020 4288 1208 4374 Episcopus
1235 4285 1342 4372 quiin
1359 4283 1479 4352 nomine

392 4386 476 4450 Eius
513 4393 709 4474 congregati
739 4395 890 4458 studiose
923 4393 1103 4478 inquirant,
1124 4391 1279 4476 religiose
1315 4390 1477 4455 decernant
