3140 4866
425 367 496 440 286
776 386 898 438 ennox
924 383 1174 438 xuxnrrrcus

407 607 413 622 '
492 613 582 668 ruisse
608 625 650 680 97.
676 639 711 652 -
737 611 806 666 Post
840 609 937 666 executi
963 611 1033 666 xvl
1068 621 1264 680 tempestates,
1291 610 1437 681 Legibertus

493 691 628 761 Buckley,
642 707 715 746 unus
727 701 881 762 superstes,
896 688 1135 762 congregationis
1152 689 1439 761 Aegro-Benedictis:

489 781 589 826 auctor
601 783 644 838 97.
658 799 693 810 -
715 771 810 840 Quam
831 769 1092 840 congregationem
1115 769 1219 824 Paulos
1231 770 1260 822 V
1279 769 1438 840 adprobant,

491 847 658 922 legibusque
678 849 873 904 instruendam
895 848 1023 912 cornuin
1048 847 1183 904 Urbanus
1205 850 1283 903 Vlll
1306 847 1440 918 privilegiis

490 927 577 996 suxit,
590 927 774 984 missionibus
786 929 1026 993 accommodavit3
1040 927 1214 984 Benedictus
1226 929 1303 982 XIV
1316 929 1344 982 in
1356 929 1441 982 obem

491 1007 537 1064 dis
550 1007 717 1064 missionum
730 1008 831 1064 officiis
843 1008 971 1078 adiutum
985 1008 1052 1062 Pius
1067 1007 1108 1062 lX
1121 1007 1159 1062 sd
1177 1023 1363 1064 communem
1374 1005 1440 1062 disci·

492 1087 599 1160 plinam
614 1087 809 1158 initialemque
822 1087 1020 1158 probationem
1042 1086 1243 1142 adducendam
1256 1088 1359 1142 statuit
1369 1087 1405 1154 98
1416 1113 1442 1124 -

494 1167 560 1238 lpse
572 1165 701 1222 Pontifex
714 1165 890 1222 visitatorem
902 1166 941 1221 ad
953 1166 1046 1237 ipsam
1059 1165 1144 1234 misit,
1156 1175 1244 1237 atque
1257 1165 1381 1222 coucilia
1391 1163 1441 1220 inde

491 1255 554 1302 orts
567 1247 763 1318 comprobavit
775 1246 818 1314 98.
831 1275 866 1286 —
881 1247 966 1302 Nunc
978 1263 1029 1316 per
1051 1263 1082 1302 se
1094 1247 1227 1318 quaedam
1240 1263 1334 1317 scopo
1345 1247 1440 1300 obstan·

491 1329 531 1384 tia
555 1327 655 1383 tollere
680 1326 801 1382 intendit
814 1341 857 1396 pp
870 1357 906 1367 -
927 1327 1095 1382 Ostenditur
1119 1343 1175 1398 qua
1198 1328 1326 1398 sapienti
1351 1326 1441 1382 ratione

492 1409 628 1464 Urbanus
643 1407 716 1462 Vlll
740 1417 807 1462 tunc
828 1405 964 1476 temporis
983 1405 1210 1476 jurisdictionem
1222 1423 1257 1461 ac
1278 1406 1441 1476 disciplinam

492 1484 729 1556 Congregstioois
754 1485 937 1540 missionibus
963 1485 1087 1541 addictae
1111 1483 1258 1542 diffinierit
1282 1501 1325 1555 99
1346 1515 1379 1524 —
1398 1483 1441 1538 Sed

490 1565 654 1621 instauratis
667 1563 847 1618 monasteriis
867 1563 1010 1619 discordia
1031 1575 1094 1620 orta
1115 1563 1188 1620 inter
1205 1565 1314 1636 duplex
1339 1567 1441 1620 elemen-

490 1655 550 1700 tum
575 1643 766 1698 monasticum
794 1653 823 1698 et
848 1643 1014 1698 missionsle
1034 1657 1078 1712 99.
1100 1673 1135 1684 —
1155 1644 1352 1714 Congregatio
1371 1659 1441 1714 quom

490 1733 592 1778 statura
616 1720 709 1790 magis
735 1722 895 1777 monastica
919 1723 964 1792 sit,
977 1723 1129 1778 missiones
1153 1724 1340 1780 monasteriis
1360 1737 1441 1794 parere

490 1819 603 1873 aequum
616 1813 660 1857 est
677 1817 735 1858 roo.
748 1832 783 1842 —
798 1804 831 1858 ln
844 1803 945 1874 quovis
957 1803 1057 1858 ordine
1069 1819 1104 1860 ex
1116 1803 1223 1876 duplici
1236 1804 1381 1860 elemento
1391 1819 1442 1858 san·
1530 1837 1531 1862 l

491 1881 671 1937 ctifitationis
693 1881 821 1950 intemae,
840 1881 1052 1954 activitatisque
1072 1893 1207 1944 externae,
1222 1883 1306 1954 prius
1328 1893 1440 1938 naturam

490 1961 579 2031 ipsius
591 1959 684 2030 magis
695 1961 828 2031 exprimit
844 1975 938 2015 roo.-—
953 1961 1032 2028 lnde,
1044 1977 1132 2032 quum
1145 1961 1342 2030 Congregatio
1353 1961 1440 2029 Anglo

491 2041 680 2097 Benedictina
701 2041 860 2098 monastica
879 2041 925 2111 sit,
944 2059 962 2096 a
983 2041 1177 2098 caenobiorum
1189 2043 1350 2098 motoribus
1361 2039 1440 2096 mode·

492 2119 583 2176 randa
595 2129 639 2176 est
655 2135 713 2176 too.
726 2149 761 2162 -
774 2121 859 2190 Quod
871 2133 969 2191 aperte
982 2122 1066 2177 docet
1078 2121 1197 2178 historia
1210 2121 1316 2192 prioris
1335 2122 1441 2188 Congre·

491 2198 615 2270 gstionis
637 2215 655 2254 s
677 2201 705 2255 S.
728 2199 897 2270 Augustino,
907 2201 988 2270 juxta
1009 2211 1135 2255 mentem
1149 2201 1178 2256 S.
1193 2201 1326 2270 Gregmii
1340 2201 1379 2255 M.
1390 2215 1442 2254 con·

490 2280 558 2336 ditae
585 2293 643 2334 roo.
667 2309 702 2320 -
728 2278 834 2334 Omnia
863 2296 914 2350 per
944 2280 1102 2336 monachos
1133 2281 1297 2336 Abbatibus
1328 2287 1442 2351 patentes

492 2357 599 2414 fiebant
623 2367 683 2413 tam
706 2367 786 2412 extra
810 2375 896 2429 quem
922 2359 997 2414 intra
1021 2360 1208 2414 claustrorum
1235 2371 1320 2430 septa
1347 2373 1398 2414 ror.
1416 2385 1442 2394 -

493 2437 593 2508 Qualis
607 2435 700 2492 floruit
713 2453 765 2507 per
774 2437 888 2498 saecula,
902 2437 967 2494 talis
990 2437 1146 2494 instaurata
1160 2437 1255 2507 uigeat
1270 2447 1381 2510 oportet
1395 2449 1440 2488 ror.

490 2547 525 2558 —
540 2518 621 2573 idem
635 2518 742 2572 eruitur
753 2535 789 2573 ex
801 2518 1012 2574 Constitutione
1024 2519 1164 2573 Plaxlola
1178 2519 1292 2574 Urbani
1307 2519 1378 2573 Vlll
1395 2529 1439 2569 ror.

491 2598 536 2652 lta
548 2595 789 2651 lertconsuetudo
810 2597 978 2653 universalis
1000 2597 1117 2653 Ordinis
1137 2598 1298 2667 Benedicti,
1311 2607 1341 2653 nt
1360 2611 1441 2650 mons·

489 2675 583 2732 steriis
608 2675 761 2732 missiones
784 2689 905 2747 pareant
932 2691 989 2732 102.
1004 2706 1039 2716 —
1063 2677 1127 2733 Tali
1152 2677 1306 2748 disciplina
1332 2677 1441 2746 utrisque

490 2755 629 2826 perutilis;
639 2773 706 2810 narn
721 2755 840 2827 impedit
852 2773 888 2811 ne
901 2755 1075 2812 monasteria
1087 2773 1138 2827 per
1150 2757 1263 2812 labores
1276 2757 1442 2812 missionales

490 2835 701 2896 exhauriantur,
716 2845 744 2890 et
766 2835 892 2892 vicissim
912 2853 964 2907 per
982 2837 1113 2907 exempla
1125 2837 1292 2893 claustralia
1306 2835 1441 2893 missiones

489 2914 689 2970 ioecundantur
704 2931 762 2970 102.
776 2946 810 2956 —
824 2915 1000 2972 Monasteria
1013 2927 1079 2972 sunt
1091 2926 1239 2988 tamquam
1252 2917 1373 2972 officinae
1384 2913 1441 2984 opti·

488 3009 599 3048 morum
612 2993 782 3064 scriptorum
798 3009 892 3064 ¹03···
903 2996 972 3066 Ipsa
983 2995 1115 3050 educatio
1124 2994 1307 3064 juventutisa
1319 2990 1441 3051 coenobiis

488 3074 627 3144 majorem
640 3073 744 3144 accipit
764 3073 1003 3130 existimationem
1025 3083 1053 3130 et
1075 3075 1196 3130 fructum
1212 3089 1318 3144 103.-
1332 3071 1440 3129 Relatio

491 3169 557 3208 nem
570 3151 645 3208 hanc
657 3151 826 3208 missionum
837 3154 874 3209 sd
887 3153 1061 3210 monasteris
1074 3151 1102 3208 in
1116 3153 1263 3224 responsis
1274 3151 1440 3208 Cardinalen

489 3231 656 3300 intendisse,
669 3248 727 3286 non
749 3231 837 3287 inficit
858 3249 1026 3303 responsum
1046 3233 1084 3288 sd
1104 3231 1227 3304 primurn
1241 3227 1440 3304 quaesitum,di·

491 3321 566 3366 serte
591 3309 717 3366 declarat
741 3326 911 3380 responsum
936 3311 973 3366 ad
995 3311 1152 3367 secundum
1177 3322 1282 3383 csput3
1309 3312 1382 3384 quod
1401 3321 1441 3378 prr

489 3390 616 3458 singulas
629 3399 725 3460 partes
737 3389 905 3458 ostenditur,
918 3407 982 3460 quae
995 3390 1137 3460 pertinent
1146 3391 1185 3444 ad
1202 3407 1294 3446 novas
1305 3389 1440 3445 missiones

490 3468 696 3539 suscipiendas,
708 3469 745 3524 ad
758 3468 955 3526 missionarios
965 3469 1180 3540 deligendossd
1190 3469 1344 3526 excitsrnla
1353 3465 1440 3528 studia,

489 3549 526 3604 ad
539 3558 682 3603 rectorum
695 3548 803 3614 sedem,
815 3547 853 3603 ad
866 3547 981 3604 unicum
994 3549 1164 3618 tirocinium,
1176 3549 1214 3604 ad
1233 3549 1438 3620 capitularem

488 3626 560 3681 ralia
575 3639 698 3695 103·¹⁰5·
712 3657 747 3666 -
759 3627 881 3682 Accedit
889 3643 1058 3700 responsum
1067 3627 1105 3683 ad
1114 3629 1245 3700 quintum
1257 3626 1438 3699 quaestionen

489 3721 545 3776 quo
558 3707 724 3762 constitutio
745 3707 912 3762 monasticae
925 3707 980 3777 legi
996 3724 1084 3778 quam
1104 3708 1230 3764 maxime
1248 3702 1439 3764 conformanda
1528 3721 1529 3738 ³

489 3787 650 3841 declaratur
665 3799 722 3854 105.
735 3815 771 3826 -
785 3787 874 3842 Hisce
884 3795 1029 3858 permotus
1048 3787 1179 3842 Pontifex
1196 3789 1297 3842 statuit
1307 3779 1439 3857 sequentis

492 3877 548 3934 105.
559 3893 594 3904 ——
608 3865 729 3920 Munera
742 3865 959 3935 provincialium
972 3883 1005 3920 oc
1018 3866 1095 3920 bine
1108 3865 1263 3936 prouinciae
1275 3863 1437 3922 missionues

490 3945 620 4000 delentur
635 3946 691 3998 106.
706 3975 740 3984 -
755 3944 909 4000 Missiones
923 3945 1114 4016 jurisdictioni
1131 3945 1367 4001 monasteriorum
1386 3941 1437 3997 snb

489 4025 638 4079 mittuntur
653 4023 747 4078 rou-
756 4025 803 4079 Ad
816 4026 986 4094 praepositos
998 4025 1236 4081 monasteriorum
1249 4025 1437 4080 transferuntur

488 4102 636 4174 privilegia
657 4103 877 4158 Prouincialium
893 4103 950 4159 106.
963 4133 999 4143 -
1020 4103 1172 4174 Praepositi
1194 4103 1290 4174 quoad
1303 4102 1435 4158 missiones

487 4181 603 4253 praesidi
624 4181 750 4250 generali
770 4196 879 4237 morem
890 4193 994 4252 gerant
1009 4183 1066 4238 106.
1081 4213 1115 4224 -
1134 4181 1258 4238 Nonnisi
1276 4181 1372 4253 optimi
1384 4176 1435 4232 mis

488 4259 616 4316 sionibus
638 4259 817 4316 destinentur
841 4262 898 4316 106.
920 4261 1146 4319 -Missionarii
1171 4263 1325 4333 quotannis
1335 4253 1434 4330 aliquod

487 4349 600 4408 tempus
623 4338 652 4393 in
673 4339 795 4409 propriis
812 4340 952 4396 coenobiis
964 4341 1071 4411 degant
1087 4355 1145 4410 107.
1154 4371 1190 4381 -
1203 4343 1257 4396 Per
1269 4357 1371 4396 novum
1382 4351 1434 4392 con·

489 4416 583 4470 silium
596 4417 756 4486 missiones,
769 4434 923 4490 earumque
944 4421 1073 4490 pecuuiae
1094 4421 1168 4478 inter
1184 4422 1358 4476 monasteria
1368 4429 1433 4486 eque
