3336 4870
427 396 478 446 DE
504 395 593 448 VITA
619 397 765 450 SANCTE
792 400 1064 455 INSTITUENDA.
1222 405 1288 458 201

184 573 279 638 Nihil
295 576 417 640 attinet
432 576 734 643 considerationem
747 579 810 645 hoc
826 581 902 646 loco
917 583 1090 650 intendere
1103 585 1296 651 invictricia
1321 596 1472 678 mm„

184 679 353 745 facinora:
369 701 431 745 nec
447 684 631 766 exquirere,
646 685 759 750 ullane
775 688 923 770 imperia,
939 689 1039 755 salvis
1064 690 1161 756 rebus
1177 691 1246 756 suis
1261 701 1295 758 et
1360 684 1427 732 ¹⁸⁸⁸·

183 783 228 849 ad
244 784 452 850 voluntatem
469 785 658 867 fluentibus,
673 799 791 872 gerant
806 802 920 855 tamen
936 792 1028 857 velut
1050 793 1083 858 in
1101 795 1176 857 imis
1191 794 1295 859 visce·
1319 775 1385 879 ,fija
1396 776 1473 897 Ἥ

185 888 278 952 ribus
294 890 458 954 inclusum
485 911 599 956 semen
628 893 846 960 miseriarum.
863 893 977 959 Unam
993 916 1063 959 rem
1080 895 1222 981 intelligi
1237 917 1293 961 vo·
1320 893 1359 998 ζῆ
1386 911 1474 1002 “5¹¹ss

183 996 306 1074 lumus,
320 997 414 1060 cuius
430 995 476 1060 rei
492 979 592 1079 plena
604 1007 655 1061 est
664 999 899 1081 exemplorum
915 998 1062 1078 historia,
1075 1001 1196 1066 iniuste
1206 1002 1295 1066 lacta
1338 969 1461 1070 ltlrillil

185 1099 371 1183 aliquando
395 1119 467 1164 esse
493 1099 626 1178 luenda,
641 1121 749 1185 eoque
774 1102 918 1185 gravius,
944 1124 1013 1187 quo
1029 1103 1152 1168 fuerint
1168 1105 1294 1170 diutur-
1320 1073 1470 1192 qllmle'lffi.

185 1203 429 1269 nioradelicta.
444 1203 518 1268 Nos
542 1205 678 1287 quidem
707 1225 911 1290 magnopere
938 1207 996 1271 illa
1025 1207 1119 1272 Pauli
1136 1207 1294 1293 Apostoli
1320 1195 1398 1244 'm'

182 1308 350 1372 sententia
366 1309 567 1385 consolatur,
594 1308 717 1374 Omnia
731 1311 818 1375 enim
845 1319 954 1376 vestra
974 1321 1076 1377 sunt:
1103 1333 1159 1377 aas
1184 1325 1294 1378 autem
1320 1323 1469 1376 testePardo.

185 1407 323 1486 Christi,
353 1409 505 1475 Cleristus
533 1419 643 1473 autem
669 1410 739 1474 Dei
752 1410 803 1494 (¹).
829 1411 998 1477 Videlicet
1023 1433 1146 1478 arcano
1161 1414 1294 1480 divinae

179 1513 413 1598 providentiae
429 1523 512 1579 nutu
528 1513 575 1577 sic
592 1534 700 1579 rerum
726 1514 918 1579 mortalium
934 1514 1061 1599 regitur
1076 1517 1293 1600 gubernatur-

180 1638 250 1702 que
265 1638 388 1696 cursus,
403 1627 450 1696 ut,
464 1637 696 1701 quaecumque
711 1618 904 1684 hominibus
919 1622 1085 1700 accidunt,
1100 1625 1215 1687 omnia
1228 1625 1292 1688 Dei

179 1721 289 1803 ipsius
318 1722 445 1806 gloriae
474 1723 669 1798 asserviant,
697 1722 845 1805 itemque
875 1724 942 1788 sint
968 1745 1083 1789 eorum
1100 1725 1210 1804 saluti,
1235 1729 1292 1809 qui

182 1825 305 1892 IESUM
322 1827 526 1892 CHRISTUM
539 1845 615 1889 vere
627 1836 715 1889 etex
725 1827 840 1890 animo
851 1839 1045 1910 sequuntur,
1060 1831 1291 1896 conducibilia.

180 1931 317 1996 Horum
333 1951 412 1996 vero
440 1941 547 1994 mater
573 1939 606 1994 et
630 1930 743 2008 altrix,
758 1932 829 1995 dux
857 1941 891 1994 et
917 1941 1030 1996 custos
1052 1943 1104 1997 est
1121 1933 1291 1998 Ecclesia:

178 2056 273 2118 quae
287 2036 410 2100 idcirco
425 2055 501 2099 cum
520 2033 654 2100 Christo
670 2055 795 2118 sponso
811 2055 872 2098 suo
888 2037 974 2100 sicut
989 2035 1109 2100 intima
1125 2047 1226 2119 atque
1242 2038 1289 2100 in·
1315 2050 1406 2142 {w
1422 2037 1469 2084 Ec·

175 2139 413 2203 commutabili
444 2140 584 2202 caritate
610 2138 794 2222 copulatur,
821 2139 868 2202 ita
895 2140 1108 2222 coniungitur
1130 2141 1291 2205 societate
1316 2168 1347 2200 sa
1363 2103 1468 2202 ciffi:

174 2244 401 2308 certaminum
429 2254 463 2308 et
487 2243 725 2308 communione
747 2243 914 2307 victoriae.
947 2243 1040 2307 Nihil
1070 2243 1172 2327 igitur
1197 2244 1290 2308 anxii

176 2347 354 2412 Ecclesiae
368 2368 486 2412 caussa
502 2367 625 2424 sumus,
642 2368 703 2411 nec
719 2367 790 2410 esse
807 2367 1004 2430 possumus:
1021 2349 1080 2412 scd
1103 2349 1201 2413 valde
1217 2369 1289 2432 per-

175 2451 389 2517 timescimus
415 2454 458 2517 de
482 2450 589 2516 salute
616 2452 846 2534 plurimorum,
871 2453 938 2535 qui,
969 2453 1122 2518 Ecclesia
1147 2453 1289 2536 superbe

175 2555 386 2639 posthabita,
415 2575 525 2619 errore
554 2556 646 2618 vario
677 2555 710 2618 in
742 2555 913 2620 interitum
945 2566 1111 2638 aguntur:
1135 2556 1290 2639 angimur

173 2680 295 2724 earum
322 2678 440 2724 caussa
464 2659 649 2736 civitatum,
664 2678 748 2741 quas
773 2667 923 2740 spectare
947 2660 1099 2742 cogimur
1121 2680 1288 2724 aversasa
1344 2665 1414 2710 Mali
1428 2665 1466 2712 in·

173 2769 267 2843 Deo,
281 2777 316 2831 et
331 2785 464 2829 summo
480 2785 589 2828 rerum
605 2764 756 2827 omnium
773 2764 956 2828 discrimini
973 2764 1096 2829 stolida
1111 2767 1289 2829 securitate
1315 2727 1416 2777 anm,

172 2871 429 2950 indormientcs.
456 2868 561 2933 Nihil
585 2867 746 2932 Ecclesiae
770 2879 838 2948 par
864 2879 963 2934 est...
996 2867 1083 2947 Quat
1111 2869 1288 2934 Ecclesiam
1357 2885 1466 2932 Ecclesia

168 2985 411 3060 oppugnarunt,
427 2973 549 3056 ipsique
555 2972 758 3054 perierunt?
774 2971 917 3035 Ecclesia
931 2972 1116 3037 verocaelas
1127 2983 1288 3037 transcen·
1313 2947 1466 3050 ffiff-'ZJ

169 3083 236 3148 dit.
260 3080 351 3144 Talis
364 3088 413 3142 est
428 3077 588 3141 Ecclesiae
602 3076 794 3158 magnitudo
805 3101 816 3140 .·
828 3077 931 3140 vincit
941 3077 1144 3161 impugnata,
1156 3077 1289 3141 insiliis
1313 3063 1464 3168 ssffl’ffl·

169 3183 318 3269 appetita
333 3191 526 3264 superat.....
540 3181 688 3244 luctatur
701 3181 992 3262 necprasternitur,
1000 3182 1158 3264 pugilatu
1179 3192 1282 3247 certat
1313 3182 1354 3227 aa
1371 3183 1399 3228 a
1413 3182 1465 3228 vtr-

1281 3234 1288 3259 ,
1451 3243 1456 3253 .

172 3311 236 3354 nec
249 3288 397 3352 vincitur
410 3285 461 3369 (²).
478 3285 597 3368 Neque
613 3285 722 3349 solum
739 3305 806 3348 non
824 3286 975 3361 vincitur,
991 3287 1050 3351 sed
1068 3285 1171 3372 illam,
1186 3308 1286 3370 quam
1305 3245 1365 3360 llll
1377 3241 1465 3346 '‘illil-

171 3393 316 3480 perenni
331 3392 454 3456 haustu
471 3411 490 3452 a
507 3390 583 3453 Deo
599 3390 673 3472 ipso
699 3391 838 3467 derivat,
862 3391 1122 3455 emendatricem
1149 3401 1288 3456 naturae
1313 3364 1353 3406 Μ’

170 3511 211 3564 et
226 3497 426 3562 efficientem
442 3492 560 3558 salutis
577 3495 733 3558 virtutem
750 3503 926 3557 conservat
950 3495 1126 3576 integram,
1142 3515 1203 3559 nec
1220 3495 1287 3558 ulla

171 3615 369 3682 temporum
394 3598 640 3681 permutatione
668 3597 873 3662 mutabilem.
905 3597 1002 3682 Quae
1026 3599 1131 3665 virtus
1145 3601 1174 3663 si
1191 3618 1286 3665 sene-

170 3715 328 3770 scentem
343 3703 433 3768 vitiis
457 3711 491 3767 et
507 3702 674 3784 perditum
687 3701 924 3784 superstitione
941 3703 1106 3767 mundum
1126 3703 1286 3766 divinitus

169 3807 339 3883 liberavit,
353 3805 470 3889 quidni
485 3804 621 3868 devium
638 3804 835 3869 revocabit?
850 3804 1088 3870 conticescant
1103 3803 1286 3886 aliquando
1329 3819 1448 3865 zanua

169 3911 383 3994 suspiciones
409 3931 448 3974 ac
472 3908 683 3973 simultates:
707 3909 897 3991 amotisque
921 3908 1182 3992 impedimentis,
1213 3919 1285 3972 esto
1307 3881 1463 3998 mikils

170 4015 299 4080 iurium
315 4033 450 4077 suorum
468 4012 592 4096 ubique
608 4031 745 4094 compos
772 4011 932 4089 Ecclesia,
948 4012 1041 4076 cuius
1068 4020 1119 4074 est
1144 4013 1228 4074 tueri
1245 4031 1284 4074 ac
1309 3999 1463 4109 ξιζθθξξεζῖ

166 4138 361 4204 propagare
387 4125 482 4199 parta
512 4136 572 4200 per
603 4115 721 4182 IESUM
754 4115 957 4182 CHRISTUM
988 4113 1156 4180 beneficia.
1188 4115 1284 4179 Tunc
1311 4117 1434 4164 revulsa!-

167 4224 346 4288 enimvero
360 4220 473 4284 licebit
489 4219 696 4302 experiendo
711 4240 921 4302 cognoscere,
936 4240 1004 4302 quo
1027 4220 1088 4283 lux
1106 4219 1283 4302 Evangelii

204 4473 226 4508 r.
244 4458 380 4512 leonati.
393 4472 469 4518 anag.
486 4483 516 4493 -
531 4471 552 4505 a
571 4457 594 4506 S.
614 4457 649 4506 lo.
668 4457 752 4516 Chrys
770 4457 811 4504 Or.
826 4467 888 4517 post.
902 4459 1001 4516 Eutrop.
1014 4467 1113 4517 captum
1128 4459 1247 4506 habitan.
1261 4473 1280 4505 1.
