3172 4874
397 371 467 444 180
543 388 731 440 LITTERAE
748 385 907 438 ENCYCL.
929 373 949 401 ⁴⁸
969 384 1102 436 RERUM
1122 381 1311 434 NOVARUM
1330 416 1353 443 „

390 567 491 632 tionis
502 563 769 650 particeps,bona
780 561 908 627 homini
921 561 1067 626 tribuere
1080 581 1215 626 necesse
1225 569 1277 626 est
1292 579 1361 624 non
1374 558 1502 624 utenda

388 669 508 748 solum,
519 667 610 752 quod
623 675 674 732 est
688 665 839 731 omnium
857 665 1081 730 animantium
1098 685 1287 744 commune,
1306 667 1368 731 sed
1389 665 1502 730 stabili

387 784 617 858 perpetuoque
629 771 704 854 jure
719 770 931 852 possidenda,
947 789 1056 853 neque
1080 789 1120 834 ea
1135 771 1318 836 dumtaxat
1333 791 1426 854 quae
1441 791 1500 835 usu

387 885 638 952 consumuntur,
654 873 713 938 sed
729 873 831 938 etiam
857 893 953 956 quae,
968 873 1066 938 nobis
1094 875 1274 953 utentibus,
1290 885 1500 958 permanent

208 967 361 1087 wax
433 981 533 1066 Quod
550 979 657 1063 magis
673 979 775 1042 etlam
786 987 935 1062 apparet,
946 978 975 1042 si
990 977 1166 1042 hominum
1177 979 1211 1042 in
1223 988 1392 1046 serratum
1402 979 1501 1046 altius

208 1087 311 1192 mx
322 1161 359 1193 m·
386 1095 562 1170 spectetur.
592 1083 709 1146 Homo
735 1082 825 1146 enim
856 1101 933 1146 curn
964 1081 1221 1148 innumerabilia
1251 1085 1384 1148 ratione
1410 1104 1500 1148 com·

207 1219 230 1276 ο..
248 1206 360 1276 mm
386 1186 582 1274 prehendat,
597 1185 762 1268 rebusque
778 1184 1010 1268 praesentibus
1028 1184 1200 1268 adiungat,
1214 1196 1317 1270 atque
1340 1197 1500 1252 annectat

207 1265 360 1376 ³²⁶¹,'⁸,.s¹¹'
386 1293 524 1370 sutum,
539 1308 682 1373 cumque
707 1289 877 1354 actionum
903 1309 1043 1354 suarum
1072 1288 1115 1354 sit
1130 1291 1202 1374 ipse
1217 1290 1387 1368 dominus,
1401 1312 1498 1376 prop

206 1383 273 1490 {2}ss
289 1399 359 1504 pm
385 1409 477 1465 terea
489 1396 551 1461 sub
565 1395 639 1479 lege
648 1403 794 1470 aeterna,
806 1393 869 1456 sub
891 1403 1062 1476 potestate
1074 1396 1190 1460 omnia
1207 1397 1498 1480 providentissime

207 1507 288 1608 522&
315 1509 360 1607 lg
385 1499 603 1586 gubernantis
620 1497 696 1573 Dei,
710 1516 746 1560 se
773 1497 846 1579 ipse
869 1496 1041 1579 gubernat
1056 1498 1266 1580 providentia
1281 1501 1415 1565 consilii
1428 1503 1498 1566 sui:

209 1621 338 1691 mirratum,
385 1603 605 1687 quamobrem
621 1600 656 1664 in
672 1600 742 1664 eius
758 1608 995 1683 estpotestate
1011 1621 1063 1665 res
1080 1602 1204 1687 eligere
1220 1623 1306 1686 quas
1320 1605 1367 1668 ad
1383 1625 1498 1668 consu-

204 1685 303 1797 ,mi
331 1695 358 1784 ,ἶ
386 1706 523 1771 lendum
540 1705 603 1768 sibi
619 1723 687 1768 non
704 1704 808 1770 modo
834 1703 868 1768 in
895 1723 1067 1786 praesens,
1082 1706 1142 1770 sed
1157 1707 1258 1770 etiam
1274 1707 1310 1770 in
1332 1705 1496 1790 reliquum

207 1799 312 1846 mm·
385 1821 529 1892 tempus,
539 1807 689 1873 maxime
700 1807 826 1872 iudicet
846 1809 993 1873 idoneas.
1007 1809 1064 1872 Ex
1088 1830 1156 1892 quo
1171 1811 1399 1893 consequitur,
1414 1813 1497 1876 utin

385 1915 522 1979 homine
545 1933 619 1978 esse
645 1931 713 1977 non
741 1912 843 1976 modo
868 1922 1076 1978 terrenorum
1103 1913 1279 1992 fructuum,
1304 1917 1365 1980 sed
1397 1916 1498 1997 ipsius

385 2030 493 2085 terrae
508 2017 720 2082 dominatum
744 2025 908 2100 oporteat,
923 2017 1003 2100 quia
1029 2037 1048 2080 e
1064 2027 1172 2083 terrae
1187 2016 1257 2084 fetu
1273 2021 1337 2085 sibi
1354 2041 1408 2084 res
1424 2041 1497 2102 sup-

385 2123 528 2208 peditari
558 2123 650 2186 videt
680 2119 724 2184 ad
767 2120 915 2186 futurum
945 2131 1084 2205 tempus
1115 2125 1326 2190 necessarias.
1360 2124 1498 2188 Habent

387 2229 546 2311 cuiusque
561 2225 706 2290 hominis
733 2225 950 2290 necessitates
975 2225 1067 2290 velut
1094 2239 1274 2310 perpetuos
1301 2227 1497 2304 reditus,ita

388 2343 425 2398 ut
440 2333 541 2398 hodie
556 2331 722 2413 expletae,
738 2330 771 2393 in
789 2330 973 2396 crastinum
1000 2351 1089 2394 nova
1115 2334 1288 2416 imperent.
1304 2333 1416 2416 Igitur
1431 2349 1496 2395 rem

388 2439 570 2523 quamdam
587 2435 688 2499 debet
704 2433 832 2498 homini
849 2443 969 2498 natura
995 2436 1130 2500 dedisse
1153 2437 1306 2502 stabilem
1323 2445 1496 2520 perpetuo

243 2562 361 2633 objicitur
388 2563 453 2627 que
470 2559 671 2617 mansuram,
686 2539 776 2602 unde
800 2540 992 2623 perennitas
1020 2541 1159 2606 subsidii
1184 2543 1357 2626 expectari
1379 2551 1495 2624 posset

210 2624 360 2728 2320?st
389 2648 495 2731 Atqui
512 2645 701 2710 istiusmodi
716 2643 963 2726 perennitatem
981 2643 1075 2710 nulla
1091 2665 1142 2710 res
1157 2655 1336 2730 praestare,
1348 2646 1494 2710 nisicum

210 2743 362 2856 gnum
389 2750 596 2816 ubertatibus
612 2748 681 2812 suis
696 2757 793 2826 terra,
808 2757 930 2830 potest.

208 2867 318 2930 purtem.
433 2855 554 2935 Neque
570 2861 630 2929 est,
648 2872 706 2916 cur
729 2851 941 2933 providentia
966 2851 1197 2917 introducatur
1212 2852 1435 2936 reipublicae:
1449 2858 1494 2912 est

212 2925 364 3045 amb„
391 2959 479 3022 enim
493 2959 603 3034 homo,
619 2977 722 3040 quam
739 2955 936 3038 respublica,
946 2957 1060 3019 senior
1074 2981 1081 3020 :
1096 2957 1250 3039 quocirca
1273 2957 1325 3020 ius
1337 2957 1394 3021 ille
1405 2973 1493 3019 suum

211 3044 363 3170 gffflj·
391 3061 434 3125 ad
450 3059 553 3124 vitam
581 3077 769 3142 corpusque
794 3058 959 3122 tuendum
987 3058 1114 3124 habere
1137 3069 1256 3124 natura
1280 3070 1360 3125 ante
1385 3055 1497 3124 debuit

213 3167 364 3275 dsslstrfe’fs‘im
391 3184 492 3249 quam
509 3163 625 3228 civitas
653 3161 721 3226 ulla
744 3163 875 3226 coisset.
891 3199 936 3212 —
953 3160 1056 3245 Quod
1081 3183 1160 3228 vero
1182 3174 1304 3246 terram
1321 3163 1415 3228 Deus
1430 3161 1494 3227 uni·

210 3287 295 3354 ,meri
325 3289 365 3334 aa
389 3289 487 3333 verso
499 3267 610 3350 generi
623 3266 798 3332 hominum
810 3265 1162 3346 utendam,lrnendam
1171 3268 1310 3346 dederit,
1320 3268 1354 3333 id
1365 3267 1495 3351 quidem

205 3359 351 3463 srfflss,
391 3393 460 3436 non
472 3381 583 3455 potest
598 3371 667 3435 ullo
694 3381 794 3452 pacto
819 3370 957 3452 privatis
986 3371 1252 3454 possessionibus
1267 3371 1395 3438 obesse.
1411 3369 1497 3434 Deus

214 3463 365 3583 “ffifpssta
392 3477 481 3542 enim
492 3475 606 3558 generi
618 3474 793 3540 hominum
805 3473 986 3538 donavisse
997 3482 1120 3540 terram
1132 3475 1165 3538 in
1180 3495 1361 3540 commune
1374 3475 1498 3549 dicitur,

213 3590 365 3695 :cimm-
392 3601 459 3646 non
479 3580 569 3664 quod
586 3579 657 3643 eius
675 3579 903 3661 promiscuum
922 3578 1013 3663 apud
1031 3599 1149 3644 omnes
1164 3580 1376 3646 dominatum
1392 3579 1497 3646 volue-

214 3707 336 3754 mraarm
393 3687 445 3765 rit,
456 3685 514 3750 sed
532 3683 610 3767 quia
626 3692 756 3766 partem
775 3681 903 3747 nullam
919 3683 1040 3766 cuique
1060 3683 1244 3766 assignavit
1259 3683 1498 3768 possidendam,

214 3765 366 3873 ζζῗῇξήζξ
392 3789 575 3854 industriae
590 3787 766 3850 hominum
800 3785 1031 3870 institutisque
1046 3785 1246 3870 populorum
1263 3789 1426 3870 permissa
1440 3788 1499 3872 pri·

224 3884 356 4004 ‘'2522“
392 3902 544 3996 yatarum
587 3889 837 3973 possessionum
875 3889 1108 3973 descriptione
1135 3887 1293 3956 Ceterum
1324 3901 1498 3975 utcumque

238 4006 344 4074 ronre-
391 4001 478 4060 1nter
493 3994 641 4076 privatos
678 3992 865 4070 distributa,
879 3991 1038 4057 inservire
1053 3992 1223 4057 communi
1249 3995 1401 4060 omnium
1417 3995 1498 4060 utili·

212 4068 365 4178 ww
393 4099 455 4164 tati
471 4107 559 4162 terra
593 4116 661 4159 non
688 4105 805 4172 cessat,
819 4094 978 4179 quoniam
1006 4115 1107 4160 nemo
1129 4103 1182 4160 est
1206 4097 1408 4178 mortalium,
1422 4097 1497 4182 quin

215 4185 367 4283 mugra-
395 4203 502 4266 alatur
512 4219 561 4276 eo,
581 4200 671 4282 quod
691 4201 761 4281 agri
775 4198 925 4264 efferunt.
936 4198 1005 4283 Qui
1020 4219 1056 4264 re
1070 4210 1194 4278 carent,
1205 4201 1363 4284 supplent
1377 4214 1497 4286 opem

213 4297 368 4416 5⁶3³&ssss
397 4303 444 4364 lta
460 4313 496 4364 ut
512 4320 587 4362 vere
611 4299 766 4364 affirmari
793 4303 908 4384 possit,
934 4303 1122 4366 universam
1148 4307 1368 4386 comparandi
1394 4306 1496 4369 victus

218 4418 312 4461 cronon
325 4419 369 4462 »ιιι
397 4401 571 4481 cultusque
586 4399 749 4464 rationem
777 4403 810 4466 in
837 4403 950 4470 labore
977 4405 1165 4482 consistere,
1180 4427 1279 4490 quem
1305 4408 1381 4490 quis
1397 4407 1448 4471 vel
1463 4408 1493 4470 in
