3194 4872
200 827 269 886 (laod
284 841 334 872 rnu-

185 901 229 932 uus
244 889 272 931 in
280 887 334 945 pri·

183 947 263 991 oribus
289 947 333 990 Ec·

182 1005 334 1050 clesioesaecu·

183 1063 215 1110 tis
250 1063 334 1109 Patres

182 1137 211 1168 cc
228 1123 334 1168 Doctores

205 1183 305 1240 gloriose

213 1241 305 1286 executi

182 1299 333 1351 seutellul-

181 1361 333 1419 cnsuporsto‘·

182 1419 332 1478 cronopi-olii·

178 1481 244 1536 gato.

194 2539 317 2598 Perpessis

181 2601 324 2667 philosopho:

184 2673 239 2703 rum
274 2673 331 2703 scre-

178 2718 236 2777 plc's,
255 2717 333 2777 jirlem

183 2776 348 2822 strationem

180 2837 254 2895 plane
290 2849 334 2880 esse

200 2895 319 2938 concordes

208 2955 307 2998 ostende-

185 3017 249 3057 runt

216 4075 277 4131 Quos
298 4075 335 4118 ἐκ·

185 4137 222 4178 de!
262 4133 334 4177 doch}-

185 4207 221 4238 res
230 4193 336 4236 eminent

364 373 410 442 24
564 371 746 426 semrom
775 360 795 388 “
813 369 964 424 ossrcro
983 371 1234 424 snuc'nssmo
1253 408 1273 436 „

359 566 527 620 creaturae
542 521 585 638 (¹⁰)
604 579 613 635 ;
629 557 675 620 ita
695 556 796 640 plane
821 566 858 620 ut
873 556 1031 640 episcopi,
1053 557 1087 621 in
1100 555 1330 640 apostolorum
1354 555 1465 622 locum

360 663 511 742 sublecti,
523 665 669 747 praesint
691 663 842 748 magistri
864 665 897 727 in
915 663 1067 728 Ecclesia
1083 665 1159 742 Dei,
1173 665 1358 748 presbyteri
1374 665 1466 727 adiu-

360 778 449 832 tores
464 767 679 832 accedant.-
691 765 922 832 Sanctioribus
932 767 1024 830 hisce
1036 767 1187 849 partibus
1197 765 1296 852 plene
1307 765 1467 850 perfecte·

360 894 435 958 que,
449 874 477 938 si
502 873 584 938 alias
611 894 769 957 unquam,
795 875 876 938 satis
907 874 1033 940 sactum
1050 884 1101 939 est
1116 873 1149 938 in
1178 875 1369 958 primordiis
1393 873 1466 938 reli·

359 982 469 1065 gionis
492 992 625 1046 nostrae
656 981 863 1066 saeculisque
873 982 1165 1066 consequentibus,
1187 1003 1247 1066 per
1270 1001 1356 1059 eam,
1382 1001 1467 1065 quae

358 1091 416 1154 diu
433 1090 574 1170 exarsit,
584 1089 771 1154 maximam
794 1089 1047 1154 dimicationem
1063 1109 1139 1154 cum
1171 1089 1325 1155 ethnicae
1355 1109 1466 1172 super·

358 1195 503 1262 stitionis
519 1197 718 1279 tyrannide:
736 1197 825 1261 unde
845 1206 915 1260 tam
940 1197 1089 1280 amplam
1111 1198 1230 1263 cohors
1252 1195 1467 1262 sacerdotalis

358 1304 492 1388 collegit
507 1305 658 1388 gloriam,
675 1302 984 1388 amplissimamque
995 1305 1223 1370 sanctissimus
1235 1306 1318 1370 ordo
1331 1305 1465 1369 Patrum

358 1421 391 1476 et
418 1411 616 1490 Doctorum,
645 1430 788 1494 quorum
816 1410 981 1494 sapientia
997 1421 1031 1477 et
1061 1409 1253 1495 eloquentia
1278 1413 1311 1476 in
1331 1431 1465 1476 omnem

360 1517 554 1582 memoriam
583 1525 616 1581 et
639 1517 896 1582 admirationem
927 1517 1101 1582 florebunt.
1128 1519 1190 1582 Per
1217 1519 1308 1603 ipsos
1347 1535 1467 1602 nempe

357 1620 510 1684 doctrina
521 1621 703 1684 christiana
727 1621 881 1684 subtilius
898 1629 1050 1699 tractata,
1066 1621 1200 1686 uberius
1215 1620 1396 1704 explicata,
1409 1641 1466 1704 pu·

358 1723 558 1806 gnacissime
584 1724 732 1802 defensa,
747 1744 788 1788 eo
804 1725 912 1808 magis
927 1727 1068 1791 veritate
1083 1735 1116 1789 et
1132 1725 1337 1810 praestantia
1359 1725 1468 1808 patuit

358 1829 427 1903 sud,
443 1848 576 1911 prorsus
592 1829 706 1894 divina
725 1853 731 1892 :
747 1838 865 1893 contra
891 1830 992 1894 iacuit
1008 1828 1160 1894 doctrina
1176 1829 1394 1906 ethnicorum,
1418 1827 1468 1892 vel

359 1929 502 1996 indoctis
518 1933 697 2015 redarguta
712 1942 746 1996 et
769 1943 973 2016 contempta,
989 1943 1026 1998 ut
1041 1952 1128 2014 quae
1144 1933 1225 1997 nihil
1245 1933 1307 1997 sibi
1331 1952 1468 1998 consen·

359 2045 467 2114 tanea,
491 2039 705 2118 perabsurda,
727 2039 848 2121 inepta.
866 2037 1105 2120 Nequidquam
1128 2058 1208 2102 vero
1237 2038 1365 2102 connisi
1392 2047 1470 2102 sunt

358 2140 548 2219 adversarii,
575 2149 612 2205 ut
628 2160 761 2205 cursum
779 2160 854 2205 eum
871 2141 1056 2224 sapientiae
1081 2141 1267 2207 catholicae
1297 2142 1468 2207 tardarent

357 2252 392 2308 et
408 2244 685 2324 intercluderent,
696 2245 923 2328 nequidquam
933 2265 1073 2329 graecae
1082 2245 1214 2310 scholas
1225 2245 1467 2328 philosophiae,

358 2347 564 2433 platonicam
593 2350 626 2413 in
658 2350 774 2432 primis
805 2360 839 2414 et
858 2349 1094 2428 aristoteleam,
1125 2349 1466 2433 magnificentioribus

359 2473 439 2518 sane
469 2454 578 2519 verbis
606 2453 808 2519 obiecerunt.
835 2453 949 2518 Nostri
972 2455 1061 2519 enim
1087 2473 1194 2537 neque
1218 2455 1307 2520 istud
1330 2454 1466 2537 quidem

359 2558 550 2621 certaminis
576 2578 682 2641 genus
697 2558 915 2635 declinantes,
941 2558 984 2622 ad
1001 2557 1219 2640 philosophos
1234 2559 1390 2623 ethnicos
1412 2579 1468 2641 ap·

360 2661 547 2742 plicuerunt
573 2663 708 2745 ingenia
738 2673 774 2726 et
795 2662 928 2727 studia:
952 2682 1038 2744 quae
1075 2665 1216 2745 quisque
1248 2683 1362 2728 eorum
1396 2683 1469 2747 pro·

360 2765 466 2828 sessus
479 2775 574 2843 esset,
590 2765 775 2830 incredibili
801 2786 910 2851 paene
926 2767 1098 2849 diligentia
1118 2769 1266 2845 scrutati,
1282 2767 1469 2832 considera-

360 2877 478 2933 verunt
494 2868 636 2951 singula,
651 2870 895 2952 expenderunt,
907 2870 1143 2935 contulerunt:
1175 2870 1280 2934 multa
1296 2880 1375 2934 sunt
1391 2869 1470 2953 ipsis

361 2973 482 3036 reiecta
492 2981 551 3036 aut
567 2973 754 3050 emendata,
774 2993 840 3036 non
859 2993 966 3055 pauca
982 2994 1027 3037 ex
1043 2994 1152 3058 aequo
1163 2975 1305 3058 probata
1324 2985 1358 3039 et
1378 2993 1469 3038 acce·

360 3081 438 3154 pta:
454 3072 517 3136 hoc
533 3073 635 3136 etiam
651 3073 695 3136 ab
711 3073 791 3154 ipsis
806 3083 959 3157 apertum
976 3083 1009 3139 et
1026 3075 1193 3156 prolatum
1210 3086 1269 3153 est,
1282 3095 1321 3139 ea
1333 3075 1468 3158 quidem

359 3197 446 3259 quae
468 3178 542 3259 ipsa
557 3176 685 3242 ratione
702 3188 735 3241 et
759 3175 980 3260 intelligentia
996 3178 1141 3243 hominis
1157 3179 1240 3243 salsa
1263 3199 1337 3244 esse
1362 3179 1468 3243 revin·
1576 3213 1577 3218 κ

360 3290 549 3358 contunsa
586 3282 824 3346 tantummodo
861 3282 1028 3346 adversari
1058 3285 1230 3348 doctrinae
1261 3283 1472 3382 christianae,

361 3385 446 3448 adeo
462 3392 499 3448 ut
521 3385 599 3449 huic
614 3385 785 3448 doctrinae
803 3385 860 3467 qui
877 3383 1038 3450 obsistere
1054 3387 1133 3451 velit
1148 3396 1183 3449 et
1198 3386 1363 3469 refragari,
1379 3385 1466 3449 idem

362 3506 442 3551 suae
457 3486 559 3568 ipsius
586 3489 773 3552 necessario
784 3489 925 3552 obsistat
946 3499 979 3553 et
1001 3483 1183 3572 refragetur
1199 3492 1328 3555 rationi.
1353 3490 1467 3554 Istius·
1576 3507 1577 3554 ὲ

363 3589 454 3653 modi
471 3601 640 3671 pugnatae
665 3601 743 3655 sunt
770 3611 904 3674 pugnae
919 3592 1099 3676 apatribus
1122 3593 1186 3656 illis
1209 3595 1340 3671 nostris,
1366 3603 1466 3676 atque

362 3691 506 3754 illustres
517 3701 634 3774 partae
645 3693 812 3772 victoriae,
828 3715 953 3776 eaeque
968 3716 1036 3760 non
1052 3697 1173 3760 virtute
1187 3697 1289 3761 modo
1300 3697 1468 3780 armisque
1577 3770 1578 3777 ἵ

362 3792 439 3856 fidei
469 3803 595 3876 partae,
610 3796 669 3859 sed
685 3795 820 3860 auxiliis
836 3817 970 3881 quoque
1001 3799 1169 3863 humanae
1195 3800 1332 3863 rationis
1348 3818 1356 3858 :
1372 3791 1467 3883 ‘quae

361 3897 495 3975 scilicet,
510 3897 622 3961 lumen
633 3898 839 3980 praeferente
852 3902 1016 3984 sapientia
1028 3902 1172 3980 caelesti,
1184 3923 1228 3967 ex
1252 3923 1360 3967 rerum
1373 3904 1464 3987 igno·

361 4002 489 4065 ratione
505 4001 726 4083 complurium
739 4013 773 4068 et
788 4005 883 4086 quasi
896 4027 940 4070 ex
956 4026 1103 4072 errorum
1126 4007 1218 4086 silva,
1234 4007 1383 4073 veritatis
1406 4010 1466 4070 iter
1577 4052 1578 4065 2

362 4105 462 4186 pleno
491 4107 597 4188 gradu
614 4115 684 4171 erat
700 4107 857 4190 ingressa.
872 4143 916 4154 -
929 4109 1024 4174 Haec
1049 4131 1129 4175 sane
1159 4111 1364 4176 admirabilis
1390 4109 1465 4174 fidei
1576 4109 1577 4148 ἒ

361 4211 579 4274 cumratione
605 4212 780 4275 consensio
790 4222 829 4276 et
849 4213 1060 4296 conspiratio,
1083 4235 1287 4298 quamquam
1317 4213 1465 4297 operosis

392 4413 411 4449 r.
425 4399 578 4452 Marc..xv1‚
594 4414 626 4459 15.
