<?xml version="1.0" encoding="UTF-8"?>
<!DOCTYPE html PUBLIC "-//W3C//DTD XHTML 1.0 Transitional//EN"
    "http://www.w3.org/TR/xhtml1/DTD/xhtml1-transitional.dtd">
<html xmlns="http://www.w3.org/1999/xhtml" xml:lang="en" lang="en">
 <head>
  <title>
</title>
<meta http-equiv="Content-Type" content="text/html;charset=utf-8" />
  <meta name='ocr-system' content='tesseract 3.04.00' />
  <meta name='ocr-capabilities' content='ocr_page ocr_carea ocr_par ocr_line ocrx_word'/>
</head>
<body>
  <div class='ocr_page' id='page_1' title='image "./sanctissimidomi03xiiigoog_0548.png"; bbox 0 0 3172 4874; ppageno 0'>
   <div class='ocr_carea' id='block_1_1' title="bbox 394 397 1209 489">
    <p class='ocr_par' dir='ltr' id='par_1_1' title="bbox 394 397 1209 489">
     <span class='ocr_line' id='line_1_1' title="bbox 394 397 1209 489; baseline 0.009 -26"><span class='ocrx_word' id='word_1_1' title='bbox 394 411 446 464; x_wconf 79' lang='lat' dir='ltr'>os</span> <span class='ocrx_word' id='word_1_2' title='bbox 463 413 704 467; x_wconf 77' lang='lat' dir='ltr'>euxoramus</span> <span class='ocrx_word' id='word_1_3' title='bbox 722 411 917 466; x_wconf 76' lang='lat' dir='ltr'>oersrcun.</span> <span class='ocrx_word' id='word_1_4' title='bbox 1141 397 1209 489; x_wconf 85' lang='lat'>183</span> 
     </span>
    </p>
   </div>
   <div class='ocr_carea' id='block_1_2' title="bbox 102 596 1354 697">
    <p class='ocr_par' dir='ltr' id='par_1_2' title="bbox 102 596 1354 697">
     <span class='ocr_line' id='line_1_2' title="bbox 102 596 1354 697; baseline 0.01 -39"><span class='ocrx_word' id='word_1_5' title='bbox 102 616 203 679; x_wconf 91' lang='lat' dir='ltr'>quarn</span> <span class='ocrx_word' id='word_1_6' title='bbox 214 596 320 662; x_wconf 88' lang='lat' dir='ltr'>civilis</span> <span class='ocrx_word' id='word_1_7' title='bbox 329 599 530 677; x_wconf 88' lang='lat' dir='ltr'>coniunctio,</span> <span class='ocrx_word' id='word_1_8' title='bbox 540 599 651 682; x_wconf 89' lang='lat' dir='ltr'>priora</span> <span class='ocrx_word' id='word_1_9' title='bbox 662 617 797 682; x_wconf 89' lang='lat' dir='ltr'>quoque</span> <span class='ocrx_word' id='word_1_10' title='bbox 808 618 881 662; x_wconf 89' lang='lat' dir='ltr'>esse</span> <span class='ocrx_word' id='word_1_11' title='bbox 894 599 1068 682; x_wconf 85' lang='lat' dir='ltr'>magisque</span> <span class='ocrx_word' id='word_1_12' title='bbox 1081 610 1212 666; x_wconf 91' lang='lat' dir='ltr'>natura·</span> <span class='ocrx_word' id='word_1_13' title='bbox 1275 607 1354 697; x_wconf 62' lang='grc' dir='ltr'>Μζξῃ</span> 
     </span>
    </p>
   </div>
   <div class='ocr_carea' id='block_1_3' title="bbox 101 700 1394 1202">
    <p class='ocr_par' dir='ltr' id='par_1_3' title="bbox 101 700 1345 787">
     <span class='ocr_line' id='line_1_3' title="bbox 101 700 1345 787; baseline 0.002 -24"><span class='ocrx_word' id='word_1_14' title='bbox 101 700 146 765; x_wconf 90' lang='lat' dir='ltr'>lia</span> <span class='ocrx_word' id='word_1_15' title='bbox 157 702 229 766; x_wconf 89' lang='lat' dir='ltr'>iura</span> <span class='ocrx_word' id='word_1_16' title='bbox 241 701 313 767; x_wconf 88' lang='lat' dir='ltr'>eius</span> <span class='ocrx_word' id='word_1_17' title='bbox 328 701 504 787; x_wconf 87' lang='lat' dir='ltr'>officiaque</span> <span class='ocrx_word' id='word_1_18' title='bbox 519 705 742 787; x_wconf 86' lang='lat' dir='ltr'>consequitur.</span> <span class='ocrx_word' id='word_1_19' title='bbox 754 702 853 786; x_wconf 87' lang='lat' dir='ltr'>Quod</span> <span class='ocrx_word' id='word_1_20' title='bbox 866 703 893 767; x_wconf 89' lang='lat' dir='ltr'>si</span> <span class='ocrx_word' id='word_1_21' title='bbox 908 702 1044 781; x_wconf 87' lang='lat' dir='ltr'>cives,si</span> <span class='ocrx_word' id='word_1_22' title='bbox 1057 702 1213 783; x_wconf 82' lang='lat' dir='ltr'>familiae,</span> <span class='ocrx_word' id='word_1_23' title='bbox 1285 707 1345 766; x_wconf 78' lang='lat'><em>1891</em></span> 
     </span>
    </p>

    <p class='ocr_par' dir='ltr' id='par_1_4' title="bbox 101 807 1213 891">
     <span class='ocr_line' id='line_1_4' title="bbox 101 807 1213 891; baseline 0.003 -21"><span class='ocrx_word' id='word_1_24' title='bbox 101 807 1213 891; x_wconf 87' lang='lat' dir='ltr'>convictushumanisocietatisqueparticipessactae,proadiumen·</span> 
     </span>
    </p>

    <p class='ocr_par' dir='ltr' id='par_1_5' title="bbox 101 909 1213 994">
     <span class='ocr_line' id='line_1_5' title="bbox 101 909 1213 994; baseline 0.004 -20"><span class='ocrx_word' id='word_1_25' title='bbox 101 921 138 974; x_wconf 91' lang='lat' dir='ltr'>to</span> <span class='ocrx_word' id='word_1_26' title='bbox 146 909 378 989; x_wconf 81' lang='lat' dir='ltr'>offensionem,</span> <span class='ocrx_word' id='word_1_27' title='bbox 386 931 448 994; x_wconf 90' lang='lat' dir='ltr'>pro</span> <span class='ocrx_word' id='word_1_28' title='bbox 457 911 564 976; x_wconf 88' lang='lat' dir='ltr'>tutela</span> <span class='ocrx_word' id='word_1_29' title='bbox 575 911 835 976; x_wconf 89' lang='lat' dir='ltr'>diminutionem</span> <span class='ocrx_word' id='word_1_30' title='bbox 848 911 926 974; x_wconf 90' lang='lat' dir='ltr'>iuris</span> <span class='ocrx_word' id='word_1_31' title='bbox 936 911 987 974; x_wconf 92' lang='lat' dir='ltr'>sui</span> <span class='ocrx_word' id='word_1_32' title='bbox 998 911 1031 974; x_wconf 93' lang='lat' dir='ltr'>in</span> <span class='ocrx_word' id='word_1_33' title='bbox 1043 913 1213 994; x_wconf 85' lang='lat' dir='ltr'>republica</span> 
     </span>
    </p>

    <p class='ocr_par' dir='ltr' id='par_1_6' title="bbox 102 1013 1394 1202">
     <span class='ocr_line' id='line_1_6' title="bbox 102 1013 1394 1110; baseline 0.003 -32"><span class='ocrx_word' id='word_1_34' title='bbox 102 1016 292 1098; x_wconf 85' lang='lat' dir='ltr'>reperirent,</span> <span class='ocrx_word' id='word_1_35' title='bbox 307 1013 509 1080; x_wconf 78' lang='lat' dir='ltr'>fastidienda</span> <span class='ocrx_word' id='word_1_36' title='bbox 525 1017 632 1094; x_wconf 87' lang='lat' dir='ltr'>citius,</span> <span class='ocrx_word' id='word_1_37' title='bbox 647 1036 750 1098; x_wconf 92' lang='lat' dir='ltr'>quam</span> <span class='ocrx_word' id='word_1_38' title='bbox 766 1016 918 1098; x_wconf 87' lang='lat' dir='ltr'>optanda</span> <span class='ocrx_word' id='word_1_39' title='bbox 931 1015 1073 1080; x_wconf 88' lang='lat' dir='ltr'>societas</span> <span class='ocrx_word' id='word_1_40' title='bbox 1086 1027 1181 1082; x_wconf 85' lang='lat' dir='ltr'>esset</span> <span class='ocrx_word' id='word_1_41' title='bbox 1298 1065 1394 1110; x_wconf 75' lang='lat' dir='ltr'>lnam</span> 
     </span>
     <span class='ocr_line' id='line_1_7' title="bbox 146 1116 1379 1202; baseline 0 -20"><span class='ocrx_word' id='word_1_42' title='bbox 146 1117 243 1182; x_wconf 90' lang='lat' dir='ltr'>Velle</span> <span class='ocrx_word' id='word_1_43' title='bbox 259 1118 360 1201; x_wconf 83' lang='lat' dir='ltr'>igitur</span> <span class='ocrx_word' id='word_1_44' title='bbox 375 1128 414 1183; x_wconf 90' lang='lat' dir='ltr'>ut</span> <span class='ocrx_word' id='word_1_45' title='bbox 427 1121 589 1202; x_wconf 88' lang='lat' dir='ltr'>pervadat</span> <span class='ocrx_word' id='word_1_46' title='bbox 605 1119 702 1183; x_wconf 90' lang='lat' dir='ltr'>civile</span> <span class='ocrx_word' id='word_1_47' title='bbox 718 1120 895 1201; x_wconf 91' lang='lat' dir='ltr'>imperium</span> <span class='ocrx_word' id='word_1_48' title='bbox 912 1116 1072 1182; x_wconf 87' lang='lat' dir='ltr'>arbitratu</span> <span class='ocrx_word' id='word_1_49' title='bbox 1086 1139 1147 1183; x_wconf 89' lang='lat' dir='ltr'>suo</span> <span class='ocrx_word' id='word_1_50' title='bbox 1159 1139 1212 1184; x_wconf 92' lang='lat' dir='ltr'>us·</span> <span class='ocrx_word' id='word_1_51' title='bbox 1255 1123 1379 1169; x_wconf 65' lang='lat' dir='ltr'>emma</span> 
     </span>
    </p>
   </div>
   <div class='ocr_carea' id='block_1_4' title="bbox 1237 1183 1393 1241">
    <p class='ocr_par' dir='ltr' id='par_1_7' title="bbox 1237 1183 1393 1241">
     <span class='ocr_line' id='line_1_8' title="bbox 1237 1183 1393 1241; baseline 0.006 -14"><span class='ocrx_word' id='word_1_52' title='bbox 1237 1189 1340 1241; x_wconf 79' lang='lat' dir='ltr'>potestas</span> <span class='ocrx_word' id='word_1_53' title='bbox 1359 1183 1393 1228; x_wconf 72' lang='grc' dir='ltr'>α’-</span> 
     </span>
    </p>
   </div>
   <div class='ocr_carea' id='block_1_5' title="bbox 102 1221 1395 1307">
    <p class='ocr_par' dir='ltr' id='par_1_8' title="bbox 102 1221 1395 1307">
     <span class='ocr_line' id='line_1_9' title="bbox 102 1221 1395 1307; baseline 0.001 -21"><span class='ocrx_word' id='word_1_54' title='bbox 102 1243 168 1306; x_wconf 91' lang='lat' dir='ltr'>que</span> <span class='ocrx_word' id='word_1_55' title='bbox 183 1225 225 1305; x_wconf 82' lang='lat' dir='ltr'>ad</span> <span class='ocrx_word' id='word_1_56' title='bbox 243 1224 361 1288; x_wconf 89' lang='lat' dir='ltr'>intima</span> <span class='ocrx_word' id='word_1_57' title='bbox 377 1225 564 1302; x_wconf 91' lang='lat' dir='ltr'>domorum,</span> <span class='ocrx_word' id='word_1_58' title='bbox 576 1243 717 1307; x_wconf 85' lang='lat' dir='ltr'>magnus</span> <span class='ocrx_word' id='word_1_59' title='bbox 729 1242 768 1287; x_wconf 87' lang='lat' dir='ltr'>ac</span> <span class='ocrx_word' id='word_1_60' title='bbox 784 1221 988 1305; x_wconf 88' lang='lat' dir='ltr'>perniciosus</span> <span class='ocrx_word' id='word_1_61' title='bbox 1005 1232 1055 1288; x_wconf 90' lang='lat' dir='ltr'>est</span> <span class='ocrx_word' id='word_1_62' title='bbox 1070 1243 1213 1288; x_wconf 79' lang='lat' dir='ltr'>erron-</span> <span class='ocrx_word' id='word_1_63' title='bbox 1240 1241 1395 1302; x_wconf 63' lang='lat' dir='ltr'>arnman-</span> 
     </span>
    </p>
   </div>
   <div class='ocr_carea' id='block_1_6' title="bbox 104 1302 1396 1411">
    <p class='ocr_par' dir='ltr' id='par_1_9' title="bbox 104 1302 1396 1411">
     <span class='ocr_line' id='line_1_10' title="bbox 104 1302 1396 1411; baseline -0.008 -18"><span class='ocrx_word' id='word_1_64' title='bbox 104 1327 204 1394; x_wconf 90' lang='lat' dir='ltr'>Certe</span> <span class='ocrx_word' id='word_1_65' title='bbox 218 1329 246 1392; x_wconf 90' lang='lat' dir='ltr'>sl</span> <span class='ocrx_word' id='word_1_66' title='bbox 261 1347 328 1411; x_wconf 91' lang='lat' dir='ltr'>qua</span> <span class='ocrx_word' id='word_1_67' title='bbox 343 1329 429 1392; x_wconf 87' lang='lat' dir='ltr'>forte</span> <span class='ocrx_word' id='word_1_68' title='bbox 445 1326 571 1393; x_wconf 84' lang='lat' dir='ltr'>familia</span> <span class='ocrx_word' id='word_1_69' title='bbox 587 1329 621 1392; x_wconf 91' lang='lat' dir='ltr'>in</span> <span class='ocrx_word' id='word_1_70' title='bbox 638 1347 770 1392; x_wconf 89' lang='lat' dir='ltr'>summa</span> <span class='ocrx_word' id='word_1_71' title='bbox 793 1347 901 1390; x_wconf 90' lang='lat' dir='ltr'>rerum</span> <span class='ocrx_word' id='word_1_72' title='bbox 923 1325 1119 1391; x_wconf 88' lang='lat' dir='ltr'>difficultate</span> <span class='ocrx_word' id='word_1_73' title='bbox 1136 1346 1213 1392; x_wconf 89' lang='lat' dir='ltr'>con·</span> <span class='ocrx_word' id='word_1_74' title='bbox 1240 1302 1396 1408; x_wconf 57' lang='lat' dir='ltr'>&#39;fflmn&#39;ss</span> 
     </span>
    </p>
   </div>
   <div class='ocr_carea' id='block_1_7' title="bbox 101 1419 1394 2656">
    <p class='ocr_par' dir='ltr' id='par_1_10' title="bbox 103 1419 1394 2138">
     <span class='ocr_line' id='line_1_11' title="bbox 104 1419 1380 1526; baseline 0 -34"><span class='ocrx_word' id='word_1_75' title='bbox 104 1429 234 1512; x_wconf 87' lang='lat' dir='ltr'>sillique</span> <span class='ocrx_word' id='word_1_76' title='bbox 250 1429 363 1513; x_wconf 90' lang='lat' dir='ltr'>inopia</span> <span class='ocrx_word' id='word_1_77' title='bbox 378 1440 534 1508; x_wconf 88' lang='lat' dir='ltr'>versetur,</span> <span class='ocrx_word' id='word_1_78' title='bbox 550 1440 589 1495; x_wconf 92' lang='lat' dir='ltr'>ut</span> <span class='ocrx_word' id='word_1_79' title='bbox 603 1430 682 1495; x_wconf 89' lang='lat' dir='ltr'>inde</span> <span class='ocrx_word' id='word_1_80' title='bbox 696 1451 732 1493; x_wconf 92' lang='lat' dir='ltr'>se</span> <span class='ocrx_word' id='word_1_81' title='bbox 744 1431 817 1513; x_wconf 88' lang='lat' dir='ltr'>ipsa</span> <span class='ocrx_word' id='word_1_82' title='bbox 833 1430 994 1512; x_wconf 87' lang='lat' dir='ltr'>expedire</span> <span class='ocrx_word' id='word_1_83' title='bbox 1006 1430 1099 1494; x_wconf 89' lang='lat' dir='ltr'>nullo</span> <span class='ocrx_word' id='word_1_84' title='bbox 1114 1439 1214 1514; x_wconf 91' lang='lat' dir='ltr'>pacto</span> <span class='ocrx_word' id='word_1_85' title='bbox 1251 1419 1380 1526; x_wconf 47' lang='lat' dir='ltr'>mg:</span> 
     </span>
     <span class='ocr_line' id='line_1_12' title="bbox 103 1533 1394 1616; baseline -0.009 -20"><span class='ocrx_word' id='word_1_86' title='bbox 103 1533 220 1614; x_wconf 80' lang='lat' dir='ltr'>possit,</span> <span class='ocrx_word' id='word_1_87' title='bbox 236 1544 362 1598; x_wconf 88' lang='lat' dir='ltr'>rectum</span> <span class='ocrx_word' id='word_1_88' title='bbox 386 1545 437 1598; x_wconf 89' lang='lat' dir='ltr'>est</span> <span class='ocrx_word' id='word_1_89' title='bbox 460 1535 628 1598; x_wconf 86' lang='lat' dir='ltr'>subveniri</span> <span class='ocrx_word' id='word_1_90' title='bbox 653 1533 786 1616; x_wconf 90' lang='lat' dir='ltr'>publice</span> <span class='ocrx_word' id='word_1_91' title='bbox 809 1534 907 1598; x_wconf 88' lang='lat' dir='ltr'>rebus</span> <span class='ocrx_word' id='word_1_92' title='bbox 930 1534 1105 1598; x_wconf 89' lang='lat' dir='ltr'>extremis:</span> <span class='ocrx_word' id='word_1_93' title='bbox 1136 1541 1215 1598; x_wconf 90' lang='lat' dir='ltr'>sunt</span> <span class='ocrx_word' id='word_1_94' title='bbox 1244 1540 1394 1609; x_wconf 64' lang='lat' dir='ltr'>vendamu-</span> 
     </span>
     <span class='ocr_line' id='line_1_13' title="bbox 104 1605 1332 1722; baseline 0 -22"><span class='ocrx_word' id='word_1_95' title='bbox 104 1637 193 1702; x_wconf 89' lang='lat' dir='ltr'>enim</span> <span class='ocrx_word' id='word_1_96' title='bbox 210 1636 356 1702; x_wconf 84' lang='lat' dir='ltr'>familiae</span> <span class='ocrx_word' id='word_1_97' title='bbox 367 1637 520 1721; x_wconf 83' lang='lat' dir='ltr'>singulae</span> <span class='ocrx_word' id='word_1_98' title='bbox 531 1659 609 1721; x_wconf 88' lang='lat' dir='ltr'>pars</span> <span class='ocrx_word' id='word_1_99' title='bbox 621 1639 787 1722; x_wconf 86' lang='lat' dir='ltr'>quaedam</span> <span class='ocrx_word' id='word_1_100' title='bbox 800 1638 953 1702; x_wconf 89' lang='lat' dir='ltr'>civitatis.</span> <span class='ocrx_word' id='word_1_101' title='bbox 965 1637 1019 1702; x_wconf 88' lang='lat' dir='ltr'>Ac</span> <span class='ocrx_word' id='word_1_102' title='bbox 1032 1637 1102 1720; x_wconf 91' lang='lat' dir='ltr'>pari</span> <span class='ocrx_word' id='word_1_103' title='bbox 1114 1637 1215 1700; x_wconf 90' lang='lat' dir='ltr'>modo</span> <span class='ocrx_word' id='word_1_104' title='bbox 1243 1605 1332 1659; x_wconf 54' lang='lat' dir='ltr'>mm</span> 
     </span>
     <span class='ocr_line' id='line_1_14' title="bbox 105 1741 1392 1828; baseline -0.001 -23"><span class='ocrx_word' id='word_1_105' title='bbox 105 1742 210 1806; x_wconf 87' lang='lat' dir='ltr'>sicubi</span> <span class='ocrx_word' id='word_1_106' title='bbox 226 1743 313 1807; x_wconf 94' lang='lat' dir='ltr'>intra</span> <span class='ocrx_word' id='word_1_107' title='bbox 328 1741 533 1807; x_wconf 83' lang='lat' dir='ltr'>domesticos</span> <span class='ocrx_word' id='word_1_108' title='bbox 548 1744 692 1828; x_wconf 85' lang='lat' dir='ltr'>parietes</span> <span class='ocrx_word' id='word_1_109' title='bbox 709 1743 819 1826; x_wconf 85' lang='lat' dir='ltr'>gravis</span> <span class='ocrx_word' id='word_1_110' title='bbox 835 1742 986 1806; x_wconf 83' lang='lat' dir='ltr'>extiterit</span> <span class='ocrx_word' id='word_1_111' title='bbox 1009 1742 1216 1824; x_wconf 86' lang='lat' dir='ltr'>perturbatio</span> <span class='ocrx_word' id='word_1_112' title='bbox 1243 1757 1326 1826; x_wconf 60' lang='lat' dir='ltr'>verae</span> <span class='ocrx_word' id='word_1_113' title='bbox 1337 1757 1392 1804; x_wconf 72' lang='lat' dir='ltr'>vta·</span> 
     </span>
     <span class='ocr_line' id='line_1_15' title="bbox 106 1816 1354 1946; baseline 0 -36"><span class='ocrx_word' id='word_1_114' title='bbox 106 1846 225 1910; x_wconf 89' lang='lat' dir='ltr'>iurium</span> <span class='ocrx_word' id='word_1_115' title='bbox 243 1855 446 1922; x_wconf 89' lang='lat' dir='ltr'>mutuorum,</span> <span class='ocrx_word' id='word_1_116' title='bbox 461 1867 559 1912; x_wconf 91' lang='lat' dir='ltr'>suum</span> <span class='ocrx_word' id='word_1_117' title='bbox 575 1848 695 1931; x_wconf 90' lang='lat' dir='ltr'>cuique</span> <span class='ocrx_word' id='word_1_118' title='bbox 711 1848 762 1911; x_wconf 91' lang='lat' dir='ltr'>ius</span> <span class='ocrx_word' id='word_1_119' title='bbox 778 1857 928 1930; x_wconf 88' lang='lat' dir='ltr'>potestas</span> <span class='ocrx_word' id='word_1_120' title='bbox 952 1845 1087 1929; x_wconf 91' lang='lat' dir='ltr'>publica</span> <span class='ocrx_word' id='word_1_121' title='bbox 1108 1820 1215 1910; x_wconf 77' lang='lat' dir='ltr'>vindi·</span> <span class='ocrx_word' id='word_1_122' title='bbox 1238 1816 1354 1946; x_wconf 41' lang='lat' dir='ltr'>52⁶3,ss</span> 
     </span>
     <span class='ocr_line' id='line_1_16' title="bbox 105 1951 1307 2034; baseline 0.002 -22"><span class='ocrx_word' id='word_1_123' title='bbox 105 1958 198 2028; x_wconf 76' lang='lat' dir='ltr'>cato:</span> <span class='ocrx_word' id='word_1_124' title='bbox 214 1951 428 2033; x_wconf 88' lang='lat' dir='ltr'>nequeenim</span> <span class='ocrx_word' id='word_1_125' title='bbox 444 1951 508 2014; x_wconf 92' lang='lat' dir='ltr'>hoc</span> <span class='ocrx_word' id='word_1_126' title='bbox 525 1961 575 2015; x_wconf 89' lang='lat' dir='ltr'>est</span> <span class='ocrx_word' id='word_1_127' title='bbox 591 1952 634 2016; x_wconf 91' lang='lat' dir='ltr'>ad</span> <span class='ocrx_word' id='word_1_128' title='bbox 651 1971 688 2015; x_wconf 92' lang='lat' dir='ltr'>se</span> <span class='ocrx_word' id='word_1_129' title='bbox 703 1971 819 2034; x_wconf 87' lang='lat' dir='ltr'>rapere</span> <span class='ocrx_word' id='word_1_130' title='bbox 834 1952 906 2014; x_wconf 91' lang='lat' dir='ltr'>iura</span> <span class='ocrx_word' id='word_1_131' title='bbox 921 1951 1053 2027; x_wconf 89' lang='lat' dir='ltr'>civium,</span> <span class='ocrx_word' id='word_1_132' title='bbox 1067 1951 1126 2014; x_wconf 90' lang='lat' dir='ltr'>sed</span> <span class='ocrx_word' id='word_1_133' title='bbox 1143 1969 1216 2014; x_wconf 88' lang='lat' dir='ltr'>mu·</span> <span class='ocrx_word' id='word_1_134' title='bbox 1236 1951 1307 1994; x_wconf 62' lang='grc' dir='ltr'>Μ·</span> 
     </span>
     <span class='ocr_line' id='line_1_17' title="bbox 105 2051 1215 2138; baseline -0.002 -20"><span class='ocrx_word' id='word_1_135' title='bbox 105 2053 175 2118; x_wconf 91' lang='lat' dir='ltr'>nire</span> <span class='ocrx_word' id='word_1_136' title='bbox 191 2063 293 2138; x_wconf 90' lang='lat' dir='ltr'>atque</span> <span class='ocrx_word' id='word_1_137' title='bbox 308 2053 439 2119; x_wconf 88' lang='lat' dir='ltr'>firmare</span> <span class='ocrx_word' id='word_1_138' title='bbox 455 2055 543 2118; x_wconf 85' lang='lat' dir='ltr'>iusta</span> <span class='ocrx_word' id='word_1_139' title='bbox 565 2054 746 2137; x_wconf 87' lang='lat' dir='ltr'>debitaque</span> <span class='ocrx_word' id='word_1_140' title='bbox 762 2055 877 2118; x_wconf 90' lang='lat' dir='ltr'>tutela.</span> <span class='ocrx_word' id='word_1_141' title='bbox 894 2054 961 2119; x_wconf 90' lang='lat' dir='ltr'>Hic</span> <span class='ocrx_word' id='word_1_142' title='bbox 976 2063 1090 2118; x_wconf 89' lang='lat' dir='ltr'>tamen</span> <span class='ocrx_word' id='word_1_143' title='bbox 1107 2051 1215 2118; x_wconf 89' lang='lat' dir='ltr'>consi·</span> 
     </span>
    </p>

    <p class='ocr_par' dir='ltr' id='par_1_11' title="bbox 101 2156 1393 2656">
     <span class='ocr_line' id='line_1_18' title="bbox 104 2156 1334 2242; baseline 0.001 -21"><span class='ocrx_word' id='word_1_144' title='bbox 104 2167 196 2222; x_wconf 86' lang='lat' dir='ltr'>stant</span> <span class='ocrx_word' id='word_1_145' title='bbox 213 2179 347 2223; x_wconf 89' lang='lat' dir='ltr'>necesse</span> <span class='ocrx_word' id='word_1_146' title='bbox 362 2170 423 2237; x_wconf 90' lang='lat' dir='ltr'>est,</span> <span class='ocrx_word' id='word_1_147' title='bbox 437 2161 494 2242; x_wconf 92' lang='lat' dir='ltr'>qui</span> <span class='ocrx_word' id='word_1_148' title='bbox 511 2159 658 2242; x_wconf 90' lang='lat' dir='ltr'>praesint</span> <span class='ocrx_word' id='word_1_149' title='bbox 686 2161 785 2224; x_wconf 87' lang='lat' dir='ltr'>rebus</span> <span class='ocrx_word' id='word_1_150' title='bbox 801 2157 957 2242; x_wconf 83' lang='lat' dir='ltr'>publicis:</span> <span class='ocrx_word' id='word_1_151' title='bbox 973 2156 1035 2222; x_wconf 92' lang='lat' dir='ltr'>hos</span> <span class='ocrx_word' id='word_1_152' title='bbox 1051 2159 1215 2223; x_wconf 86' lang='lat' dir='ltr'>excedere</span> <span class='ocrx_word' id='word_1_153' title='bbox 1330 2229 1334 2239; x_wconf 57' lang='grc'><em>,</em></span> 
     </span>
     <span class='ocr_line' id='line_1_19' title="bbox 105 2259 1214 2346; baseline 0.001 -21"><span class='ocrx_word' id='word_1_154' title='bbox 105 2259 187 2326; x_wconf 88' lang='lat' dir='ltr'>fines</span> <span class='ocrx_word' id='word_1_155' title='bbox 203 2272 323 2327; x_wconf 90' lang='lat' dir='ltr'>natura</span> <span class='ocrx_word' id='word_1_156' title='bbox 335 2283 402 2326; x_wconf 88' lang='lat' dir='ltr'>non</span> <span class='ocrx_word' id='word_1_157' title='bbox 416 2264 550 2345; x_wconf 88' lang='lat' dir='ltr'>patitur.</span> <span class='ocrx_word' id='word_1_158' title='bbox 561 2263 675 2328; x_wconf 90' lang='lat' dir='ltr'>Patria</span> <span class='ocrx_word' id='word_1_159' title='bbox 687 2271 838 2346; x_wconf 88' lang='lat' dir='ltr'>potestas</span> <span class='ocrx_word' id='word_1_160' title='bbox 854 2271 906 2326; x_wconf 92' lang='lat' dir='ltr'>est</span> <span class='ocrx_word' id='word_1_161' title='bbox 918 2260 1091 2340; x_wconf 90' lang='lat' dir='ltr'>eiusmodi,</span> <span class='ocrx_word' id='word_1_162' title='bbox 1107 2269 1142 2324; x_wconf 92' lang='lat' dir='ltr'>ut</span> <span class='ocrx_word' id='word_1_163' title='bbox 1153 2281 1214 2326; x_wconf 88' lang='lat' dir='ltr'>nec</span> 
     </span>
     <span class='ocr_line' id='line_1_20' title="bbox 104 2362 1215 2448; baseline 0.001 -22"><span class='ocrx_word' id='word_1_164' title='bbox 104 2365 268 2446; x_wconf 86' lang='lat' dir='ltr'>extingui,</span> <span class='ocrx_word' id='word_1_165' title='bbox 284 2385 393 2448; x_wconf 87' lang='lat' dir='ltr'>neque</span> <span class='ocrx_word' id='word_1_166' title='bbox 417 2365 587 2430; x_wconf 87' lang='lat' dir='ltr'>absorberi</span> <span class='ocrx_word' id='word_1_167' title='bbox 603 2386 624 2430; x_wconf 92' lang='lat' dir='ltr'>a</span> <span class='ocrx_word' id='word_1_168' title='bbox 640 2364 811 2447; x_wconf 90' lang='lat' dir='ltr'>republica</span> <span class='ocrx_word' id='word_1_169' title='bbox 839 2362 956 2446; x_wconf 84' lang='lat' dir='ltr'>possit,</span> <span class='ocrx_word' id='word_1_170' title='bbox 970 2362 1048 2446; x_wconf 89' lang='lat' dir='ltr'>quia</span> <span class='ocrx_word' id='word_1_171' title='bbox 1075 2362 1165 2426; x_wconf 92' lang='lat' dir='ltr'>idem</span> <span class='ocrx_word' id='word_1_172' title='bbox 1182 2373 1215 2427; x_wconf 91' lang='lat' dir='ltr'>et</span> 
     </span>
     <span class='ocr_line' id='line_1_21' title="bbox 103 2447 1393 2553; baseline -0.002 -21"><span class='ocrx_word' id='word_1_173' title='bbox 103 2487 282 2533; x_wconf 90' lang='lat' dir='ltr'>commune</span> <span class='ocrx_word' id='word_1_174' title='bbox 301 2468 404 2534; x_wconf 87' lang='lat' dir='ltr'>habet</span> <span class='ocrx_word' id='word_1_175' title='bbox 427 2489 504 2534; x_wconf 91' lang='lat' dir='ltr'>cum</span> <span class='ocrx_word' id='word_1_176' title='bbox 529 2471 604 2553; x_wconf 90' lang='lat' dir='ltr'>ipsa</span> <span class='ocrx_word' id='word_1_177' title='bbox 627 2470 804 2534; x_wconf 89' lang='lat' dir='ltr'>hominum</span> <span class='ocrx_word' id='word_1_178' title='bbox 819 2468 890 2532; x_wconf 86' lang='lat' dir='ltr'>vita</span> <span class='ocrx_word' id='word_1_179' title='bbox 907 2465 1115 2551; x_wconf 89' lang='lat' dir='ltr'>principium.</span> <span class='ocrx_word' id='word_1_180' title='bbox 1131 2465 1218 2530; x_wconf 84' lang='lat' dir='ltr'>Filii</span> <span class='ocrx_word' id='word_1_181' title='bbox 1250 2447 1393 2552; x_wconf 50' lang='lat'>21:322?</span> 
     </span>
     <span class='ocr_line' id='line_1_22' title="bbox 101 2565 1393 2656; baseline -0.002 -22"><span class='ocrx_word' id='word_1_182' title='bbox 101 2582 181 2636; x_wconf 88' lang='lat' dir='ltr'>sunt</span> <span class='ocrx_word' id='word_1_183' title='bbox 193 2572 326 2655; x_wconf 81' lang='lat' dir='ltr'>aliquid</span> <span class='ocrx_word' id='word_1_184' title='bbox 330 2573 451 2656; x_wconf 80' lang='lat' dir='ltr'>patris,</span> <span class='ocrx_word' id='word_1_185' title='bbox 466 2583 501 2637; x_wconf 90' lang='lat' dir='ltr'>et</span> <span class='ocrx_word' id='word_1_186' title='bbox 523 2574 614 2638; x_wconf 88' lang='lat' dir='ltr'>velut</span> <span class='ocrx_word' id='word_1_187' title='bbox 641 2582 801 2656; x_wconf 88' lang='lat' dir='ltr'>paternae</span> <span class='ocrx_word' id='word_1_188' title='bbox 823 2569 1042 2654; x_wconf 86' lang='lat' dir='ltr'>amplificatio</span> <span class='ocrx_word' id='word_1_189' title='bbox 1057 2569 1213 2653; x_wconf 84' lang='lat' dir='ltr'>quaedam</span> <span class='ocrx_word' id='word_1_190' title='bbox 1240 2565 1393 2624; x_wconf 52' lang='lat' dir='ltr'>quidm·</span> 
     </span>
    </p>
   </div>
   <div class='ocr_carea' id='block_1_8' title="bbox 1255 2625 1374 2670">
    <p class='ocr_par' dir='ltr' id='par_1_12' title="bbox 1255 2625 1374 2670">
     <span class='ocr_line' id='line_1_23' title="bbox 1255 2625 1374 2670; baseline 0 0"><span class='ocrx_word' id='word_1_191' title='bbox 1255 2625 1374 2670; x_wconf 80' lang='lat' dir='ltr'>mediante</span> 
     </span>
    </p>
   </div>
   <div class='ocr_carea' id='block_1_9' title="bbox 101 2673 1393 2864">
    <p class='ocr_par' dir='ltr' id='par_1_13' title="bbox 101 2673 1393 2864">
     <span class='ocr_line' id='line_1_24' title="bbox 102 2673 1393 2788; baseline -0.011 -47"><span class='ocrx_word' id='word_1_192' title='bbox 102 2696 268 2758; x_wconf 79' lang='lat' dir='ltr'>personae:</span> <span class='ocrx_word' id='word_1_193' title='bbox 283 2677 484 2762; x_wconf 88' lang='lat' dir='ltr'>proprieque</span> <span class='ocrx_word' id='word_1_194' title='bbox 507 2677 599 2761; x_wconf 91' lang='lat' dir='ltr'>loqui</span> <span class='ocrx_word' id='word_1_195' title='bbox 615 2679 644 2742; x_wconf 89' lang='lat' dir='ltr'>si</span> <span class='ocrx_word' id='word_1_196' title='bbox 659 2677 825 2754; x_wconf 90' lang='lat' dir='ltr'>volumus,</span> <span class='ocrx_word' id='word_1_197' title='bbox 839 2695 907 2740; x_wconf 88' lang='lat' dir='ltr'>non</span> <span class='ocrx_word' id='word_1_198' title='bbox 932 2674 995 2757; x_wconf 90' lang='lat' dir='ltr'>ipsi</span> <span class='ocrx_word' id='word_1_199' title='bbox 1019 2693 1138 2756; x_wconf 90' lang='lat' dir='ltr'>perse,</span> <span class='ocrx_word' id='word_1_200' title='bbox 1154 2673 1212 2738; x_wconf 89' lang='lat' dir='ltr'>sed</span> <span class='ocrx_word' id='word_1_201' title='bbox 1230 2683 1347 2788; x_wconf 50' lang='lat' dir='ltr'>sarreia,</span> <span class='ocrx_word' id='word_1_202' title='bbox 1357 2685 1393 2754; x_wconf 68' lang='lat' dir='ltr'>fr.</span> 
     </span>
     <span class='ocr_line' id='line_1_25' title="bbox 101 2757 1392 2864; baseline -0.005 -19"><span class='ocrx_word' id='word_1_203' title='bbox 101 2801 161 2862; x_wconf 88' lang='lat' dir='ltr'>per</span> <span class='ocrx_word' id='word_1_204' title='bbox 175 2782 452 2847; x_wconf 88' lang='lat' dir='ltr'>communitatem</span> <span class='ocrx_word' id='word_1_205' title='bbox 477 2783 710 2861; x_wconf 87' lang='lat' dir='ltr'>domesticam,</span> <span class='ocrx_word' id='word_1_206' title='bbox 725 2782 758 2846; x_wconf 92' lang='lat' dir='ltr'>in</span> <span class='ocrx_word' id='word_1_207' title='bbox 775 2801 843 2864; x_wconf 91' lang='lat' dir='ltr'>qua</span> <span class='ocrx_word' id='word_1_208' title='bbox 866 2779 1017 2864; x_wconf 87' lang='lat' dir='ltr'>generati</span> <span class='ocrx_word' id='word_1_209' title='bbox 1032 2787 1120 2856; x_wconf 88' lang='lat' dir='ltr'>sunt,</span> <span class='ocrx_word' id='word_1_210' title='bbox 1134 2778 1214 2843; x_wconf 91' lang='lat' dir='ltr'>civi·</span> <span class='ocrx_word' id='word_1_211' title='bbox 1238 2757 1313 2848; x_wconf 58' lang='lat'>22⁸</span> <span class='ocrx_word' id='word_1_212' title='bbox 1321 2758 1392 2849; x_wconf 52' lang='lat' dir='ltr'>sall:</span> 
     </span>
    </p>
   </div>
   <div class='ocr_carea' id='block_1_10' title="bbox 100 2868 1388 3200">
    <p class='ocr_par' dir='ltr' id='par_1_14' title="bbox 100 2868 1388 3200">
     <span class='ocr_line' id='line_1_26' title="bbox 101 2868 1318 2971; baseline 0 -24"><span class='ocrx_word' id='word_1_213' title='bbox 101 2884 166 2949; x_wconf 90' lang='lat' dir='ltr'>lem</span> <span class='ocrx_word' id='word_1_214' title='bbox 190 2885 307 2951; x_wconf 89' lang='lat' dir='ltr'>ineunt</span> <span class='ocrx_word' id='word_1_215' title='bbox 330 2906 369 2950; x_wconf 91' lang='lat' dir='ltr'>ac</span> <span class='ocrx_word' id='word_1_216' title='bbox 392 2888 596 2971; x_wconf 87' lang='lat' dir='ltr'>participant</span> <span class='ocrx_word' id='word_1_217' title='bbox 618 2887 825 2952; x_wconf 88' lang='lat' dir='ltr'>societatem.</span> <span class='ocrx_word' id='word_1_218' title='bbox 848 2884 965 2967; x_wconf 89' lang='lat' dir='ltr'>Atque</span> <span class='ocrx_word' id='word_1_219' title='bbox 987 2882 1050 2948; x_wconf 91' lang='lat' dir='ltr'>hac</span> <span class='ocrx_word' id='word_1_220' title='bbox 1074 2883 1146 2965; x_wconf 87' lang='lat' dir='ltr'>ipsa</span> <span class='ocrx_word' id='word_1_221' title='bbox 1169 2882 1212 2947; x_wconf 92' lang='lat' dir='ltr'>de</span> <span class='ocrx_word' id='word_1_222' title='bbox 1238 2868 1318 2909; x_wconf 60' lang='lat' dir='ltr'>mm·</span> 
     </span>
     <span class='ocr_line' id='line_1_27' title="bbox 100 2987 1373 3074; baseline 0 -22"><span class='ocrx_word' id='word_1_223' title='bbox 100 3009 226 3068; x_wconf 90' lang='lat' dir='ltr'>caussa,</span> <span class='ocrx_word' id='word_1_224' title='bbox 240 2991 330 3074; x_wconf 90' lang='lat' dir='ltr'>quod</span> <span class='ocrx_word' id='word_1_225' title='bbox 350 2990 407 3054; x_wconf 83' lang='lat' dir='ltr'>filil</span> <span class='ocrx_word' id='word_1_226' title='bbox 422 3002 501 3056; x_wconf 89' lang='lat' dir='ltr'>sunt</span> <span class='ocrx_word' id='word_1_227' title='bbox 517 2993 719 3056; x_wconf 81' lang='lat' dir='ltr'>naturaliter</span> <span class='ocrx_word' id='word_1_228' title='bbox 730 2989 865 3073; x_wconf 81' lang='lat' dir='ltr'>aliquid</span> <span class='ocrx_word' id='word_1_229' title='bbox 868 2987 1022 3072; x_wconf 82' lang='lat' dir='ltr'>patris...</span> <span class='ocrx_word' id='word_1_230' title='bbox 1036 2997 1212 3070; x_wconf 82' lang='lat' dir='ltr'>antequam</span> <span class='ocrx_word' id='word_1_231' title='bbox 1237 3022 1373 3068; x_wconf 50' lang='lat' dir='ltr'>smum</span> 
     </span>
     <span class='ocr_line' id='line_1_28' title="bbox 100 3082 1388 3200; baseline 0.001 -43"><span class='ocrx_word' id='word_1_232' title='bbox 100 3115 196 3158; x_wconf 84' lang='lat' dir='ltr'>usum</span> <span class='ocrx_word' id='word_1_233' title='bbox 210 3095 308 3160; x_wconf 79' lang='lat' dir='ltr'>liberi</span> <span class='ocrx_word' id='word_1_234' title='bbox 327 3094 465 3160; x_wconf 81' lang='lat' dir='ltr'>arbitrii</span> <span class='ocrx_word' id='word_1_235' title='bbox 487 3095 636 3174; x_wconf 79' lang='lat' dir='ltr'>habeant,</span> <span class='ocrx_word' id='word_1_236' title='bbox 659 3096 866 3161; x_wconf 83' lang='lat' dir='ltr'>contineatur</span> <span class='ocrx_word' id='word_1_237' title='bbox 888 3093 947 3158; x_wconf 83' lang='lat' dir='ltr'>sub</span> <span class='ocrx_word' id='word_1_238' title='bbox 966 3101 1143 3176; x_wconf 80' lang='lat' dir='ltr'>parentum</span> <span class='ocrx_word' id='word_1_239' title='bbox 1157 3111 1210 3154; x_wconf 87' lang='lat' dir='ltr'>cu-</span> <span class='ocrx_word' id='word_1_240' title='bbox 1236 3082 1388 3200; x_wconf 51' lang='lat' dir='ltr'>mm*</span> 
     </span>
    </p>
   </div>
   <div class='ocr_carea' id='block_1_11' title="bbox 99 3197 1416 4315">
    <p class='ocr_par' dir='ltr' id='par_1_15' title="bbox 99 3197 1416 3490">
     <span class='ocr_line' id='line_1_29' title="bbox 101 3197 1416 3306; baseline -0.002 -45"><span class='ocrx_word' id='word_1_241' title='bbox 101 3220 140 3262; x_wconf 90' lang='lat' dir='ltr'>ra</span> <span class='ocrx_word' id='word_1_242' title='bbox 155 3198 207 3282; x_wconf 87' lang='lat'>(¹).</span> <span class='ocrx_word' id='word_1_243' title='bbox 220 3197 320 3282; x_wconf 87' lang='lat' dir='ltr'>Quod</span> <span class='ocrx_word' id='word_1_244' title='bbox 333 3199 435 3282; x_wconf 87' lang='lat' dir='ltr'>igitur</span> <span class='ocrx_word' id='word_1_245' title='bbox 448 3199 650 3278; x_wconf 70' lang='lat' dir='ltr'>Sonalrstae,</span> <span class='ocrx_word' id='word_1_246' title='bbox 660 3199 855 3283; x_wconf 85' lang='lat' dir='ltr'>posthabita</span> <span class='ocrx_word' id='word_1_247' title='bbox 867 3197 1078 3283; x_wconf 87' lang='lat' dir='ltr'>providentia</span> <span class='ocrx_word' id='word_1_248' title='bbox 1093 3215 1210 3278; x_wconf 89' lang='lat' dir='ltr'>paren·</span> <span class='ocrx_word' id='word_1_249' title='bbox 1233 3200 1388 3306; x_wconf 47' lang='lat' dir='ltr'>mstis·</span> <span class='ocrx_word' id='word_1_250' title='bbox 1412 3263 1416 3274; x_wconf 54' lang='grc'><em>,</em></span> 
     </span>
     <span class='ocr_line' id='line_1_30' title="bbox 100 3294 1340 3386; baseline -0.002 -22"><span class='ocrx_word' id='word_1_251' title='bbox 100 3311 182 3380; x_wconf 85' lang='lat' dir='ltr'>tum,</span> <span class='ocrx_word' id='word_1_252' title='bbox 205 3301 423 3367; x_wconf 86' lang='lat' dir='ltr'>introducunt</span> <span class='ocrx_word' id='word_1_253' title='bbox 447 3305 694 3386; x_wconf 90' lang='lat' dir='ltr'>providentiam</span> <span class='ocrx_word' id='word_1_254' title='bbox 720 3303 932 3386; x_wconf 89' lang='lat' dir='ltr'>reipublicae,</span> <span class='ocrx_word' id='word_1_255' title='bbox 958 3301 1212 3366; x_wconf 83' lang='lat' dir='ltr'>faciuntcontra</span> <span class='ocrx_word' id='word_1_256' title='bbox 1333 3294 1340 3308; x_wconf 75' lang='lat'>⁸</span> 
     </span>
     <span class='ocr_line' id='line_1_31' title="bbox 99 3401 1187 3490; baseline -0.001 -23"><span class='ocrx_word' id='word_1_257' title='bbox 99 3405 264 3470; x_wconf 84' lang='lat' dir='ltr'>iustitiam</span> <span class='ocrx_word' id='word_1_258' title='bbox 280 3405 474 3484; x_wconf 80' lang='lat' dir='ltr'>naturalem,</span> <span class='ocrx_word' id='word_1_259' title='bbox 489 3427 529 3472; x_wconf 91' lang='lat' dir='ltr'>ac</span> <span class='ocrx_word' id='word_1_260' title='bbox 544 3409 723 3473; x_wconf 88' lang='lat' dir='ltr'>domorum</span> <span class='ocrx_word' id='word_1_261' title='bbox 739 3407 974 3490; x_wconf 86' lang='lat' dir='ltr'>compaginem</span> <span class='ocrx_word' id='word_1_262' title='bbox 992 3401 1187 3468; x_wconf 86' lang='lat' dir='ltr'>dissolvunt</span> 
     </span>
    </p>

    <p class='ocr_par' dir='ltr' id='par_1_16' title="bbox 99 3505 1389 4315">
     <span class='ocr_line' id='line_1_32' title="bbox 143 3505 1387 3592; baseline -0.008 -18"><span class='ocrx_word' id='word_1_263' title='bbox 143 3508 197 3574; x_wconf 89' lang='lat' dir='ltr'>Ac</span> <span class='ocrx_word' id='word_1_264' title='bbox 213 3518 345 3592; x_wconf 88' lang='lat' dir='ltr'>praeter</span> <span class='ocrx_word' id='word_1_265' title='bbox 368 3509 577 3588; x_wconf 88' lang='lat' dir='ltr'>iniustitiam,</span> <span class='ocrx_word' id='word_1_266' title='bbox 592 3511 692 3574; x_wconf 90' lang='lat' dir='ltr'>nimis</span> <span class='ocrx_word' id='word_1_267' title='bbox 713 3510 817 3576; x_wconf 88' lang='lat' dir='ltr'>etiam</span> <span class='ocrx_word' id='word_1_268' title='bbox 844 3517 984 3591; x_wconf 89' lang='lat' dir='ltr'>apparet</span> <span class='ocrx_word' id='word_1_269' title='bbox 999 3505 1108 3589; x_wconf 89' lang='lat' dir='ltr'>qualis</span> <span class='ocrx_word' id='word_1_270' title='bbox 1124 3513 1211 3569; x_wconf 86' lang='lat' dir='ltr'>esset</span> <span class='ocrx_word' id='word_1_271' title='bbox 1235 3525 1261 3579; x_wconf 74' lang='lat'>30</span> <span class='ocrx_word' id='word_1_272' title='bbox 1272 3520 1387 3588; x_wconf 56' lang='lat' dir='ltr'>socians-</span> 
     </span>
     <span class='ocr_line' id='line_1_33' title="bbox 99 3584 1388 3696; baseline 0.002 -23"><span class='ocrx_word' id='word_1_273' title='bbox 99 3611 251 3676; x_wconf 90' lang='lat' dir='ltr'>omnium</span> <span class='ocrx_word' id='word_1_274' title='bbox 267 3612 423 3678; x_wconf 89' lang='lat' dir='ltr'>ordinum</span> <span class='ocrx_word' id='word_1_275' title='bbox 435 3615 659 3679; x_wconf 88' lang='lat' dir='ltr'>commutatio</span> <span class='ocrx_word' id='word_1_276' title='bbox 673 3613 957 3696; x_wconf 84' lang='lat' dir='ltr'>perturbatioque,</span> <span class='ocrx_word' id='word_1_277' title='bbox 969 3629 1070 3694; x_wconf 91' lang='lat' dir='ltr'>quam</span> <span class='ocrx_word' id='word_1_278' title='bbox 1081 3609 1165 3674; x_wconf 89' lang='lat' dir='ltr'>dura</span> <span class='ocrx_word' id='word_1_279' title='bbox 1177 3619 1211 3673; x_wconf 90' lang='lat' dir='ltr'>et</span> <span class='ocrx_word' id='word_1_280' title='bbox 1235 3584 1388 3684; x_wconf 50' lang='lat' dir='ltr'>wlff</span> 
     </span>
     <span class='ocr_line' id='line_1_34' title="bbox 99 3697 1389 3804; baseline -0.002 -26"><span class='ocrx_word' id='word_1_281' title='bbox 99 3715 218 3779; x_wconf 92' lang='lat' dir='ltr'>odiosa</span> <span class='ocrx_word' id='word_1_282' title='bbox 232 3716 373 3780; x_wconf 89' lang='lat' dir='ltr'>servitus</span> <span class='ocrx_word' id='word_1_283' title='bbox 399 3717 523 3782; x_wconf 89' lang='lat' dir='ltr'>civium</span> <span class='ocrx_word' id='word_1_284' title='bbox 540 3727 767 3782; x_wconf 88' lang='lat' dir='ltr'>consecutura.</span> <span class='ocrx_word' id='word_1_285' title='bbox 784 3717 911 3780; x_wconf 87' lang='lat' dir='ltr'>Aditus</span> <span class='ocrx_word' id='word_1_286' title='bbox 931 3714 973 3778; x_wconf 91' lang='lat' dir='ltr'>ad</span> <span class='ocrx_word' id='word_1_287' title='bbox 990 3713 1209 3778; x_wconf 85' lang='lat' dir='ltr'>invidentiam</span> <span class='ocrx_word' id='word_1_288' title='bbox 1235 3699 1293 3804; x_wconf 56' lang='grc' dir='ltr'>ζζζῖ</span> <span class='ocrx_word' id='word_1_289' title='bbox 1306 3697 1389 3802; x_wconf 56' lang='lat' dir='ltr'>„ffilj</span> 
     </span>
     <span class='ocr_line' id='line_1_35' title="bbox 100 3814 1376 3922; baseline -0.005 -40"><span class='ocrx_word' id='word_1_290' title='bbox 100 3826 263 3893; x_wconf 88' lang='lat' dir='ltr'>mutuam,</span> <span class='ocrx_word' id='word_1_291' title='bbox 272 3817 316 3880; x_wconf 92' lang='lat' dir='ltr'>ad</span> <span class='ocrx_word' id='word_1_292' title='bbox 326 3817 589 3884; x_wconf 89' lang='lat' dir='ltr'>obtrectationes</span> <span class='ocrx_word' id='word_1_293' title='bbox 603 3827 636 3884; x_wconf 91' lang='lat' dir='ltr'>et</span> <span class='ocrx_word' id='word_1_294' title='bbox 648 3819 831 3883; x_wconf 89' lang='lat' dir='ltr'>discordias</span> <span class='ocrx_word' id='word_1_295' title='bbox 843 3814 1033 3900; x_wconf 87' lang='lat' dir='ltr'>patefieret:</span> <span class='ocrx_word' id='word_1_296' title='bbox 1043 3814 1210 3897; x_wconf 87' lang='lat' dir='ltr'>ademptis</span> <span class='ocrx_word' id='word_1_297' title='bbox 1235 3816 1376 3922; x_wconf 45' lang='lat'>233³</span> 
     </span>
     <span class='ocr_line' id='line_1_36' title="bbox 99 3908 1367 4004; baseline -0.002 -20"><span class='ocrx_word' id='word_1_298' title='bbox 99 3918 236 4002; x_wconf 88' lang='lat' dir='ltr'>ingenio</span> <span class='ocrx_word' id='word_1_299' title='bbox 262 3921 470 4004; x_wconf 86' lang='lat' dir='ltr'>singulorum</span> <span class='ocrx_word' id='word_1_300' title='bbox 497 3922 732 4004; x_wconf 88' lang='lat' dir='ltr'>sollertiaeque</span> <span class='ocrx_word' id='word_1_301' title='bbox 756 3920 911 3997; x_wconf 90' lang='lat' dir='ltr'>stimulis,</span> <span class='ocrx_word' id='word_1_302' title='bbox 927 3918 990 4002; x_wconf 91' lang='lat' dir='ltr'>ipsi</span> <span class='ocrx_word' id='word_1_303' title='bbox 1017 3917 1209 3984; x_wconf 85' lang='lat' dir='ltr'>divitiarum</span> <span class='ocrx_word' id='word_1_304' title='bbox 1236 3908 1367 3982; x_wconf 54' lang='lat' dir='ltr'>murmane</span> 
     </span>
     <span class='ocr_line' id='line_1_37' title="bbox 100 4021 1222 4108; baseline 0.003 -23"><span class='ocrx_word' id='word_1_305' title='bbox 100 4022 210 4089; x_wconf 78' lang='lat' dir='ltr'>fontes</span> <span class='ocrx_word' id='word_1_306' title='bbox 226 4026 414 4089; x_wconf 90' lang='lat' dir='ltr'>necessario</span> <span class='ocrx_word' id='word_1_307' title='bbox 429 4036 677 4090; x_wconf 88' lang='lat' dir='ltr'>exarescerent:</span> <span class='ocrx_word' id='word_1_308' title='bbox 694 4045 809 4108; x_wconf 85' lang='lat' dir='ltr'>eaque,</span> <span class='ocrx_word' id='word_1_309' title='bbox 825 4043 926 4107; x_wconf 90' lang='lat' dir='ltr'>quam</span> <span class='ocrx_word' id='word_1_310' title='bbox 944 4021 1074 4106; x_wconf 84' lang='lat' dir='ltr'>fingunt</span> <span class='ocrx_word' id='word_1_311' title='bbox 1084 4022 1222 4106; x_wconf 82' lang='lat' dir='ltr'>cogita--</span> 
     </span>
     <span class='ocr_line' id='line_1_38' title="bbox 99 4125 1210 4209; baseline 0.002 -19"><span class='ocrx_word' id='word_1_312' title='bbox 99 4126 202 4204; x_wconf 91' lang='lat' dir='ltr'>tione,</span> <span class='ocrx_word' id='word_1_313' title='bbox 211 4125 441 4209; x_wconf 88' lang='lat' dir='ltr'>aequabilitas,</span> <span class='ocrx_word' id='word_1_314' title='bbox 452 4128 543 4192; x_wconf 92' lang='lat' dir='ltr'>aliud</span> <span class='ocrx_word' id='word_1_315' title='bbox 555 4148 667 4194; x_wconf 88' lang='lat' dir='ltr'>revera</span> <span class='ocrx_word' id='word_1_316' title='bbox 679 4148 747 4193; x_wconf 91' lang='lat' dir='ltr'>non</span> <span class='ocrx_word' id='word_1_317' title='bbox 763 4137 851 4192; x_wconf 86' lang='lat' dir='ltr'>esset</span> <span class='ocrx_word' id='word_1_318' title='bbox 863 4125 926 4190; x_wconf 91' lang='lat' dir='ltr'>nisi</span> <span class='ocrx_word' id='word_1_319' title='bbox 938 4127 1089 4191; x_wconf 91' lang='lat' dir='ltr'>omnium</span> <span class='ocrx_word' id='word_1_320' title='bbox 1103 4127 1210 4192; x_wconf 90' lang='lat' dir='ltr'>homi·</span> 
     </span>
     <span class='ocr_line' id='line_1_39' title="bbox 101 4231 1213 4315; baseline 0.002 -21"><span class='ocrx_word' id='word_1_321' title='bbox 101 4249 300 4314; x_wconf 86' lang='lat' dir='ltr'>numaeque</span> <span class='ocrx_word' id='word_1_322' title='bbox 320 4231 442 4295; x_wconf 88' lang='lat' dir='ltr'>misera</span> <span class='ocrx_word' id='word_1_323' title='bbox 451 4241 552 4315; x_wconf 89' lang='lat' dir='ltr'>atque</span> <span class='ocrx_word' id='word_1_324' title='bbox 563 4232 730 4315; x_wconf 86' lang='lat' dir='ltr'>ignobilis,</span> <span class='ocrx_word' id='word_1_325' title='bbox 739 4231 832 4296; x_wconf 92' lang='lat' dir='ltr'>nullo</span> <span class='ocrx_word' id='word_1_326' title='bbox 842 4231 1044 4310; x_wconf 88' lang='lat' dir='ltr'>discrimine,</span> <span class='ocrx_word' id='word_1_327' title='bbox 1052 4231 1213 4297; x_wconf 89' lang='lat' dir='ltr'>conditio.</span> 
     </span>
    </p>
   </div>
   <div class='ocr_carea' id='block_1_12' title="bbox 103 4333 1211 4526">
    <p class='ocr_par' dir='ltr' id='par_1_17' title="bbox 103 4333 1211 4526">
     <span class='ocr_line' id='line_1_40' title="bbox 103 4333 1211 4419; baseline 0.004 -22"><span class='ocrx_word' id='word_1_328' title='bbox 103 4369 145 4384; x_wconf 90' lang='lat'>-</span> <span class='ocrx_word' id='word_1_329' title='bbox 156 4334 214 4398; x_wconf 87' lang='lat' dir='ltr'>Ex</span> <span class='ocrx_word' id='word_1_330' title='bbox 226 4335 347 4418; x_wconf 91' lang='lat' dir='ltr'>quibus</span> <span class='ocrx_word' id='word_1_331' title='bbox 357 4335 514 4400; x_wconf 89' lang='lat' dir='ltr'>omnibus</span> <span class='ocrx_word' id='word_1_332' title='bbox 524 4335 731 4419; x_wconf 89' lang='lat' dir='ltr'>perspicitur,</span> <span class='ocrx_word' id='word_1_333' title='bbox 745 4336 828 4400; x_wconf 90' lang='lat' dir='ltr'>illud</span> <span class='ocrx_word' id='word_1_334' title='bbox 847 4333 1037 4402; x_wconf 78' lang='lat' dir='ltr'>sociattsmt</span> <span class='ocrx_word' id='word_1_335' title='bbox 1050 4334 1211 4416; x_wconf 89' lang='lat' dir='ltr'>placitum</span> 
     </span>
     <span class='ocr_line' id='line_1_41' title="bbox 134 4469 662 4526; baseline 0.009 -10"><span class='ocrx_word' id='word_1_336' title='bbox 134 4483 156 4518; x_wconf 90' lang='lat'>1.</span> <span class='ocrx_word' id='word_1_337' title='bbox 173 4470 198 4516; x_wconf 86' lang='lat' dir='ltr'>S.</span> <span class='ocrx_word' id='word_1_338' title='bbox 207 4469 295 4517; x_wconf 77' lang='lat' dir='ltr'>mom.</span> <span class='ocrx_word' id='word_1_339' title='bbox 309 4469 381 4525; x_wconf 86' lang='lat'>11-11.</span> <span class='ocrx_word' id='word_1_340' title='bbox 394 4469 493 4526; x_wconf 69' lang='lat' dir='ltr'>Ques:</span> <span class='ocrx_word' id='word_1_341' title='bbox 506 4471 537 4526; x_wconf 89' lang='lat' dir='ltr'>x.</span> <span class='ocrx_word' id='word_1_342' title='bbox 547 4479 593 4520; x_wconf 77' lang='grc' dir='ltr'>ιη.</span> <span class='ocrx_word' id='word_1_343' title='bbox 605 4471 662 4522; x_wconf 88' lang='lat' dir='ltr'>x11.</span> 
     </span>
    </p>
   </div>
   <div class='ocr_carea' id='block_1_13' title="bbox 0 0 1590 4874">
    <p class='ocr_par' dir='ltr' id='par_1_18' title="bbox 0 0 1590 4874">
     <span class='ocr_line' id='line_1_42' title="bbox 0 0 1590 4874; baseline 0 0"><span class='ocrx_word' id='word_1_344' title='bbox 0 0 1590 4874; x_wconf 95' lang='lat' dir='ltr'> </span> 
     </span>
    </p>
   </div>
  </div>
 </body>
</html>
