3310 4868
233 351 1276 457 :fflfffflfflfifflmiakam
1293 363 1306 385 “

233 470 240 482 '
595 504 913 588 Elusroun
1269 445 1277 487 ²

234 568 240 583 Ι

233 593 241 608 θ

234 618 240 632 Ι

233 645 241 660 Ι

234 671 241 685 0

244 586 246 617 l

234 632 246 735 i
467 685 640 757 archiep.
659 691 696 742 et
716 685 836 756 Episc.
858 685 1052 743 Amerlcae

216 796 247 937 r?
277 849 342 908 DE
363 849 715 911 SUBVENIENDO
741 851 900 911 ITALIS
925 852 1094 912 EODEM
1113 851 1241 914 COM-

581 1016 936 1078 MIGRANTIBUS.

214 1087 243 1126 Ἅι
743 1111 748 1125 r
1274 1098 1282 1113 ⁰

236 1137 242 1150 Ι
1274 1124 1281 1138 1

236 1158 1280 1175 οοοοοοοοοοοοοοοοοοοοοοοοοοοοοοοοοοοοοοοοοοοοοοοοοοοοοοοοοοοοοοοοοοοοοοοοοοοοοοοοοοο

215 1202 220 1207 ’
255 1195 273 1215 n'*
292 1194 312 1213 n*
330 1204 334 1213 ι
366 1194 385 1213 ι’
404 1196 421 1213 ι’
441 1194 483 1214 s'r
515 1196 534 1213 ι’
551 1196 570 1215 ¹⁹
589 1196 605 1214 ι’
626 1204 631 1213 ι
662 1196 682 1215 ι’
700 1196 717 1213 ι’
736 1202 742 1215 a
774 1196 792 1213 n'*
810 1196 829 1214 ι’
847 1194 865 1213 a*
885 1196 904 1213 ι’Χ
917 1196 940 1213 'st‘
959 1194 977 1213 r*
995 1196 1014 1213 ι’
1032 1196 1052 1213 ι’“
1065 1196 1087 1213 'a'
1106 1201 1111 1213 ι
1143 1196 1163 1213 a*
1179 1195 1199 1213 s'*
1216 1165 1315 1240 ι’·ΰκ

215 1224 219 1229 .
374 1222 375 1225 β
596 1222 598 1229 β
781 1224 783 1227 ,

396 1304 503 1370 UAM
530 1327 730 1371 aerumnosa
756 1317 790 1370 et
814 1306 1009 1373 calamitosa
1039 1307 1082 1370 sit
1105 1326 1219 1369 eorum
1236 1325 1315 1368 con·
1344 1323 1495 1398 „rediens

258 1406 334 1586 Q
416 1418 512 1494 ditio,
541 1413 598 1498 qui
631 1432 675 1476 ex
708 1411 807 1476 ltalia
846 1411 1026 1494 quotannis
1065 1410 1097 1473 in
1137 1409 1317 1474 Americae
1383 1405 1451 1453 ¹⁸⁸⁸·

204 1302 395 1680 Π
418 1520 571 1604 regiones
586 1518 629 1581 ad
653 1515 742 1580 vitae
758 1515 907 1580 subsidia
932 1515 1122 1598 quaerenda
1142 1515 1315 1578 turmatim
1378 1565 1494 1626 Pontifex

244 1605 395 1680 *W
419 1623 653 1704 commigrant,
668 1627 738 1683 tam
755 1627 964 1701 compertum
989 1617 1085 1681 vobis
1101 1626 1160 1694 est,
1176 1626 1213 1681 ut
1233 1615 1315 1680 nihil
1342 1625 1409 1685 deflet
1423 1631 1494 1696 aqna

201 1743 344 1807 attineat
362 1733 396 1797 id
418 1727 489 1792 fuse
516 1745 576 1810 per
602 1723 676 1786 Nos
697 1721 869 1805 explicari.
885 1723 961 1785 Imo
984 1740 1063 1784 vero
1079 1720 1177 1797 mala,
1192 1719 1314 1802 quibus
1357 1684 1479 1790 &⁶2¹ss

203 1845 250 1909 illi
266 1846 477 1927 premuntur,
492 1852 554 1896 vos
570 1828 706 1914 quidem
724 1847 767 1889 ex
790 1827 980 1910 propinquo
996 1824 1183 1901 intuemini,
1197 1844 1315 1907 eaque,
1341 1809 1394 1916 [ἐς
1417 1809 1493 1906 Ἤ

200 1945 289 2010 datis
317 1960 384 2005 non
414 1932 519 2000 semel
546 1930 590 1996 ad
617 1927 690 1991 Nos
715 1925 844 2002 litteris,
871 1932 1134 1989 commemorata
1159 1923 1313 1989 dolenter
1341 1921 1492 2026 mm

203 2057 281 2114 sunt
297 2067 319 2110 a
331 2043 500 2128 plerisque
518 2043 676 2100 vestrum.
693 2029 897 2094 Deflendum
914 2048 1004 2106 sane,
1018 2029 1109 2112 quod
1125 2037 1177 2093 tot
1201 2027 1313 2093 miseri
1340 2053 1493 2144 mm

205 2152 326 2218 Italiae
340 2149 439 2223 cives,
459 2141 567 2206 solum
586 2145 715 2202 mutare
731 2134 845 2217 inopia
864 2133 981 2204 coacti,
1004 2133 1037 2195 in
1062 2133 1151 2197 mala
1167 2132 1312 2215 plerum·
1339 2157 1492 2205 anam„
1514 2179 1518 2188 .

203 2273 269 2336 que
285 2247 440 2334 graviora
457 2244 640 2314 incurrant,
655 2254 756 2319 quam
785 2252 872 2314 quae
896 2229 1042 2313 effugere
1057 2231 1242 2295 voluerunt.
1259 2231 1312 2295 Ac
1343 2217 1484 2336 mm

202 2372 364 2440 persaepe
393 2349 436 2414 ad
471 2345 602 2410 labores
632 2339 713 2404 varii
742 2335 882 2421 generis,
912 2335 1033 2418 quibus
1063 2336 1133 2399 vita
1162 2335 1312 2416 corporis
1350 2335 1480 2440 ‘'mis''

201 2460 399 2532 absumitur,
414 2432 526 2534 longe'
546 2445 697 2512 miserior
712 2440 908 2523 adiungitur
927 2439 1114 2504 animorum
1139 2439 1312 2521 pernicies.
1358 2459 1464 2516 gruum.

204 2566 315 2630 Prima
345 2561 419 2643 ipsa
444 2551 706 2634 demigrantium
734 2545 937 2610 transvectio
963 2543 1118 2626 periculis
1144 2542 1243 2625 plena
1274 2564 1313 2606 ac

201 2663 413 2734 detrimentis
430 2669 500 2725 est:
517 2655 670 2721 incidunt
687 2650 775 2715 enim
788 2648 939 2732 plerique
954 2649 987 2711 in
1004 2648 1143 2730 cupidos
1160 2645 1313 2711 homines

201 2791 347 2856 quorum
360 2765 455 2851 quasi
474 2759 642 2842 mancipia
659 2754 752 2832 fiunt,
768 2763 802 2818 et
817 2752 982 2836 gregatim
997 2753 1030 2815 in
1045 2771 1146 2815 naves
1161 2753 1314 2829 coniecti,

202 2887 306 2960 atque
322 2872 504 2937 inhumane
532 2862 648 2939 habiti,
664 2860 707 2924 ad
732 2858 1008 2942 depravationem
1033 2866 1173 2921 naturae
1188 2857 1312 2921 sensim

203 2978 430 3063 impelluntur.
449 2970 519 3037 Ubi
544 2988 624 3032 vero
649 2964 691 3028 ad
719 2964 904 3028 destinatas
925 2981 1000 3025 oras
1025 2960 1236 3042 appulerunt,
1252 2961 1313 3024 lin·

202 3105 290 3169 guae
307 3091 341 3146 et
353 3081 501 3145 locorum
519 3070 627 3156 ignari
643 3067 847 3152 quotidianis
863 3066 974 3148 operis
988 3065 1127 3144 addicti,
1144 3065 1312 3148 improbo·

204 3209 277 3253 rum
310 3181 449 3257 insidiis,
484 3187 518 3242 et
550 3172 789 3259 potentiorum,
819 3170 941 3254 quibus
971 3189 1043 3234 sese
1081 3167 1314 3251 manciparint,

204 3300 323 3376 patent
348 3283 487 3351 insidiis.
506 3279 573 3363 Qui
599 3285 711 3340 autem
739 3273 903 3337 industria
926 3292 987 3337 sua
1005 3273 1086 3337 satis
1113 3272 1176 3336 sibi
1196 3291 1313 3354 parare

202 3400 386 3480 potuerunt
413 3385 503 3451 unde
529 3383 633 3446 vitam
661 3388 826 3454 tueantur,
848 3386 1018 3441 versantes
1043 3386 1155 3440 tamen
1180 3376 1314 3440 assidue

204 3504 291 3565 inter
310 3516 377 3572 eos,
393 3491 450 3575 qui
466 3487 581 3554 omnia
606 3485 648 3549 ad
665 3492 843 3568 quaestum
867 3491 901 3544 et
922 3480 1102 3545 utilitatem
1119 3498 1214 3544 suam
1231 3477 1313 3542 reie-

203 3611 292 3680 runt‚
308 3597 438 3663 nobiles
455 3594 623 3656 humanae
644 3597 784 3651 naturae
810 3605 927 3649 sensus
954 3585 1116 3668 paulatim
1141 3591 1313 3659 exuentes,

203 3725 319 3773 eorum
336 3703 441 3767 vitam
458 3697 569 3762 vivere
585 3692 719 3756 discunt
734 3689 791 3772 qui
808 3709 926 3752 omnes
949 3708 1025 3771 spes
1042 3698 1075 3751 et
1091 3686 1312 3768 cogitationes

204 3827 284 3874 suas
296 3809 329 3871 in
346 3814 434 3870 terra
451 3797 653 3865 defixerunt.
670 3794 748 3858 Huc
765 3792 929 3857 accedunt
950 3791 1050 3854 obvia
1066 3790 1190 3873 passim
1207 3789 1311 3851 irrita-

204 3923 321 3977 menta
345 3905 580 3990 cupiditatum,
607 3899 807 3981 fraudesque
831 3905 1008 3972 sectarum,
1031 3913 1118 3978 quae
1144 3893 1218 3957 istic
1246 3891 1313 3956 late

203 4024 400 4101 grassantur
416 4006 569 4092 religioni
592 4003 752 4078 infensae,
767 4010 800 4064 et
817 3999 995 4083 plerosque
1020 3997 1052 4060 in
1070 3997 1158 4060 viam
1175 3995 1313 4062 trahunt

202 4109 650 4202 waewfflmmme

249 4223 290 4287 In
312 4220 364 4285 his
387 4227 500 4281 autem
528 4213 625 4277 malis
650 4210 731 4275 illud
760 4207 860 4291 longe
887 4205 1071 4271 luctuosius
1096 4213 1156 4282 est,
1171 4206 1261 4288 quod
1278 4207 1310 4270 in
1340 4194 1491 4314 tossgffw

204 4331 301 4390 tanta
318 4316 533 4384 multitudine
545 4312 730 4388 hominum,
743 4307 964 4392 amplitudine
978 4307 1161 4389 regionum,
1173 4303 1314 4371 difficul-
1339 4313 1493 4430 Zorasfipqg

205 4435 277 4493 tate
291 4425 454 4498 locorum,
470 4419 560 4483 haud
578 4415 674 4480 facile
684 4422 818 4497 praesto
833 4431 905 4475 esse
922 4410 961 4473 iis
972 4418 1085 4493 potest
1100 4430 1149 4488 ea,
1159 4431 1245 4494 quae
1254 4431 1314 4494 par
1345 4387 1492 4477 nardini„
