3140 4866
401 393 475 466 300
753 395 874 448 tunna
901 397 1151 454 AtiatvrlcUS.

468 617 590 754 &⁵⁸⁵⁸
607 637 748 692 premens,
768 620 958 694 indulgentias
972 625 1001 682 S.
1018 625 1160 682 Tunicam
1173 630 1347 684 venenturis
1365 647 1425 686 con·
1439 551 1473 600 ¹¹²¹

535 711 545 754 t
560 713 620 770 253.

431 799 481 852 68.
504 805 708 860 LITTERAE
730 807 1004 862 APOSTOLIGAE
1029 809 1154 870 qulbus
1175 811 1427 862 immaculatam

396 887 566 952 virginem
581 893 640 945 Del
653 897 845 960 genitricem
858 895 1001 946 Mariam
1012 897 1215 958 precipuum
1224 897 1326 962 Congi
1339 900 1426 949 inde-

396 977 569 1036 pendentie
582 987 755 1042 patronam
770 983 959 1035 babendum
973 993 1041 1034 esee
1053 984 1250 1034 decernitur.
1263 1010 1297 1022 -·
1307 986 1344 1035 21
1354 985 1426 1048 Jnlll

503 1169 632 1228 Pontifex
655 1174 766 1231 laetatur
783 1175 821 1231 de
839 1175 1014 1230 incremento
1027 1172 1176 1244 Evangelii
1198 1173 1227 1230 in
1242 1175 1337 1246 Congi
1354 1175 1426 1232 inde·

466 1249 618 1318 pendentis
631 1265 707 1310 statu
721 1267 781 1326 255.
794 1281 827 1294 -
838 1253 935 1310 churn
949 1253 1186 1322 Congregationis
1199 1253 1236 1310 de
1250 1255 1425 1322 Scbeutveld,

465 1327 549 1384 simul
562 1347 596 1386 ac
610 1333 762 1404 Belgarum
777 1333 864 1402 Regis
874 1329 981 1400 laudat,
991 1347 1104 1387 necnon
1118 1332 1297 1402 egregiorum
1312 1336 1427 1392 virorum

466 1423 586 1476 quorum
599 1411 720 1483 aliquos,
737 1411 851 1468 nomine
867 1411 983 1482 proprio
995 1407 1091 1477 citato,
1109 1411 1233 1466 celebrat
1248 1426 1309 1482 255.
1321 1444 1358 1454 -
1379 1415 1426 1469 Po

466 1487 637 1545 stulantibus
657 1489 761 1561 Belgis,
775 1501 804 1546 ut
826 1491 998 1546 Beatissima
1018 1489 1106 1558 Virgo
1133 1491 1321 1546 Immaculata
1339 1493 1425 1562 Congi

467 1564 685 1637 independentis
699 1571 822 1626 Patrona
842 1569 1041 1640 proclametur,
1056 1567 1184 1624 Pontifex
1200 1568 1323 1626 libenter
1334 1587 1424 1627 asseu-

466 1646 508 1714 tit,
520 1647 593 1702 testo
612 1649 826 1721 Assumptionis
847 1648 981 1719 Deiparae
1003 1657 1033 1703 ut
1053 1648 1193 1716 patronali
1207 1649 1356 1720 assignato
1369 1663 1425 1720 255-

467 1739 482 1778 2
486 1725 527 1794 56.

427 1825 479 1878 59.
502 1828 709 1883 EPISTOLA
723 1834 764 1884 ad
779 1833 982 1884 Gulielmum
998 1831 1130 1890 lllliata.
1146 1835 1319 1894 praesidem
1333 1847 1425 1898 gene-

393 1913 496 1966 ralem
508 1919 673 1969 societatis
682 1921 855 1972 catholicas
867 1919 1056 1983 juventutis
1069 1920 1202 1970 Italicae.
1217 1919 1267 1972 De
1279 1924 1425 1974 societate

393 2003 561 2058 catholicae
571 2007 761 2071 ,iuuentutis
774 2010 907 2060 ltaiices.
922 2033 957 2044 ·-
969 2009 990 2060 8
1005 2007 1200 2070 septembris
1212 2007 1286 2060 1891
1327 2047 1422 2061 ......
1439 2015 1475 2070 157

498 2113 603 2168 Gratus
620 2113 657 2170 de
677 2113 752 2170 votis
772 2115 810 2170 ad
833 2131 865 2170 se
886 2113 991 2183 missis,
1006 2112 1135 2168 Pontifex
1156 2123 1276 2170 testatur
1297 2133 1421 2172 amorem

462 2193 586 2249 suumin
607 2193 779 2250 catholicam
789 2195 975 2266 juventutem,
989 2194 1212 2264 societatemque
1232 2195 1295 2263 eius
1312 2197 1422 2250 nomine

461 2272 586 2330 dicatam
601 2288 660 2346 257.
674 2307 709 2317 -
723 2275 913 2332 Concordiam
925 2293 1012 2346 quam
1032 2273 1148 2346 policita
1161 2283 1204 2328 est
1225 2290 1291 2330 sese
1310 2275 1423 2331 servitu·

461 2369 522 2408 ram
537 2355 617 2409 laetus
630 2355 743 2426 salutat,
757 2372 910 2427 rursusque
923 2365 1036 2412 strenue
1050 2353 1173 2409 inculcat
1184 2367 1244 2422 257.
1256 2383 1291 2394 -
1301 2355 1328 2408 N
1331 2370 1420 2408 ormas

460 2433 601 2502 quasdam
615 2435 750 2503 perutiles
773 2433 909 2490 Societati
930 2433 1078 2490 catholicae
1099 2433 1255 2504 juventutis
1272 2433 1421 2490 mandas

460 2509 572 2567 tradere
597 2514 718 2570 intendit
734 2515 794 2584 258.
818 2543 855 2554 -
876 2515 985 2570 Laudat
1007 2513 1180 2571 Societatem
1200 2531 1218 2568 a
1238 2512 1420 2569 conventibus

460 2599 488 2644 et
507 2591 691 2648 comitatibus
711 2593 861 2650 catholicis
879 2593 986 2648 dictam
1005 2593 1065 2664 258
1080 2623 1114 2634 -
1127 2593 1258 2650 Societas
1278 2591 1421 2648 catholice

456 2671 621 2740 jnventutis,
634 2673 677 2728 sui
688 2673 759 2744 juris
772 2691 806 2730 ac
818 2673 909 2730 libera
920 2683 1036 2730 maneat
1050 2673 1110 2744 258.
1121 2703 1157 2714 -
1170 2671 1312 2742 Religioni
1323 2689 1357 2727 ac
1369 2672 1419 2725 vir·

460 2747 566 2804 tutibus
580 2751 720 2822 imprimis
732 2753 857 2821 addicta,
876 2753 1011 2824 populum
1031 2752 1184 2809 christiane
1199 2763 1278 2806 curet
1296 2751 1419 2806 exculen-

459 2827 536 2897 dum,
547 2829 613 2886 Sed
626 2833 727 2902 Apost.
741 2832 953 2900 vindicandam,
967 2833 1044 2888 bona
1064 2833 1171 2904 scripta
1183 2830 1345 2902 spargenda
1358 2829 1416 2899 25i²r

460 2921 473 2958 2
477 2909 670 2975 59.-Laudat
684 2911 858 2968 Societatem
870 2911 906 2967 de
919 2911 1055 2966 institutis
1065 2912 1101 2967 ad
1116 2912 1246 2966 levamen
1260 2925 1417 2980 pauperum,

458 2987 494 3042 ad
505 2989 711 3059 recolligendos
721 2991 950 3046 adolescentulos
959 2990 1120 3060 derelictos,
1131 2989 1167 3045 de
1177 2988 1316 3060 promotis
1328 2987 1363 3042 ad
1372 2987 1416 3058 pia

459 3067 522 3123 loca
535 3069 808 3140 peregrinationibus
820 3069 913 3142 deque
929 3069 1038 3140 optime
1055 3069 1195 3140 susceptis
1209 3069 1332 3122 Romam
1345 3083 1418 3138 pere·

458 3147 603 3214 grinantes
621 3165 635 3204 2
639 3163 680 3220 59,
694 3181 730 3192 ·-
743 3150 815 3219 Quae
828 3149 926 3204 omnia
937 3167 1024 3220 opera
1037 3149 1190 3204 laudantur
1203 3147 1362 3202 auctoritati
1374 3163 1417 3200 ec·

458 3226 626 3284 clesiasticae
638 3229 691 3285 rite
707 3229 850 3285 submissa
868 3242 929 3298 259.
942 3259 977 3270 -
991 3231 1025 3284 ln
1039 3229 1084 3285 bis
1097 3227 1268 3300 praestandis
1280 3241 1416 3281 commen-

457 3306 540 3362 datur
553 3309 668 3378 spiritus
681 3310 814 3364 fraternae
826 3307 988 3364 dilectionis
1002 3309 1061 3364 26ο.
1084 3337 1119 3350 -·
1143 3307 1201 3362 Hic
1214 3307 1291 3362 enim
1309 3304 1416 3377 spiritus

457 3387 582 3454 suggerit
610 3398 639 3442 ut
659 3399 787 3443 mutuam
813 3402 898 3458 opem
917 3387 1040 3443 amicam
1065 3387 1103 3444 ad
1129 3401 1311 3442 communem
1337 3383 1415 3438 tinem

454 3465 580 3532 juniores
600 3467 760 3522 senioribus
778 3466 936 3537 praesertim
955 3479 1100 3538 praestent,
1113 3467 1229 3538 insuper
1251 3479 1282 3521 ut
1297 3465 1415 3536 juniores

457 3543 543 3598 babili
562 3546 687 3615 palestra
705 3547 742 3602 ad
761 3544 879 3600 fortiora
896 3546 1062 3616 tenuentur,
1081 3547 1206 3602 virorum
1225 3543 1360 3612 societati,
1374 3544 1414 3614 ju·

456 3633 600 3678 ventutem
618 3625 735 3694 egressi,
754 3639 859 3679 nomen
877 3625 971 3681 daturi
1000 3627 1060 3682 2⁶0.
1075 3655 1109 3666 -
1127 3625 1321 3682 Concordiam
1337 3635 1414 3696 atque

456 3703 608 3758 fraternum
618 3706 797 3774 complexum
815 3705 917 3760 iterum
935 3707 1152 3775 commendans,
1165 3705 1313 3762 sodalibus
1326 3701 1411 3759 Ponti·

456 3781 500 3836 fex
514 3781 658 3839 benedicit
672 3783 733 3839 262

417 3891 474 3942 60.
508 3891 716 3946 EPISTOLA
747 3897 789 3945 ed
820 3895 985 3948 loannem
1018 3899 1203 3961 Baptistam
1235 3894 1411 3960 paganum

380 3981 554 4040 praesidem
585 3985 764 4036 comitatus
802 3987 964 4048 generalis
991 3986 1218 4048 permanentis
1255 3983 1409 4048 praepositi

380 4068 468 4127 operi
488 4075 718 4122 conventuum
740 4074 889 4123 virorum
913 4073 1153 4126 catholicorum
1179 4075 1214 4126 ln
1241 4074 1348 4124 ltalia.
1368 4069 1411 4120 lie

379 4153 532 4205 instituto
554 4162 783 4211 conventuum
805 4163 1043 4213 catholicorum
1067 4163 1230 4212 initalia.
1251 4185 1285 4198 -
1305 4159 1326 4211 9
1346 4169 1408 4218 sep-

379 4242 634 4294 tembris1891...
1376 4235 1459 4295 ...262

486 4347 617 4404 Pontifex
632 4351 743 4408 laetatur
755 4355 793 4410 de
811 4357 939 4426 proxime
956 4357 1090 4414 babendo
1102 4357 1243 4414 Visentiae
1262 4355 1403 4416 catholicu-

450 4442 510 4480 rum
525 4439 664 4485 conventu
680 4435 820 4490 262-112
834 4437 916 4492 ltalia
926 4438 1084 4508 praesertim
1096 4438 1168 4493 tales
1181 4447 1339 4494 conventus
1352 4449 1402 4505 ptr·
