3310 4868
470 409 520 457 DE
539 407 751 458 LIBERTATE
771 406 949 458 HUMANA·
1196 411 1263 479 113

154 586 219 650 sibi
233 587 478 652 demandatum
492 609 513 652 a
525 589 601 653 Deo
613 598 729 652 sancte
744 587 897 672 expleret
911 589 1117 672 :eademque
1125 590 1266 656 circum·
1319 647 1339 698 J
1344 599 1416 688 ,5211

157 690 238 754 lusis
254 692 405 775 undique
420 691 672 757 difficultatibus
693 692 819 768 sortior,
835 712 895 775 pro
911 692 1068 758 libertate
1082 696 1266 778 magisterii
1332 697 1399 745 1888·

157 797 209 858 sui
225 815 438 879 propugnare
454 796 546 861 nullo
561 807 714 880 tempore
729 797 868 862 destitit.
887 797 963 861 Hac
980 797 1035 862 via
1050 798 1141 863 orbis
1165 809 1267 865 terra-

158 920 243 977 rum,
253 899 439 964 miserrima
448 901 684 984 superstitione
693 901 843 985 depulsa,
854 901 897 966 ad
909 901 1126 967 christianam
1136 905 1268 986 sapien·

156 1003 243 1090 fiam
259 1015 438 1069 renovatus
454 1014 514 1070 est.
529 1043 573 1054 —
588 1004 760 1088 Quoniam
776 1025 856 1068 vero
883 1007 969 1070 ratio
995 1006 1070 1090 ipsa
1094 1010 1270 1090 perspicue
1297 1010 1377 1068 Quum
1385 1008 1449 1054 verr-

162 1107 271 1186 docet,
284 1109 443 1173 veritates
458 1109 619 1174 divinitus
634 1111 775 1174 traditas
790 1119 824 1174 et
833 1111 992 1174 veritates
1005 1112 1174 1176 naturales
1184 1114 1270 1180 inter
1297 1074 1448 1174 tiniarum*

163 1230 201 1272 se
216 1213 389 1294 oppositas
404 1233 476 1276 esse
491 1233 606 1276 revera
621 1233 688 1276 non
705 1232 813 1295 posse,
828 1213 876 1277 ita
888 1221 926 1278 ut
940 1212 1178 1296 quodcumque
1193 1235 1271 1281 cum
1296 1193 1451 1305 {miazi

163 1314 229 1378 illis
254 1315 442 1394 dissentiat,
466 1316 529 1381 hoc
556 1318 630 1400 ipso
655 1317 776 1382 falsum
800 1337 875 1380 esse
902 1337 1038 1382 necesse
1068 1319 1121 1398 sit,
1147 1321 1272 1385 idcirco
1299 1305 1359 1360 ΜΗ·

164 1419 315 1484 divinum
344 1419 529 1484 Ecclesiae.
546 1420 776 1505 magisterium
807 1430 939 1488 tantum
971 1422 1067 1487 abest
1093 1432 1131 1488 ut
1161 1426 1274 1489 studia

163 1525 315 1589 discendi
331 1535 432 1608 atque
448 1526 653 1590 incrementa
676 1526 890 1590 scientiarum
915 1528 1116 1610 intercipiat,
1131 1539 1191 1594 aut
1205 1531 1274 1594 cul·
1322 1568 1431 1627 mm.

165 1627 260 1692 tioris
284 1626 505 1692 humanitatis
530 1631 798 1713 progressionem
829 1629 899 1695 ullo
927 1631 1030 1695 modo
1054 1633 1210 1710 retardet,
1237 1641 1275 1697 ut
1301 1627 1454 1698 rrumscfre-

166 1733 278 1815 potins
315 1732 496 1815 plurimum
536 1733 655 1798 aflerat
692 1733 829 1798 luminis
865 1754 1086 1819 securamque
1123 1737 1274 1802 tutelam.
1301 1699 1454 1792 ”iiiiii-

132 1835 135 1840 ’
167 1836 366 1920 Eademque
391 1857 510 1901 caussa
534 1857 601 1901 non
626 1857 745 1919 parum
772 1836 905 1919 prolicit
920 1839 963 1902 ad
984 1839 1093 1921 ipsam
1111 1839 1275 1906 libertatis
1319 1809 1436 1912 iiiiii?

166 1941 336 2004 humanae
350 1941 677 2024 perfectionem,cum
691 1941 779 2006 IESU
793 1941 952 2006 CHRISTI
965 1941 1152 2008 Servatoris
1163 1944 1207 2009 sit
1220 1944 1276 2008 illa
1303 1939 1319 1972 r
1319 1939 1367 1976 ’Μ’

167 2045 345 2123 sententia,
359 2043 429 2108 fieri
445 2043 617 2110 hominem
632 2044 774 2109 veritate
798 2045 950 2112 liberum.
977 2045 1178 2130 Cognoscitis
1192 2049 1277 2112 veri-

169 2157 278 2226 tatem,
292 2156 327 2212 et
338 2147 463 2211 veritas
479 2146 632 2212 liberabit
645 2167 702 2234 vop
716 2147 730 2231 (
746 2147 769 2231 ).
787 2185 830 2196 -
854 2147 968 2232 Quare
984 2169 1051 2214 non
1079 2160 1131 2214 est
1151 2169 1279 2228 caussa,

169 2271 229 2316 cur
242 2272 404 2335 germana
419 2251 554 2315 libertas
571 2251 773 2336 indignetur,
792 2262 851 2316 aut
875 2253 944 2316 veri
970 2253 1116 2318 nominis
1138 2252 1279 2316 scientia

168 2356 310 2422 moleste
340 2357 424 2422 ierat
454 2356 545 2440 leges
576 2357 681 2422 iustas
711 2376 750 2420 ac
780 2356 923 2434 debitas,
949 2355 1073 2440 quibus
1102 2356 1278 2420 hominum

167 2461 356 2528 doctrinam
382 2461 545 2528 contineri
571 2460 724 2526 Ecclesia
751 2460 850 2525 simul
867 2470 901 2526 et
925 2461 1012 2525 ratio
1029 2461 1279 2526 consentientes

167 2565 348 2651 postulant
362 2565 452 2649 Quin
470 2566 539 2631 imo
556 2566 716 2644 Ecclesia,
730 2568 823 2649 quod
839 2585 874 2629 re
889 2567 963 2648 ipsa
974 2567 1100 2649 passim
1116 2573 1278 2630 testatum
1305 2600 1346 2632 nec
1360 2599 1457 2656 gema-

168 2681 230 2749 est,
245 2671 309 2736 hoc
325 2691 430 2754 agens
445 2671 623 2755 praecipue
648 2679 683 2734 et
707 2671 857 2736 maxime
882 2681 920 2736 ut
945 2670 1045 2735 fidem
1062 2670 1279 2736 christianam
1305 2659 1342 2750 ἕξ
1359 2645 1458 2751 Ιζὸρζζῗξ

169 2775 536 2854 tueatur,humanarum
553 2795 687 2859 quoque
696 2775 925 2841 doctrinarum
939 2773 1040 2840 omne
1052 2795 1159 2859 genus
1168 2774 1280 2840 fovere
1452 2763 1457 2774 ’

168 2891 205 2945 et
236 2881 269 2944 in
301 2879 408 2944 maius
438 2879 620 2962 provehere
646 2880 769 2944 studet.
794 2880 890 2944 Bona
916 2880 1006 2945 enim
1034 2900 1094 2962 per
1120 2901 1157 2944 se
1178 2889 1281 2945 estet
1304 2896 1388 2988 ‘⁶3³2
1416 2883 1456 2952 ‚ab

170 2983 350 3048 laudabilis¹
365 2992 467 3066 atque
490 2983 683 3066 expetenda
699 2984 867 3066 elegantia
882 2984 1076 3050 doctrInae:
1093 2991 1280 3066 praeterea·
1306 2957 1376 3049 tarcis
1387 2956 1436 2988 ’Μ

170 3107 239 3171 que
264 3087 374 3152 omnis
400 3087 554 3164 eruditio,
569 3106 671 3170 quam
698 3107 782 3151 sana
808 3088 895 3152 ratio
927 3086 1104 3171 pepererit,
1128 3104 1281 3169 quaeque

171 3213 283 3257 rerum
299 3192 431 3256 veritati
448 3193 659 3275 respondeat,
675 3213 743 3256 non
757 3193 970 3256 mediocriter
985 3192 1029 3256 ad
1045 3213 1085 3256 ea
1101 3192 1175 3274 ipsa
1191 3190 1282 3254 illus-

171 3296 295 3360 tranda
310 3295 408 3369 valet,
422 3315 509 3378 quae
520 3295 595 3359 Deo
609 3305 746 3359 auctore
761 3296 936 3360 credimus.
954 3295 1086 3359 Revera
1111 3295 1283 3359 Ecclesiae

171 3399 258 3463 haec
274 3398 436 3463 beneficia
451 3399 616 3464 debentur
632 3421 713 3464 sane
727 3419 860 3482 magna,
870 3399 961 3483 quod
977 3399 1148 3481 praeclare
1164 3419 1282 3464 monu-

172 3513 288 3568 menta
319 3503 503 3586 sapientiae
533 3504 654 3568 veteris
684 3503 915 3567 conservarit:
952 3503 1043 3585 quod
1068 3503 1283 3567 scientiarum

172 3599 344 3673 doinicilia
359 3608 484 3689 passim
501 3609 667 3690 aperuerit
681 3628 689 3686 ;
713 3608 803 3690 quod
820 3606 1030 3688 ingeniorum
1046 3626 1181 3670 cursum
1197 3626 1283 3670 sem·

174 3731 235 3795 per
251 3711 448 3791 incitaverit,
461 3711 706 3776 studiosissime
721 3711 782 3775 has
797 3710 889 3794 ipsas
911 3720 999 3774 artes
1015 3710 1147 3788 alendo,
1162 3710 1283 3794 quibus

174 3814 326 3878 maxime
353 3814 525 3880 urbanitas
549 3806 670 3880 aetatis
697 3824 830 3880 nostrae
855 3813 1031 3880 coloratur.
1056 3852 1101 3864 -
1127 3814 1284 3897 Denique
1311 3817 1415 3886 campus

175 3919 457 3999 praetereundum
474 3939 541 3983 non
559 3928 618 3998 est,
634 3920 836 3984 immensum
854 3926 969 4000 patere
985 3935 1154 4000 campum,
1170 3916 1285 3999 inquo
1310 3887 1462 4004 zri'enri'smijis·

173 4019 353 4084 hominum
380 4041 555 4086 excurrere
591 4022 765 4101 industria,
791 4041 932 4104 seseque
962 4040 1119 4084 exercere
1150 4019 1287 4102 ingenia
1311 3997 1464 4113 κῖῗξζὲαἰῇζ.

174 4123 279 4188 libere
296 4135 439 4208 queant:
452 4147 503 4190 res
518 4127 646 4192 scilicet
661 4146 747 4210 quae
771 4145 848 4190 curn
873 4125 1027 4190 doctrina
1044 4122 1122 4188 fidei
1139 4143 1286 4188 morum·
1312 4119 1370 4161 ²⁸⁸³·

174 4247 242 4310 que
266 4228 523 4296 christianorum
551 4251 618 4295 non
644 4230 771 4297 habent
796 4233 1017 4294 necessariam
1040 4229 1287 4310 cognationem,

208 4465 231 4501 1.
245 4452 326 4508 loen..
336 4464 393 4508 rur,
406 4469 443 4515 32.

239 4556 317 4602 Acrn
334 4555 432 4604 Lsours
449 4559 518 4604 XIII.
