3310 4868
279 999 299 1020 ³¹
316 998 362 1019 a’c‘

153 1105 449 1182 stffifflnuon
466 1107 625 1188 singulari
639 1107 703 1170 Dei
714 1125 873 1170 concessu
890 1115 923 1169 et
940 1125 1077 1168 munere
1092 1107 1177 1168 adeo
1192 1127 1267 1188 pro·
1354 1131 1383 1178 17

155 1169 313 1420 *U
364 1212 451 1275 vecti
462 1210 691 1275 suntNostrae
704 1210 825 1274 aetatis
835 1210 966 1286 anni‚ut
978 1210 1268 1291 potueritaNobis
1322 1179 1417 1285 'ff
1524 1251 1525 1260 κ

154 1220 288 1480 ΞἸῼ
365 1315 662 1406 quinquagesimus
689 1313 867 1378 sacerdotii
894 1313 1015 1376 natalis
1039 1313 1178 1377 feliciter
1204 1316 1269 1395 agi,

365 1420 398 1482 id
410 1418 560 1501 prolecto
577 1418 649 1481 Nos
666 1426 813 1481 nontam
832 1415 966 1493 Nostra,
978 1436 1080 1498 quam
1098 1417 1270 1482 Ecclesiae
1294 1397 1444 1518 „gis-Q}

155 1534 259 1606 atque
285 1524 384 1587 huius
407 1522 628 1605 Apostolicae
654 1520 752 1586 Sedis
775 1541 893 1584 caussa
920 1521 1073 1585 delectat.
1100 1523 1268 1587 Faustitas
1295 1518 1445 1622 wlff]

156 1628 248 1690 enim
279 1629 349 1690 eius
381 1633 520 1688 eventus
552 1625 660 1706 plene,
689 1622 927 1705 cumulateque
951 1621 1136 1702 confirmat,
1166 1645 1268 1708 quam
1295 1591 1447 1706 resarcimus

158 1729 246 1792 miro
273 1729 409 1810 pietatis
437 1726 557 1790 ardore
581 1734 776 1808 quantaque
807 1726 1019 1790 voluntatum
1050 1727 1270 1790 consensione
1296 1697 1360 1748 Μ’

157 1830 290 1895 soleant
306 1830 461 1895 catholici
472 1828 626 1892 homines
643 1829 730 1893 IESU
745 1828 905 1893 CHRISTI
922 1829 1096 1894 Vicarium
1113 1830 1221 1894 colere
1237 1839 1271 1894 et

156 1934 346 2012 observare,
362 1943 466 2017 utque
476 1932 691 1997 difficultates
701 1953 809 1996 rerum
822 1944 855 1998 et
866 1942 1055 2016 temporum
1073 1927 1272 2017 dirum'pere,

157 2047 219 2100 aut
234 2038 428 2120 perturbare
454 2044 624 2118 nequeant
646 2035 831 2099 officiorum
849 2047 881 2100 et
905 2038 1091 2100 studiorum
1107 2038 1271 2102 vicissitu-

156 2142 284 2218 dinem,
299 2161 386 2225 quae
402 2140 536 2223 populis
552 2139 742 2203 christianis
768 2159 843 2203 cum
862 2140 1021 2204 Romano
1044 2141 1206 2205 Pontifice
1222 2143 1271 2205 in-

155 2247 309 2311 tercedit,
340 2245 515 2328 Siquidem
546 2265 591 2308 ex
615 2245 771 2307 omnibus
801 2243 892 2307 orbis
918 2254 1079 2309 terrarum
1112 2247 1271 2328 partibus,

155 2369 372 2432 quacumque
399 2349 568 2412 invectum
601 2357 653 2411 est
676 2347 880 2412 catholicum
898 2365 1030 2426 nomen,
1056 2357 1108 2412 tot
1134 2369 1173 2412 ac
1200 2360 1271 2413 tam

157 2454 351 2538 praeclarae
381 2457 504 2518 amoris
530 2464 564 2518 et
593 2455 746 2538 obsequii
778 2452 1042 2534 significationes
1069 2462 1148 2516 sunt
1174 2451 1271 2518 nobis

156 2559 345 2636 exhibitae,
372 2572 407 2624 ut
425 2561 553 2623 institui
585 2560 840 2643 quodammodo
869 2559 941 2622 visa
957 2559 1000 2620 sit
1027 2559 1113 2620 inter
1128 2559 1272 2641 populos

155 2663 344 2728 voluntatis
367 2683 447 2746 erga
474 2663 547 2727 Nos
574 2673 607 2727 et
634 2662 843 2727 liberalitatis
866 2663 1009 2726 honesta
1040 2663 1186 2726 certatio
1220 2663 1273 2726 De

155 2765 261 2830 rebus
271 2786 381 2829 sermo
396 2776 457 2845 est,
472 2786 555 2850 quas
572 2768 708 2850 quidem
726 2775 849 2830 norunt
864 2786 982 2830 omnes
998 2776 1031 2829 et
1047 2786 1130 2848 quas
1147 2767 1272 2830 auctori

155 2868 327 2932 bonorum
352 2869 503 2932 omnium
532 2869 608 2932 Deo
636 2868 708 2933 Nos
736 2869 908 2933 referimus
934 2879 1098 2951 acceptas.
1115 2867 1273 2933 Ceterum

155 2973 290 3037 nullum
308 2984 359 3037 est
372 2974 508 3056 pietatis
524 2975 765 3053 testimonium,
781 2973 912 3038 nullum
928 2974 1027 3038 officii
1051 2993 1166 3056 genus,
1182 2973 1273 3056 quod

155 3079 332 3143 christiani
348 3079 512 3158 homines,
527 3100 567 3143 ea
582 3080 646 3144 sibi
662 3081 778 3145 oblata
798 3082 986 3158 occasione,
1008 3081 1115 3144 Nobis
1131 3100 1198 3144 non
1215 3081 1271 3143 de·

158 3183 320 3247 tulerunt.
334 3183 465 3247 Revera
482 3185 650 3248 neminem
667 3184 760 3263 latet,
775 3194 812 3248 ut
830 3185 943 3249 multis
960 3185 993 3246 in
1006 3185 1088 3248 locis
1104 3185 1208 3248 festus
1218 3185 1273 3249 ille

157 3287 297 3352 habitus
312 3298 415 3371 atque
430 3297 549 3353 auctus
564 3289 607 3352 sit
623 3289 705 3366 dies,
726 3309 794 3372 quo
817 3290 1138 3372 quinquagenariam
1157 3289 1274 3354 Sacer-

155 3391 245 3456 dotii
263 3391 378 3456 Nostri
394 3391 591 3456 memoriam
616 3391 866 3468 celebravimus,
882 3404 919 3457 ut
946 3395 988 3456 de
1013 3393 1082 3456 vita
1098 3402 1132 3456 et
1148 3393 1273 3457 incolu-

157 3497 281 3560 mitate
311 3495 445 3572 Nostra,
472 3505 647 3578 tamquam
673 3496 715 3560 de
739 3496 876 3578 publico
902 3497 1002 3574 bono,
1025 3497 1180 3560 decretae
1207 3497 1274 3560 sint

157 3599 345 3684 gratiarum
374 3599 523 3662 actiones
551 3609 584 3662 et
614 3597 857 3681 gratulationes
871 3621 879 3678 ;
905 3609 943 3663 ut
972 3601 1015 3663 ad
1031 3619 1273 3664 commemora·
1298 3661 1367 3715 om
1384 3655 1449 3701 can·-

157 3705 289 3768 tionem
317 3704 480 3786 auspicati
510 3705 578 3766 diei
609 3723 675 3766 non
707 3724 815 3784 pauca
845 3704 912 3767 sint
942 3704 1144 3768 christianae
1174 3705 1273 3788 plena
1298 3715 1449 3784 tatejsbacqc·

157 3809 312 3872 caritatis
339 3826 442 3890 opera
465 3807 640 3870 instituta:
664 3809 821 3872 videlicet
847 3818 1043 3891 comparata
1070 3809 1273 3872 calamitosis
1297 3787 1393 3886 Ῐῗῑῗῗῖ,
1410 3787 1449 3820 ’”“

158 3913 368 3988 adiumenta,
386 3921 503 3994 aperta
520 3910 671 3993 perfugia
687 3911 817 3994 puelliS,
832 3913 926 3994 pueri
942 3913 1066 3994 recepti
1084 3913 1116 3976 in
1133 3911 1276 3990 scholas,
1319 3947 1323 3967 r

159 4017 341 4094 redempta
363 4033 383 4077 a
407 4015 567 4078 servitute
585 4015 762 4098 mancipia.
779 4015 892 4079 Testis
917 4036 995 4079 vero
1011 4025 1062 4079 est
1077 4015 1166 4078 alma
1183 4015 1275 4081 Urbs

158 4120 300 4196 Nostra,
315 4138 416 4201 quarn
442 4119 561 4201 ingens
577 4121 627 4181 vis
642 4121 893 4203 peregrinorum
917 4121 1128 4183 continenter
1142 4140 1275 4184 menses

156 4225 228 4289 huc
253 4221 464 4299 confluxerit,
476 4223 533 4304 qui
549 4223 712 4287 haberent
724 4225 766 4288 ad
778 4225 851 4287 Nos
864 4224 993 4287 aditum
1006 4233 1040 4287 et
1055 4224 1182 4288 eximia
1196 4245 1276 4308 erga

160 4349 225 4394 nos
237 4327 341 4390 animi
353 4346 449 4388 sensa
459 4346 570 4389 coram
577 4325 954 4407 profitereturvidimus
964 4328 1209 4411 saneplurimos
1219 4349 1276 4411 ge-

161 4451 420 4509 nere,sermone,
427 4429 575 4494 moribus
589 4431 676 4495 inter
685 4451 721 4495 se
732 4430 911 4496 dissimiles
926 4453 992 4496 non
1003 4433 1111 4496 solum
1123 4432 1275 4498 abEuro·
