3310 4868
460 357 527 424 116
758 369 969 420 eucrcmca
990 356 1011 386 ‘⁸
1032 369 1215 422 maeatas
1235 405 1255 434 ,‚

452 579 513 623 nec
539 567 652 641 potest
676 577 738 622 nec
763 556 865 620 debet
890 556 922 620 id
948 554 1089 637 probare
1113 568 1172 620 aut
1199 555 1284 619 velle
1305 575 1366 638 per
1388 575 1448 619 se:
1468 552 1529 637 quia

451 661 577 726 malum
594 681 653 744 per
668 681 703 724 se
729 680 805 724 cum
833 659 876 724 sit
893 657 971 723 boni
996 658 1149 740 privatio,
1165 667 1330 742 repugnat
1362 658 1530 722 bonocon-
1600 712 1601 735 ,

452 765 554 842 muni,
569 765 659 846 quod
687 763 867 846 legislator,
883 763 994 845 quoad
1021 763 1150 844 optime
1166 771 1287 844 potest,
1303 760 1389 826 velle
1411 781 1447 824 ac
1465 757 1531 822 tucri
1600 752 1601 819 l

450 868 558 932 debet.
576 867 621 932 Et
637 867 700 930 hac
716 885 850 950 quoque
862 865 894 930 in
913 867 1005 929 read
1031 865 1233 930 imitandum
1246 865 1309 930 sibi
1334 865 1392 930 lex
1413 865 1533 928 humana

450 981 617 1056 proponat
633 972 746 1036 Deum
773 989 907 1035 necesse
932 980 993 1047 est,
1008 969 1066 1052 qui
1084 969 1117 1033 in
1143 990 1184 1034 eo
1210 971 1300 1052 quod
1327 971 1415 1035 mala
1428 987 1491 1032 esse
1509 966 1534 1028 in

450 1076 577 1140 mundo
593 1075 681 1154 sinit,
697 1095 796 1158 neque
806 1074 880 1138 vult
892 1073 982 1136 mala
988 1072 1083 1155 fieri,
1100 1094 1199 1156 neque
1214 1073 1287 1138 vult
1301 1074 1391 1138 mala
1406 1067 1534 1154 eonfiat,

446 1181 507 1244 sed
525 1179 599 1245 vult
617 1179 805 1262 permittere
831 1176 1019 1260 malafieri,
1045 1186 1078 1239 et
1100 1177 1158 1240 hoc
1180 1188 1230 1242 est
1253 1179 1371 1242 bonum
1386 1177 1436 1259 (1).
1460 1174 1534 1257 Quae
1601 1193 1602 1260 l

447 1283 593 1349 doctoris
618 1281 775 1364 Angelici
802 1281 970 1346 sententia
997 1280 1194 1346 brevissime
1209 1291 1317 1348 totam
1343 1282 1485 1346 continet
1503 1277 1534 1340 de

380 1386 420 1467 ‘¹³2
447 1388 610 1452 malorum
638 1386 816 1451 tolerantia
840 1385 1094 1450 doctrinam-
1110 1385 1179 1451 Sed
1202 1384 1431 1450 confitendum
1452 1391 1503 1458 est,
1514 1380 1535 1442 si

269 1505 420 1595 majus
445 1514 522 1558 vere
545 1493 682 1557 iudicari
709 1491 798 1570 velit,
828 1501 958 1574 quanto
979 1491 1055 1575 plus
1081 1492 1115 1556 in
1146 1492 1282 1557 civitate
1315 1492 1396 1556 mali
1425 1486 1535 1554 tolerari
1600 1578 1601 1583 γ

265 1607 329 1666 ruit.
445 1614 641 1680 pernecesse
664 1601 724 1670 est,
750 1603 846 1658 tanto
874 1594 983 1676 magis
1005 1595 1131 1658 distare
1154 1595 1189 1659 id
1216 1613 1321 1677 genus
1342 1593 1481 1658 civitatis
1503 1587 1536 1651 ab
1600 1640 1601 1643 ,

445 1701 595 1784 optimo:
615 1699 762 1781 itemque
773 1697 985 1762 tolerantiam
1000 1718 1110 1762 rerum
1124 1698 1297 1776 malarum,
1306 1718 1382 1762 cum
1394 1697 1535 1782 pertineat
1601 1693 1602 1744 l

444 1805 487 1868 ad
512 1801 668 1886 politicae
684 1809 862 1885 praecepta
878 1800 1086 1885 prudentiae,
1104 1801 1244 1865 omnino
1268 1800 1487 1866 circumscribi
1507 1797 1537 1859 iis

446 1907 568 1971 linibus
583 1913 747 1988 oportere,
763 1923 847 1989 quos
874 1925 1001 1982 caussa,
1017 1905 1050 1968 id
1076 1914 1127 1968 est
1142 1905 1233 1968 salus
1249 1904 1386 1988 publica
1401 1900 1536 1987 postulat
1601 1891 1602 1918 ¹

447 2009 560 2093 Quare
576 2009 604 2072 si
619 2007 719 2072 saluti
735 2007 889 2092 publicae
902 2009 1141 2072 detrimentum
1155 2005 1274 2074 afferat
1283 2018 1316 2073 et
1329 2007 1420 2073 mala
1432 2003 1539 2071 civitati

446 2114 574 2178 maiora
598 2113 715 2195 pariat,
736 2131 945 2195 consequens
979 2121 1031 2175 est
1061 2131 1135 2178 eam
1169 2113 1320 2178 adhiberi
1352 2133 1422 2178 non
1451 2112 1540 2184 licere,
1600 2094 1601 2111 ¹

444 2219 525 2303 quia
539 2218 573 2280 in
589 2217 642 2280 his
657 2237 766 2281 rerum
783 2217 950 2280 adiunctis
966 2216 1062 2281 abest
1079 2217 1165 2281 ratio
1181 2218 1270 2281 boni.
1281 2217 1317 2284 Si
1334 2237 1418 2282 vero
1432 2218 1474 2282 ob
1489 2214 1540 2276 sin·

444 2321 574 2405 gularia
585 2319 789 2402 reipublicae
804 2330 961 2402 tempora
978 2321 1164 2398 usuveniat,
1180 2330 1217 2384 ut
1230 2320 1402 2384 modernis
1425 2317 1540 2403 quibus·

445 2427 524 2490 dam
550 2423 760 2489 libertatibus
787 2424 939 2488 Ecclesia
962 2423 1164 2505 acquiescat,
1188 2443 1254 2488 non
1280 2425 1373 2506 quod
1392 2425 1477 2508 ipsas
1496 2435 1543 2503 per

446 2549 482 2592 se
498 2529 602 2606 malit,
618 2529 676 2592 sed
694 2530 773 2611 quia
787 2529 967 2612 permissas
984 2549 1056 2592 esse
1073 2527 1200 2592 iudicat
1224 2528 1397 2611 expedire,
1409 2527 1504 2592 versis
1516 2523 1542 2586 in

446 2631 585 2697 meliora
599 2634 817 2716 temporibus,
830 2633 1023 2698 adhibitura
1039 2653 1120 2697 sane
1143 2641 1232 2697 esset
1247 2631 1439 2699 libertatem
1454 2647 1543 2700 suam,

446 2744 481 2799 et
515 2737 700 2816 suadend0‚
729 2737 907 2816 hortando,
938 2739 1149 2802 obsecrando
1179 2737 1339 2816 studeret,
1372 2739 1422 2802 uti
1451 2737 1543 2805 debet

447 2857 569 2902 munus
581 2838 710 2905 efficere
723 2841 787 2905 sibi
803 2843 1013 2924 assignatum
1031 2863 1051 2905 a
1068 2841 1153 2920 Deo,
1168 2841 1324 2907 videlicet
1335 2842 1544 2926 sempiternae
1600 2832 1601 2881 l

446 2941 621 3008 hominum
638 2943 737 3009 saluti
753 2945 937 3010 consulere,
954 2944 1042 3010 Illud
1060 2955 1173 3010 tamen
1191 2955 1355 3030 perpetuo
1371 2966 1485 3011 verum
1497 2950 1545 3015 est,

446 3048 547 3113 istam
564 3051 715 3114 omnium
733 3052 824 3116 etad
851 3051 965 3116 omnia
989 3050 1178 3115 libertatem
1208 3071 1275 3115 non
1301 3071 1386 3131 esse,
1401 3045 1547 3135 quemad·
1579 3062 1587 3077 ·

448 3153 587 3218 modum
610 3154 733 3237 pluries
760 3155 922 3234 diximus,
940 3156 1168 3238 expetendam
1184 3175 1244 3238 per
1266 3175 1311 3234 se,
1333 3157 1417 3240 quia
1442 3155 1545 3219 falsum

448 3257 567 3320 eodem
595 3257 665 3323 iure
689 3279 761 3323 esse
786 3280 825 3324 ac
847 3279 973 3338 verum,
998 3259 1119 3324 rationi
1145 3267 1318 3342 repugnat
1335 3260 1384 3325 Et
1399 3259 1489 3345 quod
1514 3253 1549 3319 ad

447 3359 657 3426 tolerantiam
672 3363 825 3444 pertinet,
842 3364 962 3427 mirum
978 3372 1144 3445 quantum
1161 3364 1204 3426 ab
1219 3363 1392 3446 aequitate
1415 3361 1547 3446 pruden-

272 3475 353 3593 ἔξω
366 3473 423 3594 3ιῇ
447 3463 561 3547 tiaque
603 3465 774 3531 Ecclesiae
804 3466 941 3545 distant,
972 3467 1030 3548 qui
1066 3465 1324 3530 Liberalismum
1354 3465 1549 3549 profitentur.

280 3593 414 3640 Ecclesiam
450 3565 587 3632 Etenim
614 3572 840 3652 permittenda
864 3571 992 3634 civibus
1007 3571 1160 3633 omnium
1189 3589 1303 3634 earum
1330 3590 1454 3647 rerum,
1481 3583 1550 3650 quas

272 3658 425 3758 ’31εῆΐὲἑο
448 3672 608 3749 discimus,
624 3673 755 3738 infinita
771 3674 914 3752 licentia,
927 3674 1066 3739 omnino
1083 3677 1223 3739 modum
1248 3674 1453 3751 transiliunt,
1463 3684 1549 3754 atque

271 1251 313 1296 sed
327 1252 376 1298 dac
390 1257 422 1298 to·

273 3776 426 3878 herbefJnfssssl
450 3775 527 3841 illuc
550 3779 706 3857 evadunt,
721 3788 758 3842 ut
774 3779 879 3843 nihilo
896 3779 970 3863 plus
994 3779 1164 3843 honestati
1189 3780 1390 3863 veritatique
1406 3779 1551 3846 tribuere,

265 3890 384 3950 fautores.
450 3902 551 3966 quam
588 3881 725 3946 falsitati
748 3903 787 3947 ac
813 3883 1011 3966 turpitudini
1042 3882 1226 3949 videantur.
1255 3882 1446 3946 Ecclesiam
1477 3897 1552 3950 uero,

449 3987 641 4052 columnam
665 3997 700 4050 et
724 3985 972 4052 firmamentum
988 3987 1147 4064 veritatis,
1163 3987 1387 4069 eamdemque
1415 3987 1551 4049 incorru-

449 4098 543 4170 ptam
575 4108 706 4153 morum
738 4091 942 4172 magistram,
973 4091 1051 4174 quia
1081 4099 1152 4154 tam
1183 4090 1385 4154 dissolutum
1418 4088 1550 4172 flagitio·

448 4213 589 4277 sumque
612 4194 802 4260 tolerantiae
823 4216 929 4278 genus
956 4205 1158 4274 constanter,
1184 4205 1221 4259 ut
1246 4195 1355 4271 debet,
1394 4193 1549 4278 repudiat,

480 4417 499 4450 1.
517 4404 542 4451 S.
551 4405 597 4452 Th.
611 4419 634 4464 p.
649 4417 665 4459 ι,
678 4421 718 4466 qu
732 4417 788 4459 xlx.
802 4422 824 4453 a.
841 4409 907 4467 qud.
918 4423 939 4468 3.
