3140 4866
394 417 463 484 191
745 413 865 464 111111
892 413 1141 466 1111111111.

462 644 583 699 tuendos
599 643 656 710 164
665 641 798 713 —Cujus
810 641 925 712 generis
934 641 1100 698 sodalitates
1112 643 1169 698 late
1181 641 1332 713 propagari
1342 641 1411 712 eupit
1425 565 1458 613 P*

464 739 472 780 1
514 767 521 780 .

423 727 826 878 416110111-11110171110
838 822 879 874 de
889 823 1053 872 vaticana
1061 823 1195 884 specula
1205 822 1413 872 astronomica

388 912 591 966 restituenda
604 908 1000 974 scammoneae-ta
1014 911 1126 961 martti
1140 909 1215 960 1891
1387 902 1460 970 1..65

493 1017 663 1086 Ecclesiam,
677 1015 782 1072 Christi
797 1017 949 1087 Sponsam,
962 1015 1144 1072 scientiarum
1151 1016 1280 1070 altricem
1295 1017 1413 1070 Pontifex

456 1097 603 1170 profitetur
615 1105 701 1167 atque
717 1095 903 1164 demonstrat,
917 1097 946 1152 in
959 1097 1043 1152 rebus
1055 1095 1233 1164 theologicis,
1246 1094 1412 1168 pbilosophi-

456 1178 506 1246 cis‚
519 1175 709 1240 aeconomicis
720 1175 846 1244 physicis
862 1176 920 1246 165.
931 1205 964 1216 -
977 1173 1093 1229 Eminet
1103 1173 1175 1228 inter
1184 1175 1321 1230 scientias
1333 1185 1414 1228 astro·

456 1257 554 1312 nomia
575 1255 631 1325 165.
645 1284 680 1295 -
700 1253 831 1308 Ecclesia
844 1255 966 1324 liturgiae
983 1253 1113 1320 sollicita,
1130 1251 1246 1321 Juliano
1258 1254 1413 1312 emendato,

455 1337 649 1394 calendarium
663 1333 872 1402 Gregorianum
893 1333 1010 1400 induxit,
1023 1333 1198 1388 elaboratum
1212 1333 1241 1388 in
1259 1335 1328 1388 turri
1344 1333 1414 1386 Vati·

455 1433 591 1472 cattarum
608 1413 711 1468 tedium
729 1412 823 1467 adhuc
836 1425 966 1470 exstante
986 1413 1043 1468 1611
1055 1441 1092 1452 -
1102 1411 1174 1482 Quae
1187 1413 1271 1468 turris
1291 1414 1352 1468 usui
1366 1410 1414 1482 pn'·

457 1495 531 1548 stino
541 1511 592 1565 per
607 1495 686 1548 Pium
698 1493 738 1545 Vl
753 1492 883 1548 restituta
896 1493 957 1565 fuit,
965 1493 1122 1563 studiisque
1135 1489 1260 1562 Philippi
1270 1493 1337 1548 Gilii
1348 1493 1415 1546 illus·

456 1585 528 1628 trata
545 1573 602 1627 166.
614 1603 648 1612 -
662 1570 731 1625 lnde
745 1571 808 1626 aliae
832 1583 923 1628 turres
946 1573 974 1628 itt
989 1572 1070 1628 Urbe
1091 1579 1233 1639 eatntcrae,
1255 1570 1414 1643 posthabita

456 1652 603 1717 Vaticana,
625 1659 723 1720 utpote
745 1651 840 1706 minus
863 1653 919 1708 late
940 1665 1153 1724 quoquoversus
1172 1661 1290 1721 patente
1311 1653 1368 1716 167.
1385 1679 1414 1688 -

455 1731 531 1785 Huic
549 1730 686 1784 destinari
714 1728 904 1787 instrumenta
925 1731 1119 1786 astronomica
1139 1732 1292 1787 occasione
1314 1729 1413 1802 jubilei

453 1809 638 1864 sacerdotalis
668 1823 788 1881 accepta
814 1813 927 1882 placuit,
959 1827 993 1866 ac
1018 1811 1101 1882 proin
1123 1811 1222 1867 turrito
1249 1812 1412 1868 Vaticanum

453 1888 649 1942 instrumentis
672 1891 807 1960 congruis
834 1889 939 1960 ornari,
957 1891 1093 1960 adjuncta
1116 1891 1184 1946 turri
1207 1889 1415 1962 propugnaculi

452 1969 595 2024 Leom'ani
609 1970 666 2035 167.
688 1999 723 2010 -
746 1970 876 2026 Pontifex
898 1971 928 2024 P.
957 1970 1143 2026 Franciscum
1168 1972 1267 2026 Denta
1291 1969 1413 2040 Collegio

452 2047 643 2104 astronomico
657 2049 774 2120 praeticit
792 2049 848 2104 168.
862 2078 897 2089 -
912 2049 1002 2118 Leges
1015 2049 1097 2118 latas,
1110 2061 1195 2121 atque
1213 2051 1366 2105 concilium
1378 2049 1413 2101 in·

451 2127 581 2182 stitutum
594 2127 675 2184 hisce
687 2129 788 2185 litteris
801 2127 950 2183 confirmat
967 2129 1024 2184 168.
1039 2159 1071 2170 -
1086 2131 1200 2184 Partem
1212 2127 1412 2184 munificentia·

450 2225 512 2263 rum
523 2209 629 2277 jubilaei
641 2209 826 2264 sacerdotalis
838 2207 966 2264 attribuit
979 2207 1046 2264 huic
1058 2209 1145 2281 operi,
1155 2210 1233 2281 quod
1243 2209 1292 2265 diu
1304 2209 1335 2264 in
1345 2207 1412 2262 votis

454 2289 588 2344 habebat.

417 2391 470 2444 45.
492 2389 699 2442 EPISTOLA
714 2391 756 2440 ad
770 2389 982 2441 cardinalem
1006 2389 1163 2450 menard,
1188 2389 1412 2452 acchiepisco-

382 2491 463 2542 pum
478 2479 696 2528 parisiensem
709 2478 750 2528 de
768 2479 871 2528 altero
889 2476 1063 2528 doctorum
1082 2477 1232 2528 1110111111
1251 2481 1411 2529 conventu

383 2567 519 2617 Parisiis
537 2565 698 2616 habendo.
718 2591 754 2600 -
773 2565 937 2616 1611111111
952 2564 1060 2616 1891...

487 2675 575 2728 Grate
585 2673 714 2728 Pontifex
723 2673 854 2728 nuntium
864 2671 991 2744 proxime
999 2673 1123 2729 habendi
1134 2674 1250 2728 alterius
1259 2691 1412 2730 conventus

451 2753 561 2820 accepit
585 2766 641 2818 170.
667 2781 701 2790 -
716 2752 962 2823 Peropportunum
985 2764 1015 2808 ut
1034 2753 1129 2824 impiae
1151 2753 1281 2809 scientiae
1298 2765 1411 2810 conatus

452 2829 552 2884 soiidae
571 2831 696 2885 veritatis
714 2831 852 2887 instructu
866 2833 1039 2903 repellantur
1054 2847 1112 2900 170.
1121 2864 1157 2875 -
1168 2835 1337 2893 Benedictio
1349 2853 1410 2908 apo·

452 2909 554 2964 stolica
567 2909 749 2965 conventuris
762 2910 921 2981 impertitur
936 2925 993 2978 171.

414 3022 468 3074 ⁴6.
491 3023 701 3074 EPISTOLA
717 3024 760 3074 ad
778 3023 939 3075 Comitem
963 3025 1003 3074 de
1025 3027 1226 3088 Ballestrem,
1254 3031 1409 3081 Batonem

380 3109 572 3159 Heermann
585 3115 617 3160 et
629 3110 789 3160 Comitem
800 3110 841 3160 de
855 3112 1014 3175 Preystng
1027 3113 1066 3162 de
1079 3113 1237 3166 laudibus
1256 3115 1411 3168 Ludotict

379 3196 912 3249 wtndtnorst.-temartttluat
1452 3231 1463 3244 ·

485 3289 590 3343 Probat
604 3287 732 3342 Pontifex
753 3289 919 3344 unanimem
936 3290 1141 3346 catholicorum
1161 3294 1268 3348 luctum
1281 3296 1319 3350 de
1336 3297 1410 3351 obitu

448 3366 615 3438 perillustris
628 3383 661 3422 ac
681 3367 854 3422 meritissimi
876 3367 929 3422 viri
955 3369 1090 3425 Ludovici
1107 3371 1361 3441 Windthorst172
1380 3401 1409 3412 -·

450 3447 562 3501 Laudes
575 3445 699 3500 defuncti
712 3447 774 3503 fuse
793 3463 827 3500 ac
841 3446 947 3502 diserte
967 3449 1091 3503 celebrat
1107 3463 1164 3516 172.
1178 3453 1320 3520 -Quem
1338 3469 1410 3506 mors

448 3524 607 3594 insignibus
628 3525 680 3594 ipsi
694 3525 843 3580 destinatis
856 3526 968 3597 eripuit,
982 3539 1078 3597 sperat
1100 3529 1231 3586 Pontifex
1248 3532 1276 3585 in
1298 3531 1407 3586 sedibus

448 3603 578 3674 supernis
587 3603 718 3674 ampliori
729 3605 847 3675 praemio
857 3615 989 3661 ornatum
1003 3619 1125 3678 172-173.
1134 3609 1279 3679 -Sperat
1290 3609 1408 3666 illustres

447 3683 532 3752 viros,
545 3682 670 3738 defuncti
684 3683 766 3738 ducis
779 3701 930 3752 memores,
950 3687 1084 3740 concordi
1105 3685 1201 3742 animo
1223 3689 1312 3760 ipsius
1332 3687 1407 3760 operi

449 3779 507 3817 non
521 3762 674 3816 defuturos.

411 3863 466 3914 47.
489 3863 751 3912 EPISTOLAed
774 3861 984 3912 cardinalem
1005 3863 1161 3923 menard,
1184 3865 1409 3928 Arenteptseo-

376 3963 459 4012 pum
474 3953 691 4000 Partstensem
705 3951 744 3999 de
764 3951 905 4000 Basilica
925 3952 975 4000 SS.
1001 3951 1122 4012 Cordts,
1145 3953 1251 4014 deque
1272 3955 1408 4006 Concor-

375 4037 703 4090 (1111-5111111891
1375 4045 1460 4096 ...171

481 4131 605 4186 Laetatur
616 4129 745 4184 Pontifex
757 4131 794 4183 de
805 4129 932 4199 proxima
946 4129 1127 4185 dedicatione
1138 4132 1263 4187 basilicae
1275 4135 1325 4188 SS.
1340 4135 1407 4188 Cor·

444 4211 473 4266 di
487 4211 515 4264 in
537 4219 633 4263 monte
656 4209 816 4278 Martyrum
838 4219 974 4264 extructae
991 4223 1048 4277 174.
1061 4241 1097 4250 -
1114 4211 1305 4282 Multiplicem
1325 4211 1406 4267 ratio·

444 4305 511 4345 nem
524 4289 594 4343 tanti
607 4288 704 4356 gaudii
717 4288 808 4356 aperit
824 4301 881 4352 174.
895 4317 930 4328 --
944 4287 1065 4343 Utinam
1082 4289 1214 4345 catholici
1228 4291 1313 4359 Galli,
1326 4291 1404 4346 sicuti

444 4369 481 4422 ad
505 4366 705 4420 redificandum
728 4366 785 4420 hoc
811 4367 955 4436 templum,
984 4368 1023 4423 ita
1044 4371 1082 4424 ad
1105 4369 1272 4438 religionem
1294 4371 1404 4442 publice

442 4445 576 4499 tuendam
590 4445 746 4498 concordes
764 4444 886 4498 existant
911 4459 1039 4516 174·175.
1053 4477 1087 4489 -
1104 4449 1301 4518 indulgentias
1321 4467 1401 4505 occa·
