<?xml version="1.0" encoding="UTF-8"?>
<!DOCTYPE html PUBLIC "-//W3C//DTD XHTML 1.0 Transitional//EN"
    "http://www.w3.org/TR/xhtml1/DTD/xhtml1-transitional.dtd">
<html xmlns="http://www.w3.org/1999/xhtml" xml:lang="en" lang="en">
 <head>
  <title>
</title>
<meta http-equiv="Content-Type" content="text/html;charset=utf-8" />
  <meta name='ocr-system' content='tesseract 3.04.00' />
  <meta name='ocr-capabilities' content='ocr_page ocr_carea ocr_par ocr_line ocrx_word'/>
</head>
<body>
  <div class='ocr_page' id='page_1' title='image "./sanctissimidomi03xiiigoog_0580.png"; bbox 0 0 3172 4874; ppageno 0'>
   <div class='ocr_carea' id='block_1_1' title="bbox 174 691 1163 756">
    <p class='ocr_par' dir='ltr' id='par_1_1' title="bbox 125 645 1210 785">
     <span class='ocr_line' id='line_1_1' title="bbox 174 691 1163 756; baseline 0 0"><span class='ocrx_word' id='word_1_1' title='bbox 174 693 662 756; x_wconf 76' lang='lat' dir='ltr'>narroncnrrronrcn</span> <span class='ocrx_word' id='word_1_2' title='bbox 678 692 730 752; x_wconf 74' lang='grc' dir='ltr'>ιιι</span> <span class='ocrx_word' id='word_1_3' title='bbox 744 692 942 752; x_wconf 67' lang='lat' dir='ltr'>macras</span> <span class='ocrx_word' id='word_1_4' title='bbox 958 691 1163 756; x_wconf 75' lang='lat' dir='ltr'>senous</span> 
     </span>
    </p>
   </div>
   <div class='ocr_carea' id='block_1_2' title="bbox 109 1145 1400 2585">
    <p class='ocr_par' dir='ltr' id='par_1_2' title="bbox 310 1145 1399 1439">
     <span class='ocr_line' id='line_1_2' title="bbox 310 1145 1344 1231; baseline 0 -17"><span class='ocrx_word' id='word_1_5' title='bbox 310 1150 342 1214; x_wconf 95' lang='lat' dir='ltr'>N</span> <span class='ocrx_word' id='word_1_6' title='bbox 359 1149 424 1214; x_wconf 90' lang='lat' dir='ltr'>hoc</span> <span class='ocrx_word' id='word_1_7' title='bbox 439 1149 601 1214; x_wconf 90' lang='lat' dir='ltr'>diuturno</span> <span class='ocrx_word' id='word_1_8' title='bbox 616 1147 811 1231; x_wconf 78' lang='lat' dir='ltr'>crudelique</span> <span class='ocrx_word' id='word_1_9' title='bbox 826 1145 917 1211; x_wconf 90' lang='lat' dir='ltr'>bello</span> <span class='ocrx_word' id='word_1_10' title='bbox 931 1168 1000 1231; x_wconf 92' lang='lat' dir='ltr'>quo</span> <span class='ocrx_word' id='word_1_11' title='bbox 1012 1146 1223 1213; x_wconf 86' lang='lat' dir='ltr'>conflictatur</span> <span class='ocrx_word' id='word_1_12' title='bbox 1315 1167 1344 1214; x_wconf 80' lang='lat'>²5</span> 
     </span>
     <span class='ocr_line' id='line_1_3' title="bbox 144 1206 1365 1455; baseline -0.01 -133.134"><span class='ocrx_word' id='word_1_13' title='bbox 144 1206 484 1455; x_wconf 42' lang='lat' dir='ltr'>&amp;Ecclesia</span> <span class='ocrx_word' id='word_1_14' title='bbox 500 1252 594 1317; x_wconf 88' lang='lat' dir='ltr'>nulla</span> <span class='ocrx_word' id='word_1_15' title='bbox 610 1250 701 1316; x_wconf 89' lang='lat' dir='ltr'>lraus</span> <span class='ocrx_word' id='word_1_16' title='bbox 716 1262 777 1329; x_wconf 86' lang='lat' dir='ltr'>est,</span> <span class='ocrx_word' id='word_1_17' title='bbox 798 1252 891 1317; x_wconf 88' lang='lat' dir='ltr'>nulla</span> <span class='ocrx_word' id='word_1_18' title='bbox 909 1270 963 1314; x_wconf 90' lang='lat' dir='ltr'>ars</span> <span class='ocrx_word' id='word_1_19' title='bbox 983 1251 1135 1328; x_wconf 89' lang='lat' dir='ltr'>nocendi,</span> <span class='ocrx_word' id='word_1_20' title='bbox 1155 1272 1223 1335; x_wconf 89' lang='lat' dir='ltr'>qua</span> <span class='ocrx_word' id='word_1_21' title='bbox 1286 1215 1365 1324; x_wconf 47' lang='grc' dir='ltr'><em>ἦρι.</em></span> 
     </span>
     <span class='ocr_line' id='line_1_4' title="bbox 331 1353 1399 1439; baseline -0.003 -17"><span class='ocrx_word' id='word_1_22' title='bbox 331 1377 400 1423; x_wconf 90' lang='lat' dir='ltr'>non</span> <span class='ocrx_word' id='word_1_23' title='bbox 416 1364 554 1422; x_wconf 90' lang='lat' dir='ltr'>utantur</span> <span class='ocrx_word' id='word_1_24' title='bbox 569 1355 740 1439; x_wconf 85' lang='lat' dir='ltr'>religionis</span> <span class='ocrx_word' id='word_1_25' title='bbox 761 1356 887 1434; x_wconf 88' lang='lat' dir='ltr'>hostes,</span> <span class='ocrx_word' id='word_1_26' title='bbox 898 1365 936 1420; x_wconf 88' lang='lat' dir='ltr'>ut</span> <span class='ocrx_word' id='word_1_27' title='bbox 951 1375 1052 1419; x_wconf 91' lang='lat' dir='ltr'>omne</span> <span class='ocrx_word' id='word_1_28' title='bbox 1071 1355 1104 1418; x_wconf 93' lang='lat' dir='ltr'>in</span> <span class='ocrx_word' id='word_1_29' title='bbox 1124 1353 1223 1420; x_wconf 92' lang='lat' dir='ltr'>Italia</span> <span class='ocrx_word' id='word_1_30' title='bbox 1247 1376 1279 1422; x_wconf 81' lang='grc' dir='ltr'>ιιι</span> <span class='ocrx_word' id='word_1_31' title='bbox 1294 1376 1322 1420; x_wconf 91' lang='grc' dir='ltr'>ιι</span> <span class='ocrx_word' id='word_1_32' title='bbox 1322 1378 1386 1420; x_wconf 73' lang='lat' dir='ltr'>crus</span> <span class='ocrx_word' id='word_1_33' title='bbox 1346 1389 1399 1420; x_wconf 79' lang='grc' dir='ltr'><em>ιιιι</em></span> 
     </span>
    </p>

    <p class='ocr_par' dir='ltr' id='par_1_3' title="bbox 109 1206 1400 2585">
     <span class='ocr_line' id='line_1_5' title="bbox 144 1206 1400 1564; baseline 0.002 -44.217"><span class='ocrx_word' id='word_1_34' title='bbox 144 1206 304 1520; x_wconf 57' lang='lat' dir='ltr'>OEE</span> <span class='ocrx_word' id='word_1_35' title='bbox 331 1459 542 1544; x_wconf 86' lang='lat' dir='ltr'>restinguant</span> <span class='ocrx_word' id='word_1_36' title='bbox 554 1458 741 1524; x_wconf 88' lang='lat' dir='ltr'>catholicae</span> <span class='ocrx_word' id='word_1_37' title='bbox 760 1459 912 1524; x_wconf 90' lang='lat' dir='ltr'>veritatis</span> <span class='ocrx_word' id='word_1_38' title='bbox 923 1457 1036 1522; x_wconf 90' lang='lat' dir='ltr'>lumen</span> <span class='ocrx_word' id='word_1_39' title='bbox 1053 1466 1087 1523; x_wconf 87' lang='lat' dir='ltr'>et</span> <span class='ocrx_word' id='word_1_40' title='bbox 1102 1466 1223 1522; x_wconf 86' lang='lat' dir='ltr'>cuncta</span> <span class='ocrx_word' id='word_1_41' title='bbox 1240 1433 1400 1564; x_wconf 45' lang='grc' dir='ltr'>ᾗᾝζκξιῖ</span> 
     </span>
     <span class='ocr_line' id='line_1_6' title="bbox 113 1553 1399 1674; baseline 0 -46"><span class='ocrx_word' id='word_1_42' title='bbox 113 1563 189 1632; x_wconf 88' lang='lat' dir='ltr'>fidei</span> <span class='ocrx_word' id='word_1_43' title='bbox 206 1587 360 1652; x_wconf 77' lang='lat' dir='ltr'>germina</span> <span class='ocrx_word' id='word_1_44' title='bbox 369 1566 520 1650; x_wconf 89' lang='lat' dir='ltr'>strrprtus</span> <span class='ocrx_word' id='word_1_45' title='bbox 541 1585 586 1628; x_wconf 87' lang='lat' dir='ltr'>ex</span> <span class='ocrx_word' id='word_1_46' title='bbox 603 1564 725 1628; x_wconf 88' lang='lat' dir='ltr'>animis</span> <span class='ocrx_word' id='word_1_47' title='bbox 749 1563 913 1628; x_wconf 88' lang='lat' dir='ltr'>Italorum</span> <span class='ocrx_word' id='word_1_48' title='bbox 937 1561 1109 1628; x_wconf 81' lang='lat' dir='ltr'>divellant.</span> <span class='ocrx_word' id='word_1_49' title='bbox 1123 1563 1223 1628; x_wconf 88' lang='lat' dir='ltr'>Hanc</span> <span class='ocrx_word' id='word_1_50' title='bbox 1242 1553 1330 1674; x_wconf 53' lang='lat' dir='ltr'><em>ff</em></span> <span class='ocrx_word' id='word_1_51' title='bbox 1331 1553 1399 1658; x_wconf 55' lang='lat' dir='ltr'>jd</span> 
     </span>
     <span class='ocr_line' id='line_1_7' title="bbox 112 1667 1399 1755; baseline -0.002 -21"><span class='ocrx_word' id='word_1_52' title='bbox 112 1675 196 1737; x_wconf 89' lang='lat' dir='ltr'>tueri</span> <span class='ocrx_word' id='word_1_53' title='bbox 226 1671 326 1737; x_wconf 89' lang='lat' dir='ltr'>fidem</span> <span class='ocrx_word' id='word_1_54' title='bbox 351 1688 563 1755; x_wconf 89' lang='lat' dir='ltr'>quacumque</span> <span class='ocrx_word' id='word_1_55' title='bbox 588 1667 740 1733; x_wconf 88' lang='lat' dir='ltr'>valemus</span> <span class='ocrx_word' id='word_1_56' title='bbox 765 1667 895 1732; x_wconf 88' lang='lat' dir='ltr'>ratione</span> <span class='ocrx_word' id='word_1_57' title='bbox 920 1676 954 1732; x_wconf 90' lang='lat' dir='ltr'>et</span> <span class='ocrx_word' id='word_1_58' title='bbox 984 1687 1049 1751; x_wconf 91' lang='lat' dir='ltr'>ope</span> <span class='ocrx_word' id='word_1_59' title='bbox 1073 1668 1115 1732; x_wconf 92' lang='lat' dir='ltr'>ad</span> <span class='ocrx_word' id='word_1_60' title='bbox 1137 1687 1259 1732; x_wconf 90' lang='lat' dir='ltr'>onusc</span> <span class='ocrx_word' id='word_1_61' title='bbox 1246 1675 1316 1718; x_wconf 67' lang='lat' dir='ltr'>calar</span> <span class='ocrx_word' id='word_1_62' title='bbox 1319 1675 1329 1716; x_wconf 73' lang='lat' dir='ltr'>l</span> <span class='ocrx_word' id='word_1_63' title='bbox 1347 1673 1399 1718; x_wconf 73' lang='lat' dir='ltr'>sus</span> 
     </span>
     <span class='ocr_line' id='line_1_8' title="bbox 109 1732 1343 1860; baseline -0.003 -20"><span class='ocrx_word' id='word_1_64' title='bbox 109 1778 258 1858; x_wconf 88' lang='lat' dir='ltr'>pertinet</span> <span class='ocrx_word' id='word_1_65' title='bbox 297 1771 487 1860; x_wconf 86' lang='lat' dir='ltr'>Apostolici</span> <span class='ocrx_word' id='word_1_66' title='bbox 526 1773 701 1859; x_wconf 88' lang='lat' dir='ltr'>ministerii</span> <span class='ocrx_word' id='word_1_67' title='bbox 740 1772 866 1851; x_wconf 87' lang='lat' dir='ltr'>Nostri,</span> <span class='ocrx_word' id='word_1_68' title='bbox 898 1771 999 1857; x_wconf 88' lang='lat' dir='ltr'>idque</span> <span class='ocrx_word' id='word_1_69' title='bbox 1038 1772 1222 1857; x_wconf 89' lang='lat' dir='ltr'>impensius</span> <span class='ocrx_word' id='word_1_70' title='bbox 1247 1732 1343 1840; x_wconf 54' lang='lat' dir='ltr'>mn</span> 
     </span>
     <span class='ocr_line' id='line_1_9' title="bbox 110 1851 1224 1963; baseline 0 -23"><span class='ocrx_word' id='word_1_71' title='bbox 110 1897 227 1945; x_wconf 88' lang='lat' dir='ltr'>curare</span> <span class='ocrx_word' id='word_1_72' title='bbox 252 1880 325 1945; x_wconf 93' lang='lat' dir='ltr'>Nos</span> <span class='ocrx_word' id='word_1_73' title='bbox 341 1887 476 1963; x_wconf 85' lang='lat' dir='ltr'>oportet</span> <span class='ocrx_word' id='word_1_74' title='bbox 491 1877 525 1942; x_wconf 92' lang='lat' dir='ltr'>in</span> <span class='ocrx_word' id='word_1_75' title='bbox 547 1851 682 1942; x_wconf 89' lang='lat' dir='ltr'>iuvenili</span> <span class='ocrx_word' id='word_1_76' title='bbox 708 1885 829 1954; x_wconf 89' lang='lat' dir='ltr'>aetate,</span> <span class='ocrx_word' id='word_1_77' title='bbox 851 1894 939 1959; x_wconf 88' lang='lat' dir='ltr'>quae</span> <span class='ocrx_word' id='word_1_78' title='bbox 964 1875 1114 1940; x_wconf 83' lang='lat' dir='ltr'>maxime</span> <span class='ocrx_word' id='word_1_79' title='bbox 1129 1885 1224 1958; x_wconf 88' lang='lat' dir='ltr'>patet</span> 
     </span>
     <span class='ocr_line' id='line_1_10' title="bbox 110 1979 1223 2063; baseline 0.001 -20"><span class='ocrx_word' id='word_1_80' title='bbox 110 1979 323 2050; x_wconf 89' lang='lat' dir='ltr'>inimicorum</span> <span class='ocrx_word' id='word_1_81' title='bbox 349 1983 488 2048; x_wconf 87' lang='lat' dir='ltr'>insidiis.</span> <span class='ocrx_word' id='word_1_82' title='bbox 521 1980 663 2045; x_wconf 91' lang='lat' dir='ltr'>Nullum</span> <span class='ocrx_word' id='word_1_83' title='bbox 696 1991 874 2063; x_wconf 85' lang='lat' dir='ltr'>propterea</span> <span class='ocrx_word' id='word_1_84' title='bbox 894 1980 986 2063; x_wconf 89' lang='lat' dir='ltr'>quod</span> <span class='ocrx_word' id='word_1_85' title='bbox 1017 1989 1152 2063; x_wconf 91' lang='lat' dir='ltr'>praesto</span> <span class='ocrx_word' id='word_1_86' title='bbox 1178 1979 1223 2045; x_wconf 91' lang='lat' dir='ltr'>sit</span> 
     </span>
     <span class='ocr_line' id='line_1_11' title="bbox 109 2082 1223 2170; baseline 0.003 -24"><span class='ocrx_word' id='word_1_87' title='bbox 109 2087 276 2151; x_wconf 88' lang='lat' dir='ltr'>auxilium</span> <span class='ocrx_word' id='word_1_88' title='bbox 303 2084 543 2170; x_wconf 85' lang='lat' dir='ltr'>negligendum</span> <span class='ocrx_word' id='word_1_89' title='bbox 567 2093 618 2148; x_wconf 88' lang='lat' dir='ltr'>est</span> <span class='ocrx_word' id='word_1_90' title='bbox 636 2082 745 2147; x_wconf 93' lang='lat' dir='ltr'>Nobis</span> <span class='ocrx_word' id='word_1_91' title='bbox 767 2083 801 2146; x_wconf 93' lang='lat' dir='ltr'>in</span> <span class='ocrx_word' id='word_1_92' title='bbox 824 2083 887 2146; x_wconf 89' lang='lat' dir='ltr'>hac</span> <span class='ocrx_word' id='word_1_93' title='bbox 904 2092 999 2164; x_wconf 89' lang='lat' dir='ltr'>parte</span> <span class='ocrx_word' id='word_1_94' title='bbox 1022 2085 1223 2166; x_wconf 87' lang='lat' dir='ltr'>exequenda</span> 
     </span>
     <span class='ocr_line' id='line_1_12' title="bbox 111 2188 1222 2271; baseline -0.002 -15"><span class='ocrx_word' id='word_1_95' title='bbox 111 2194 290 2260; x_wconf 88' lang='lat' dir='ltr'>ministerii</span> <span class='ocrx_word' id='word_1_96' title='bbox 312 2193 429 2258; x_wconf 88' lang='lat' dir='ltr'>Nostri</span> <span class='ocrx_word' id='word_1_97' title='bbox 444 2212 453 2271; x_wconf 91' lang='lat'>;</span> <span class='ocrx_word' id='word_1_98' title='bbox 469 2191 539 2254; x_wconf 93' lang='lat' dir='ltr'>imo</span> <span class='ocrx_word' id='word_1_99' title='bbox 554 2191 741 2256; x_wconf 89' lang='lat' dir='ltr'>excitanda</span> <span class='ocrx_word' id='word_1_100' title='bbox 756 2210 829 2254; x_wconf 88' lang='lat' dir='ltr'>esse</span> <span class='ocrx_word' id='word_1_101' title='bbox 850 2208 1027 2253; x_wconf 88' lang='lat' dir='ltr'>censemus</span> <span class='ocrx_word' id='word_1_102' title='bbox 1042 2197 1077 2252; x_wconf 89' lang='lat' dir='ltr'>et</span> <span class='ocrx_word' id='word_1_103' title='bbox 1091 2188 1222 2255; x_wconf 87' lang='lat' dir='ltr'>inflam-</span> 
     </span>
     <span class='ocr_line' id='line_1_13' title="bbox 111 2292 1222 2380; baseline 0 -20"><span class='ocrx_word' id='word_1_104' title='bbox 111 2300 238 2363; x_wconf 90' lang='lat' dir='ltr'>manda</span> <span class='ocrx_word' id='word_1_105' title='bbox 268 2317 384 2364; x_wconf 86' lang='lat' dir='ltr'>eorum</span> <span class='ocrx_word' id='word_1_106' title='bbox 409 2297 521 2362; x_wconf 89' lang='lat' dir='ltr'>studia</span> <span class='ocrx_word' id='word_1_107' title='bbox 546 2315 688 2380; x_wconf 90' lang='lat' dir='ltr'>quorum</span> <span class='ocrx_word' id='word_1_108' title='bbox 718 2295 809 2359; x_wconf 89' lang='lat' dir='ltr'>zelus</span> <span class='ocrx_word' id='word_1_109' title='bbox 836 2302 870 2361; x_wconf 93' lang='lat' dir='ltr'>et</span> <span class='ocrx_word' id='word_1_110' title='bbox 896 2301 1034 2358; x_wconf 87' lang='lat' dir='ltr'>actuosa</span> <span class='ocrx_word' id='word_1_111' title='bbox 1057 2292 1222 2360; x_wconf 88' lang='lat' dir='ltr'>industria</span> 
     </span>
     <span class='ocr_line' id='line_1_14' title="bbox 110 2396 1221 2487; baseline -0.001 -23"><span class='ocrx_word' id='word_1_112' title='bbox 110 2400 242 2484; x_wconf 88' lang='lat' dir='ltr'>aliquas</span> <span class='ocrx_word' id='word_1_113' title='bbox 267 2404 427 2487; x_wconf 86' lang='lat' dir='ltr'>praebeat</span> <span class='ocrx_word' id='word_1_114' title='bbox 457 2400 738 2484; x_wconf 87' lang='lat' dir='ltr'>opportunitates,</span> <span class='ocrx_word' id='word_1_115' title='bbox 762 2420 829 2484; x_wconf 93' lang='lat' dir='ltr'>quo</span> <span class='ocrx_word' id='word_1_116' title='bbox 856 2397 986 2464; x_wconf 88' lang='lat' dir='ltr'>cautius</span> <span class='ocrx_word' id='word_1_117' title='bbox 1017 2396 1154 2462; x_wconf 84' lang='lat' dir='ltr'>defensa</span> <span class='ocrx_word' id='word_1_118' title='bbox 1177 2398 1221 2464; x_wconf 93' lang='lat' dir='ltr'>sit</span> 
     </span>
     <span class='ocr_line' id='line_1_15' title="bbox 110 2501 1397 2585; baseline -0.001 -20"><span class='ocrx_word' id='word_1_119' title='bbox 110 2501 270 2571; x_wconf 90' lang='lat' dir='ltr'>iuvenum</span> <span class='ocrx_word' id='word_1_120' title='bbox 285 2505 410 2572; x_wconf 90' lang='lat' dir='ltr'>lidesin</span> <span class='ocrx_word' id='word_1_121' title='bbox 429 2513 561 2570; x_wconf 89' lang='lat' dir='ltr'>tantum</span> <span class='ocrx_word' id='word_1_122' title='bbox 578 2512 698 2569; x_wconf 89' lang='lat' dir='ltr'>vocata</span> <span class='ocrx_word' id='word_1_123' title='bbox 714 2501 903 2569; x_wconf 89' lang='lat' dir='ltr'>discrimen.</span> <span class='ocrx_word' id='word_1_124' title='bbox 924 2502 1041 2585; x_wconf 89' lang='lat' dir='ltr'>Atque</span> <span class='ocrx_word' id='word_1_125' title='bbox 1055 2501 1220 2568; x_wconf 86' lang='lat' dir='ltr'>eiusmodi</span> <span class='ocrx_word' id='word_1_126' title='bbox 1292 2504 1397 2564; x_wconf 73' lang='lat' dir='ltr'>Erreaie</span> 
     </span>
    </p>
   </div>
   <div class='ocr_carea' id='block_1_3' title="bbox 109 2563 1396 2726">
    <p class='ocr_par' dir='ltr' id='par_1_4' title="bbox 109 2563 1396 2726">
     <span class='ocr_line' id='line_1_16' title="bbox 109 2563 1396 2726; baseline -0.002 -54"><span class='ocrx_word' id='word_1_127' title='bbox 109 2610 250 2692; x_wconf 90' lang='lat' dir='ltr'>quidem</span> <span class='ocrx_word' id='word_1_128' title='bbox 262 2611 533 2695; x_wconf 77' lang='lat' dir='ltr'>opportunitates</span> <span class='ocrx_word' id='word_1_129' title='bbox 545 2607 706 2693; x_wconf 88' lang='lat' dir='ltr'>praebere</span> <span class='ocrx_word' id='word_1_130' title='bbox 727 2607 835 2673; x_wconf 92' lang='lat' dir='ltr'>Nobis</span> <span class='ocrx_word' id='word_1_131' title='bbox 856 2609 913 2691; x_wconf 87' lang='lat' dir='ltr'>pia</span> <span class='ocrx_word' id='word_1_132' title='bbox 929 2606 1133 2672; x_wconf 85' lang='lat' dir='ltr'>consociatio</span> <span class='ocrx_word' id='word_1_133' title='bbox 1148 2604 1220 2672; x_wconf 89' lang='lat' dir='ltr'>visa</span> <span class='ocrx_word' id='word_1_134' title='bbox 1243 2563 1396 2726; x_wconf 54' lang='grc' dir='ltr'><em>ΞῖἽιῗιῖ</em></span> 
     </span>
    </p>
   </div>
   <div class='ocr_carea' id='block_1_4' title="bbox 106 2681 1399 4152">
    <p class='ocr_par' dir='ltr' id='par_1_5' title="bbox 106 2681 1399 4152">
     <span class='ocr_line' id='line_1_17' title="bbox 108 2681 1399 2800; baseline 0 -26"><span class='ocrx_word' id='word_1_135' title='bbox 108 2723 171 2791; x_wconf 89' lang='lat' dir='ltr'>est,</span> <span class='ocrx_word' id='word_1_136' title='bbox 188 2716 282 2781; x_wconf 91' lang='lat' dir='ltr'>cuius</span> <span class='ocrx_word' id='word_1_137' title='bbox 297 2715 495 2781; x_wconf 78' lang='lat' dir='ltr'>constitutio</span> <span class='ocrx_word' id='word_1_138' title='bbox 504 2713 639 2779; x_wconf 87' lang='lat' dir='ltr'>decreta</span> <span class='ocrx_word' id='word_1_139' title='bbox 655 2711 745 2778; x_wconf 83' lang='lat' dir='ltr'>suit</span> <span class='ocrx_word' id='word_1_140' title='bbox 734 2733 769 2778; x_wconf 84' lang='grc' dir='ltr'>ιιι</span> <span class='ocrx_word' id='word_1_141' title='bbox 779 2713 946 2779; x_wconf 89' lang='lat' dir='ltr'>catholrco</span> <span class='ocrx_word' id='word_1_142' title='bbox 964 2710 1128 2777; x_wconf 87' lang='lat' dir='ltr'>Italorum</span> <span class='ocrx_word' id='word_1_143' title='bbox 1140 2729 1219 2776; x_wconf 91' lang='lat' dir='ltr'>con·</span> <span class='ocrx_word' id='word_1_144' title='bbox 1234 2695 1315 2800; x_wconf 52' lang='lat' dir='ltr'>ju„</span> <span class='ocrx_word' id='word_1_145' title='bbox 1261 2681 1395 2788; x_wconf 61' lang='lat' dir='ltr'>dffl.</span> <span class='ocrx_word' id='word_1_146' title='bbox 1374 2697 1399 2728; x_wconf 70' lang='lat'>¹⁰</span> 
     </span>
     <span class='ocr_line' id='line_1_18' title="bbox 109 2799 1396 2906; baseline -0.002 -27"><span class='ocrx_word' id='word_1_147' title='bbox 109 2831 214 2883; x_wconf 86' lang='lat' dir='ltr'>ventu</span> <span class='ocrx_word' id='word_1_148' title='bbox 217 2819 297 2902; x_wconf 92' lang='lat' dir='ltr'>,qui</span> <span class='ocrx_word' id='word_1_149' title='bbox 313 2819 484 2902; x_wconf 90' lang='lat' dir='ltr'>superiore</span> <span class='ocrx_word' id='word_1_150' title='bbox 511 2837 602 2882; x_wconf 92' lang='lat' dir='ltr'>anno</span> <span class='ocrx_word' id='word_1_151' title='bbox 618 2816 808 2884; x_wconf 91' lang='lat' dir='ltr'>celebratus</span> <span class='ocrx_word' id='word_1_152' title='bbox 829 2825 881 2882; x_wconf 90' lang='lat' dir='ltr'>est</span> <span class='ocrx_word' id='word_1_153' title='bbox 909 2817 1027 2882; x_wconf 92' lang='lat' dir='ltr'>Laude</span> <span class='ocrx_word' id='word_1_154' title='bbox 1049 2812 1220 2898; x_wconf 89' lang='lat' dir='ltr'>Pompeia.</span> <span class='ocrx_word' id='word_1_155' title='bbox 1244 2799 1396 2906; x_wconf 37' lang='lat' dir='ltr'>amm</span> 
     </span>
     <span class='ocr_line' id='line_1_19' title="bbox 110 2918 1218 3006; baseline -0.001 -24"><span class='ocrx_word' id='word_1_156' title='bbox 110 2918 271 2988; x_wconf 89' lang='lat' dir='ltr'>Nobilem</span> <span class='ocrx_word' id='word_1_157' title='bbox 283 2922 384 2988; x_wconf 87' lang='lat' dir='ltr'>finem</span> <span class='ocrx_word' id='word_1_158' title='bbox 395 2942 463 3006; x_wconf 92' lang='lat' dir='ltr'>quo</span> <span class='ocrx_word' id='word_1_159' title='bbox 479 2921 562 2986; x_wconf 87' lang='lat' dir='ltr'>hacc</span> <span class='ocrx_word' id='word_1_160' title='bbox 577 2922 785 2988; x_wconf 77' lang='lat' dir='ltr'>consociatio</span> <span class='ocrx_word' id='word_1_161' title='bbox 794 2930 927 3005; x_wconf 88' lang='lat' dir='ltr'>spectat</span> <span class='ocrx_word' id='word_1_162' title='bbox 937 2941 1013 2986; x_wconf 93' lang='lat' dir='ltr'>cum</span> <span class='ocrx_word' id='word_1_163' title='bbox 1038 2940 1172 2987; x_wconf 86' lang='lat' dir='ltr'>munus</span> <span class='ocrx_word' id='word_1_164' title='bbox 1175 2918 1218 2982; x_wconf 92' lang='lat' dir='ltr'>ab</span> 
     </span>
     <span class='ocr_line' id='line_1_20' title="bbox 108 3025 1219 3111; baseline 0.003 -25"><span class='ocrx_word' id='word_1_165' title='bbox 108 3044 150 3088; x_wconf 90' lang='lat' dir='ltr'>ea</span> <span class='ocrx_word' id='word_1_166' title='bbox 189 3036 381 3110; x_wconf 90' lang='lat' dir='ltr'>susceptum</span> <span class='ocrx_word' id='word_1_167' title='bbox 419 3026 577 3104; x_wconf 88' lang='lat' dir='ltr'>declarat,</span> <span class='ocrx_word' id='word_1_168' title='bbox 608 3037 680 3092; x_wconf 93' lang='lat' dir='ltr'>tum</span> <span class='ocrx_word' id='word_1_169' title='bbox 708 3026 816 3092; x_wconf 89' lang='lat' dir='ltr'>indita</span> <span class='ocrx_word' id='word_1_170' title='bbox 845 3025 1027 3109; x_wconf 87' lang='lat' dir='ltr'>appellatio</span> <span class='ocrx_word' id='word_1_171' title='bbox 1056 3036 1219 3111; x_wconf 84' lang='lat' dir='ltr'>quaeest</span> 
     </span>
     <span class='ocr_line' id='line_1_21' title="bbox 112 3128 1218 3214; baseline -0.003 -20"><span class='ocrx_word' id='word_1_172' title='bbox 112 3141 130 3194; x_wconf 80' lang='lat' dir='ltr'>t</span> <span class='ocrx_word' id='word_1_173' title='bbox 150 3129 240 3214; x_wconf 81' lang='lat' dir='ltr'>Opus</span> <span class='ocrx_word' id='word_1_174' title='bbox 261 3142 325 3213; x_wconf 84' lang='lat' dir='ltr'>pro</span> <span class='ocrx_word' id='word_1_175' title='bbox 345 3129 434 3214; x_wconf 81' lang='lat' dir='ltr'>fidei</span> <span class='ocrx_word' id='word_1_176' title='bbox 447 3130 684 3195; x_wconf 80' lang='lat' dir='ltr'>conservatione</span> <span class='ocrx_word' id='word_1_177' title='bbox 706 3129 741 3194; x_wconf 79' lang='lat' dir='ltr'>in</span> <span class='ocrx_word' id='word_1_178' title='bbox 760 3129 881 3194; x_wconf 77' lang='lat' dir='ltr'>ltaliae</span> <span class='ocrx_word' id='word_1_179' title='bbox 909 3128 1025 3194; x_wconf 77' lang='lat' dir='ltr'>scholis</span> <span class='ocrx_word' id='word_1_180' title='bbox 1040 3143 1068 3198; x_wconf 71' lang='lat' dir='ltr'>l.</span> <span class='ocrx_word' id='word_1_181' title='bbox 1096 3128 1218 3212; x_wconf 89' lang='lat' dir='ltr'>Operis</span> 
     </span>
     <span class='ocr_line' id='line_1_22' title="bbox 108 3228 1219 3319; baseline 0.005 -27"><span class='ocrx_word' id='word_1_182' title='bbox 108 3228 210 3299; x_wconf 90' lang='lat' dir='ltr'>huius</span> <span class='ocrx_word' id='word_1_183' title='bbox 225 3234 433 3318; x_wconf 87' lang='lat' dir='ltr'>praestantia</span> <span class='ocrx_word' id='word_1_184' title='bbox 448 3244 481 3299; x_wconf 90' lang='lat' dir='ltr'>et</span> <span class='ocrx_word' id='word_1_185' title='bbox 498 3235 635 3313; x_wconf 87' lang='lat' dir='ltr'>utilitas,</span> <span class='ocrx_word' id='word_1_186' title='bbox 659 3254 763 3319; x_wconf 89' lang='lat' dir='ltr'>quam</span> <span class='ocrx_word' id='word_1_187' title='bbox 788 3233 897 3299; x_wconf 90' lang='lat' dir='ltr'>Nobis</span> <span class='ocrx_word' id='word_1_188' title='bbox 921 3233 1219 3298; x_wconf 87' lang='lat' dir='ltr'>commendaverat</span> 
     </span>
     <span class='ocr_line' id='line_1_23' title="bbox 108 3336 1218 3405; baseline 0.004 -7"><span class='ocrx_word' id='word_1_189' title='bbox 108 3339 220 3405; x_wconf 89' lang='lat' dir='ltr'>multo</span> <span class='ocrx_word' id='word_1_190' title='bbox 240 3359 317 3403; x_wconf 91' lang='lat' dir='ltr'>cum</span> <span class='ocrx_word' id='word_1_191' title='bbox 334 3348 534 3405; x_wconf 89' lang='lat' dir='ltr'>ornamento</span> <span class='ocrx_word' id='word_1_192' title='bbox 560 3337 670 3404; x_wconf 86' lang='lat' dir='ltr'>laudis</span> <span class='ocrx_word' id='word_1_193' title='bbox 697 3337 909 3404; x_wconf 86' lang='lat' dir='ltr'>Venerabilis</span> <span class='ocrx_word' id='word_1_194' title='bbox 940 3339 1059 3402; x_wconf 86' lang='lat' dir='ltr'>Frater</span> <span class='ocrx_word' id='word_1_195' title='bbox 1074 3336 1218 3402; x_wconf 90' lang='lat' dir='ltr'>Iacobus</span> 
     </span>
     <span class='ocr_line' id='line_1_24' title="bbox 110 3435 1218 3528; baseline 0.005 -26"><span class='ocrx_word' id='word_1_196' title='bbox 110 3435 222 3508; x_wconf 87' lang='lat' dir='ltr'>Maria</span> <span class='ocrx_word' id='word_1_197' title='bbox 239 3443 429 3527; x_wconf 90' lang='lat' dir='ltr'>Episcopus</span> <span class='ocrx_word' id='word_1_198' title='bbox 440 3442 634 3522; x_wconf 87' lang='lat' dir='ltr'>Brixiensis,</span> <span class='ocrx_word' id='word_1_199' title='bbox 646 3443 754 3528; x_wconf 89' lang='lat' dir='ltr'>magis</span> <span class='ocrx_word' id='word_1_200' title='bbox 767 3444 942 3526; x_wconf 87' lang='lat' dir='ltr'>magisque</span> <span class='ocrx_word' id='word_1_201' title='bbox 952 3442 1060 3506; x_wconf 90' lang='lat' dir='ltr'>Nobis</span> <span class='ocrx_word' id='word_1_202' title='bbox 1076 3442 1218 3524; x_wconf 89' lang='lat' dir='ltr'>probata</span> 
     </span>
     <span class='ocr_line' id='line_1_25' title="bbox 107 3537 1217 3632; baseline 0.007 -28"><span class='ocrx_word' id='word_1_203' title='bbox 107 3537 173 3609; x_wconf 83' lang='lat' dir='ltr'>luit</span> <span class='ocrx_word' id='word_1_204' title='bbox 189 3547 341 3629; x_wconf 87' lang='lat' dir='ltr'>inspecta</span> <span class='ocrx_word' id='word_1_205' title='bbox 356 3547 539 3631; x_wconf 90' lang='lat' dir='ltr'>scriptione</span> <span class='ocrx_word' id='word_1_206' title='bbox 554 3549 650 3632; x_wconf 91' lang='lat' dir='ltr'>typis</span> <span class='ocrx_word' id='word_1_207' title='bbox 662 3547 809 3631; x_wconf 89' lang='lat' dir='ltr'>vulgata,</span> <span class='ocrx_word' id='word_1_208' title='bbox 821 3568 889 3631; x_wconf 91' lang='lat' dir='ltr'>qua</span> <span class='ocrx_word' id='word_1_209' title='bbox 898 3555 972 3613; x_wconf 90' lang='lat' dir='ltr'>tota</span> <span class='ocrx_word' id='word_1_210' title='bbox 987 3547 1033 3610; x_wconf 91' lang='lat' dir='ltr'>rei</span> <span class='ocrx_word' id='word_1_211' title='bbox 1049 3546 1217 3630; x_wconf 87' lang='lat' dir='ltr'>gerendae</span> 
     </span>
     <span class='ocr_line' id='line_1_26' title="bbox 108 3649 1216 3734; baseline 0.005 -24"><span class='ocrx_word' id='word_1_212' title='bbox 108 3649 206 3728; x_wconf 88' lang='lat' dir='ltr'>ratio,</span> <span class='ocrx_word' id='word_1_213' title='bbox 235 3653 346 3733; x_wconf 78' lang='lat' dir='ltr'>opens</span> <span class='ocrx_word' id='word_1_214' title='bbox 376 3651 524 3730; x_wconf 89' lang='lat' dir='ltr'>directio,</span> <span class='ocrx_word' id='word_1_215' title='bbox 555 3651 744 3734; x_wconf 84' lang='lat' dir='ltr'>perfunctio</span> <span class='ocrx_word' id='word_1_216' title='bbox 776 3671 952 3716; x_wconf 89' lang='lat' dir='ltr'>munerum</span> <span class='ocrx_word' id='word_1_217' title='bbox 980 3661 1014 3716; x_wconf 89' lang='lat' dir='ltr'>et</span> <span class='ocrx_word' id='word_1_218' title='bbox 1049 3650 1216 3734; x_wconf 86' lang='lat' dir='ltr'>praesidia</span> 
     </span>
     <span class='ocr_line' id='line_1_27' title="bbox 106 3753 1215 3840; baseline 0.004 -26"><span class='ocrx_word' id='word_1_219' title='bbox 106 3753 231 3830; x_wconf 89' lang='lat' dir='ltr'>quibus</span> <span class='ocrx_word' id='word_1_220' title='bbox 262 3756 442 3820; x_wconf 89' lang='lat' dir='ltr'>sustentari</span> <span class='ocrx_word' id='word_1_221' title='bbox 464 3757 580 3840; x_wconf 89' lang='lat' dir='ltr'>possit,</span> <span class='ocrx_word' id='word_1_222' title='bbox 606 3768 761 3822; x_wconf 88' lang='lat' dir='ltr'>accurate</span> <span class='ocrx_word' id='word_1_223' title='bbox 788 3757 1009 3838; x_wconf 80' lang='lat' dir='ltr'>explicantur.</span> <span class='ocrx_word' id='word_1_224' title='bbox 1037 3755 1114 3819; x_wconf 91' lang='lat' dir='ltr'>Hoc</span> <span class='ocrx_word' id='word_1_225' title='bbox 1129 3775 1215 3839; x_wconf 88' lang='lat' dir='ltr'>opus</span> 
     </span>
     <span class='ocr_line' id='line_1_28' title="bbox 107 3849 1214 3945; baseline 0.005 -27"><span class='ocrx_word' id='word_1_226' title='bbox 107 3849 225 3941; x_wconf 81' lang='lat' dir='ltr'>itaque</span> <span class='ocrx_word' id='word_1_227' title='bbox 250 3859 397 3926; x_wconf 89' lang='lat' dir='ltr'>salutare</span> <span class='ocrx_word' id='word_1_228' title='bbox 422 3861 606 3940; x_wconf 88' lang='lat' dir='ltr'>iuvenibus,</span> <span class='ocrx_word' id='word_1_229' title='bbox 630 3861 687 3945; x_wconf 87' lang='lat' dir='ltr'>qui</span> <span class='ocrx_word' id='word_1_230' title='bbox 722 3861 936 3926; x_wconf 89' lang='lat' dir='ltr'>scientiarum</span> <span class='ocrx_word' id='word_1_231' title='bbox 964 3870 998 3925; x_wconf 90' lang='lat' dir='ltr'>et</span> <span class='ocrx_word' id='word_1_232' title='bbox 1028 3858 1214 3926; x_wconf 86' lang='lat' dir='ltr'>litterarum</span> 
     </span>
     <span class='ocr_line' id='line_1_29' title="bbox 107 3962 1215 4049; baseline 0.007 -30"><span class='ocrx_word' id='word_1_233' title='bbox 107 3962 229 4026; x_wconf 85' lang='lat' dir='ltr'>studiis</span> <span class='ocrx_word' id='word_1_234' title='bbox 245 3975 377 4042; x_wconf 89' lang='lat' dir='ltr'>vacant,</span> <span class='ocrx_word' id='word_1_235' title='bbox 393 3963 619 4047; x_wconf 88' lang='lat' dir='ltr'>agnoscimus,</span> <span class='ocrx_word' id='word_1_236' title='bbox 634 3984 798 4049; x_wconf 90' lang='lat' dir='ltr'>perquam</span> <span class='ocrx_word' id='word_1_237' title='bbox 810 3964 1067 4029; x_wconf 87' lang='lat' dir='ltr'>accommodum</span> <span class='ocrx_word' id='word_1_238' title='bbox 1084 3973 1215 4046; x_wconf 88' lang='lat' dir='ltr'>tempo·</span> 
     </span>
     <span class='ocr_line' id='line_1_30' title="bbox 106 4065 1214 4152; baseline 0.002 -23"><span class='ocrx_word' id='word_1_239' title='bbox 106 4075 182 4128; x_wconf 76' lang='lat' dir='ltr'>rum</span> <span class='ocrx_word' id='word_1_240' title='bbox 200 4067 402 4146; x_wconf 89' lang='lat' dir='ltr'>necessitati,</span> <span class='ocrx_word' id='word_1_241' title='bbox 420 4067 513 4133; x_wconf 88' lang='lat' dir='ltr'>etad</span> <span class='ocrx_word' id='word_1_242' title='bbox 530 4068 756 4152; x_wconf 89' lang='lat' dir='ltr'>integritatem</span> <span class='ocrx_word' id='word_1_243' title='bbox 781 4065 858 4133; x_wconf 87' lang='lat' dir='ltr'>fidei</span> <span class='ocrx_word' id='word_1_244' title='bbox 886 4068 918 4132; x_wconf 92' lang='lat' dir='ltr'>in</span> <span class='ocrx_word' id='word_1_245' title='bbox 937 4067 1036 4134; x_wconf 90' lang='lat' dir='ltr'>Italia</span> <span class='ocrx_word' id='word_1_246' title='bbox 1052 4067 1214 4133; x_wconf 90' lang='lat' dir='ltr'>tuendam</span> 
     </span>
    </p>
   </div>
   <div class='ocr_carea' id='block_1_5' title="bbox 106 4163 1214 4257">
    <p class='ocr_par' dir='ltr' id='par_1_6' title="bbox 106 4163 1214 4257">
     <span class='ocr_line' id='line_1_31' title="bbox 106 4163 1214 4257; baseline 0.013 -35"><span class='ocrx_word' id='word_1_247' title='bbox 106 4163 253 4234; x_wconf 88' lang='lat' dir='ltr'>scienter</span> <span class='ocrx_word' id='word_1_248' title='bbox 263 4182 505 4254; x_wconf 88' lang='lat' dir='ltr'>comparatum.</span> <span class='ocrx_word' id='word_1_249' title='bbox 521 4209 565 4222; x_wconf 90' lang='lat'><em>-</em></span> <span class='ocrx_word' id='word_1_250' title='bbox 581 4173 696 4257; x_wconf 87' lang='lat' dir='ltr'>Quare</span> <span class='ocrx_word' id='word_1_251' title='bbox 711 4171 793 4238; x_wconf 90' lang='lat' dir='ltr'>illud</span> <span class='ocrx_word' id='word_1_252' title='bbox 808 4172 987 4256; x_wconf 89' lang='lat' dir='ltr'>plurimam</span> <span class='ocrx_word' id='word_1_253' title='bbox 1009 4174 1128 4238; x_wconf 88' lang='lat' dir='ltr'>mereri</span> <span class='ocrx_word' id='word_1_254' title='bbox 1145 4172 1214 4237; x_wconf 90' lang='lat' dir='ltr'>lau-</span> 
     </span>
    </p>
   </div>
   <div class='ocr_carea' id='block_1_6' title="bbox 101 4260 1214 4467">
    <p class='ocr_par' dir='ltr' id='par_1_7' title="bbox 101 4260 1214 4467">
     <span class='ocr_line' id='line_1_32' title="bbox 104 4260 1213 4362; baseline 0.006 -29"><span class='ocrx_word' id='word_1_255' title='bbox 104 4260 185 4334; x_wconf 82' lang='lat' dir='ltr'>dem</span> <span class='ocrx_word' id='word_1_256' title='bbox 212 4292 397 4354; x_wconf 85' lang='lat' dir='ltr'>censemus,</span> <span class='ocrx_word' id='word_1_257' title='bbox 427 4297 466 4340; x_wconf 88' lang='lat' dir='ltr'>ac</span> <span class='ocrx_word' id='word_1_258' title='bbox 482 4276 623 4360; x_wconf 88' lang='lat' dir='ltr'>dignum</span> <span class='ocrx_word' id='word_1_259' title='bbox 642 4297 714 4342; x_wconf 86' lang='lat' dir='ltr'>esse</span> <span class='ocrx_word' id='word_1_260' title='bbox 730 4276 784 4342; x_wconf 89' lang='lat' dir='ltr'>cui</span> <span class='ocrx_word' id='word_1_261' title='bbox 816 4297 939 4342; x_wconf 91' lang='lat' dir='ltr'>nomen</span> <span class='ocrx_word' id='word_1_262' title='bbox 964 4278 1047 4343; x_wconf 89' lang='lat' dir='ltr'>dent</span> <span class='ocrx_word' id='word_1_263' title='bbox 1064 4286 1096 4342; x_wconf 93' lang='lat' dir='ltr'>et</span> <span class='ocrx_word' id='word_1_264' title='bbox 1112 4295 1213 4362; x_wconf 90' lang='lat' dir='ltr'>opem</span> 
     </span>
     <span class='ocr_line' id='line_1_33' title="bbox 101 4378 1214 4467; baseline 0.002 -20"><span class='ocrx_word' id='word_1_265' title='bbox 101 4378 497 4460; x_wconf 77' lang='lat' dir='ltr'>0Peramqueconlerant</span> <span class='ocrx_word' id='word_1_266' title='bbox 507 4400 626 4446; x_wconf 89' lang='lat' dir='ltr'>omnes</span> <span class='ocrx_word' id='word_1_267' title='bbox 642 4381 764 4465; x_wconf 91' lang='lat' dir='ltr'>quibus</span> <span class='ocrx_word' id='word_1_268' title='bbox 776 4382 870 4447; x_wconf 90' lang='lat' dir='ltr'>cordi</span> <span class='ocrx_word' id='word_1_269' title='bbox 881 4391 932 4449; x_wconf 89' lang='lat' dir='ltr'>est</span> <span class='ocrx_word' id='word_1_270' title='bbox 944 4380 1060 4466; x_wconf 90' lang='lat' dir='ltr'>religio</span> <span class='ocrx_word' id='word_1_271' title='bbox 1075 4392 1110 4448; x_wconf 83' lang='lat' dir='ltr'>et</span> <span class='ocrx_word' id='word_1_272' title='bbox 1121 4381 1214 4467; x_wconf 90' lang='lat' dir='ltr'>fides,</span> 
     </span>
    </p>
   </div>
   <div class='ocr_carea' id='block_1_7' title="bbox 0 0 1590 4874">
    <p class='ocr_par' dir='ltr' id='par_1_8' title="bbox 0 0 1590 4874">
     <span class='ocr_line' id='line_1_34' title="bbox 0 0 1590 4874; baseline 0 3"><span class='ocrx_word' id='word_1_273' title='bbox 0 0 1590 4874; x_wconf 95' lang='lat' dir='ltr'> </span> 
     </span>
    </p>
   </div>
  </div>
 </body>
</html>
