3172 4874
422 462 1497 643 l

419 806 1502 961 r

413 964 445 1119 3
561 1009 627 1070 oa
651 1006 1171 1084 ans1urcass.coan1S,
1195 1007 1365 1082 napus:

807 1163 1102 1225 coucoaorn.
1470 1122 1500 1247 l}

417 476 423 486 o

417 550 423 560 ι

416 624 421 633 a

416 698 421 705 ι

416 771 421 783 t

415 846 421 855 ι

414 920 420 929 ι

261 1515 341 1608 wrm
435 1501 585 1570 ussaw
593 1497 907 1568 RATlSSlMUM
931 1497 993 1562 luit
1015 1497 1174 1564 nuncium
1191 1501 1282 1582 quod
1299 1501 1415 1568 Nobis
1431 1517 1503 1573 tuae

253 1591 260 1606 ⁶
394 1510 585 1884 {Q
613 1606 745 1670 litterae
767 1601 952 1667 attulerunt
975 1601 1031 1665 die
1046 1603 1088 1664 28
1104 1601 1233 1685 Aprilis
1258 1603 1373 1685 datae,
1390 1613 1502 1694 templi

340 1746 373 1776 „r
615 1708 783 1784 nimirum,
808 1705 899 1788 quod
923 1707 1027 1770 totius
1052 1703 1184 1772 Galliae
1210 1705 1328 1772 fideles
1352 1713 1502 1794 publicae

213 1849 329 1904 ‚mm
614 1809 819 1896 expiationis
834 1827 952 1874 caussa
972 1816 1007 1874 et
1022 1809 1065 1874 ad
1088 1809 1238 1874 divinam
1255 1829 1358 1893 opem
1376 1821 1500 1898 patriae

216 1903 365 2011 {gfffffl
395 1917 645 2002 implorandam
662 1924 741 1980 ante
756 1932 864 1980 annos
876 1929 919 1978 20
929 1921 1093 1978 voverunt
1104 1913 1325 1980 excitandum
1344 1917 1380 1982 in
1393 1930 1502 1986 monte

217 2022 264 2126 gf·
279 2025 369 2131 cmc
396 2025 584 2105 Martyrum
614 2018 749 2086 Christo
773 2016 923 2082 Domino
950 2014 1018 2081 Cor
1043 2035 1141 2080 suum
1161 2017 1333 2096 revelanti,
1358 2021 1409 2087 ita
1434 2045 1501 2089 esse

218 2171 227 2185 .
265 2157 281 2186 r
305 2159 360 2190 m,
396 2125 608 2192 molitionem
624 2131 817 2208 provectam
833 2119 1068 2186 communibus
1085 2121 1230 2186 nationis
1246 2121 1402 2191 Gallicae
1417 2149 1499 2193 sum·
1584 2157 1585 2190 ς

395 2329 548 2394 beratum
574 2347 647 2392 esse
672 2335 709 2391 ut
732 2325 787 2391 die
805 2337 821 2406 5
838 2323 986 2407 proximi
1014 2323 1113 2400 lunii,
1128 2343 1215 2406 quae
1241 2325 1359 2392 Divini
1384 2329 1498 2397 Cordis

392 2431 512 2496 honori
539 2450 633 2496 sacra
657 2438 716 2505 est,
740 2427 900 2492 solemnis
923 2425 1041 2508 templi
1069 2427 1217 2492 eiusdem
1243 2427 1438 2498 benedictio
1459 2435 1496 2496 ad

391 2537 616 2620 praescriptos
642 2531 802 2598 ecclesiae
820 2533 902 2596 ritus
927 2540 1115 2614 peragatur.
1142 2531 1280 2596 Etcum
1298 2534 1381 2600 olim
1397 2535 1497 2600 l'elicis

392 2639 632 2704 recordationis
663 2638 817 2702 decessor
841 2635 965 2700 Noster
992 2635 1071 2699 Pius
1099 2634 1162 2714 IX,
1188 2655 1320 2720 auspex
1345 2651 1494 2704 votorum

393 2742 614 2825 publicorum,
628 2739 757 2824 templo
771 2739 963 2804 inchoando
983 2759 1064 2803 suae
1088 2738 1224 2821 pietatis
1249 2748 1285 2804 et
1300 2743 1403 2807 studii
1416 2743 1494 2807 inci·

391 2852 544 2906 tamenta
560 2841 747 2917 contulerit,
762 2838 1000 2922 postulandum
1017 2859 1037 2902 a
1053 2837 1162 2903 Nobis
1177 2840 1335 2904 censuisti
1353 2853 1393 2908 ut
1405 2843 1492 2908 dedi-

390 2946 557 3009 cationem
589 2963 675 3028 quae
705 2941 880 3008 confestim
911 2941 1103 3025 peragenda
1134 2951 1194 3020 est,
1225 2941 1343 3007 Nostri
1373 2945 1492 3029 pariter
1582 2963 1583 2978 ¹

391 3050 493 3116 studii
510 3047 628 3114 officiis
643 3058 677 3113 et
692 3047 794 3112 sacris
809 3045 987 3130 potestatis
1009 3044 1155 3110 Nostrae
1175 3045 1371 3112 muneribus
1386 3068 1490 3132 prose

237 3165 364 3226 Multr'pli·
390 3173 541 3240 quamur.
551 3189 596 3202 -
606 3151 801 3218 Gaudemus
813 3149 1037 3226 vehementer,
1053 3147 1185 3214 Dilecte
1201 3149 1266 3213 Fili
1284 3148 1420 3231 Noster,
1433 3151 1492 3216 hoc

211 3238 266 3328 222
290 3229 364 3332 '122ss
390 3260 521 3342 insigne
537 3257 640 3322 votivi
655 3255 773 3338 templi
789 3263 1044 3318 monumentum
1060 3253 1151 3336 apud
1168 3274 1227 3318 vos
1243 3254 1276 3318 in
1289 3255 1413 3320 celebri
1423 3255 1493 3321 loco

207 3343 299 3401 gaudii
338 3361 353 3391 a

238 3403 281 3452 ru.

208 3407 237 3458 pe
391 3466 536 3530 nationis
553 3465 646 3529 cuius
662 3463 695 3526 in
712 3463 836 3526 avitam
853 3460 1048 3544 religionem
1068 3461 1192 3525 amoris
1208 3460 1351 3526 illustria
1366 3479 1495 3545 semper

388 3569 592 3635 documenta
616 3567 823 3643 extiterunt;
852 3565 1038 3648 gaudemus
1071 3564 1105 3629 in
1136 3584 1177 3629 eo
1207 3565 1345 3648 populo,
1373 3568 1495 3648 inquo

389 3672 508 3737 beatae
541 3673 629 3736 illius
658 3670 788 3735 caelitis
818 3669 922 3733 virtus
960 3667 1084 3732 effulsit
1121 3687 1208 3752 quae
1238 3669 1344 3733 divini
1377 3668 1494 3735 Cordis

391 3776 528 3841 alumna
550 3783 585 3839 et
600 3771 725 3856 gloriae
740 3772 811 3835 eius
834 3771 1031 3835 administra
1055 3770 1126 3850 fuit,
1148 3771 1394 3854 pientissimam
1410 3772 1496 3836 hanc

391 3881 587 3964 religionem
612 3879 816 3942 incrementa
845 3895 965 3960 capere
992 3885 1026 3942 et
1051 3877 1165 3959 magni
1188 3877 1298 3960 operis
1322 3875 1496 3941 molitione

211 3969 363 4075 ‘afflet‘
390 3983 531 4068 posteris
552 3980 780 4046 commendari
793 4000 802 4060 ;
816 3981 1003 4062 gaudemus
1019 3979 1119 4044 etiam
1143 3980 1295 4064 impense
1311 3981 1353 4046 de
1371 3979 1491 4045 saluta·

211 4089 290 4192 {3⁶32
301 4089 364 4194 {2²}-
391 4088 481 4153 ribus
496 4085 594 4150 huius
610 4084 719 4167 operis
734 4081 903 4160 fructibus,
913 4102 990 4147 cum
1006 4092 1097 4147 certa
1114 4081 1234 4148 fiducia
1252 4082 1399 4148 nitamur
1414 4080 1493 4159 iore,

355 3370 364 3381 “
391 3382 581 3445 exsurgere,
591 3361 681 3444 quod
694 3359 826 3442 publice
837 3357 986 3422 ostendit
1002 3355 1102 3422 fidem
1120 3367 1155 3422 et
1169 3358 1329 3442 pietatem
1347 3357 1495 3424 Gallicae
1581 3345 1582 3366 ¹

205 4205 333 4261 siccandum
389 4200 426 4254 ut
443 4189 595 4254 Christus
611 4186 779 4251 Dominus
795 4184 879 4250 tales
896 4184 1015 4251 Cordis
1038 4186 1089 4250 sui
1104 4186 1248 4253 cultores
1264 4186 1297 4250 in
1313 4187 1365 4251 sui
1389 4185 1492 4252 divini
1579 4195 1580 4198 ’

211 4265 287 4376 ἔξω,
308 4269 363 4366 Ἓξ
390 4289 549 4355 Numinis
579 4287 680 4352 fidem
709 4287 919 4370 tutelamque
944 4297 1142 4373 perpetuam
1168 4291 1314 4373 recipiat.
1338 4325 1382 4340 -·
1405 4289 1492 4354 Cum

214 4377 248 4420 ‘²⁰¹
268 4379 365 4436 '‘Q’‘
396 4410 473 4454 vero
489 4401 559 4454 tam
584 4389 788 4472 praeclaram
813 4389 846 4453 in
875 4389 1005 4456 Gallica
1028 4391 1165 4456 natione
1180 4391 1386 4457 voluntatem
1403 4391 1436 4458 in
1454 4389 1493 4454 iis
