3282 4876
299 397 351 450 DE
368 393 694 450 CONGREGATIONE
710 393 1131 447 aucto-Benemcnmt.
1201 391 1268 459 103

161 582 197 639 et
213 571 339 638 fructus
354 568 526 656 proferant
536 589 613 636 vere
628 571 889 654 salutares,opus
905 578 957 634 est
968 568 1032 634 illis
1042 588 1110 633 non
1123 567 1272 633 ministe·
1298 562 1446 659 ffiffl'g·

162 677 214 742 rio
230 685 363 741 tantum
380 673 631 753 monachorum,
645 675 704 740 sed
721 674 830 739 multo
845 673 953 758 magis
968 671 1134 756 exemplis
1156 691 1271 737 eorum
1338 666 1404 726 1890-

160 786 393 865 sanctissimis,
407 806 495 870 quae
511 785 647 852 mirifice
662 796 804 872 possunt
819 785 862 851 ad
878 786 1053 852 veritatem
1069 784 1272 869 persuaden-

159 889 311 971 damari
327 889 485 955 virtutem
510 890 835 956 commendandam:
859 898 893 955 et
918 888 995 954 licet
1019 887 1165 953 cultores
1186 887 1273 952 tales

158 993 376 1078 evangelicae
389 993 517 1072 vineae,
539 993 693 1060 industrii
717 991 983 1078 probabilesque,
1000 1011 1067 1057 non
1084 990 1205 1068 desint,
1232 1009 1274 1055 eo

160 1110 278 1166 tamen
304 1097 416 1181 piures
440 1098 704 1163 numerabuntur
728 1106 763 1162 et
789 1097 864 1181 plus
889 1097 1090 1162 auctoritate
1104 1096 1273 1174 valebunt,

161 1223 233 1292 quo
254 1201 464 1268 monasteriis
486 1203 653 1285 praesidia
675 1202 896 1268 institutionis
919 1201 1132 1278 accreverint,
1154 1209 1190 1267 et
1212 1200 1274 1266 lux

161 1304 370 1376 domesticae
399 1305 614 1390 perfectionis
644 1306 855 1391 praestiterit
881 1343 926 1358 -··
951 1305 1104 1372 Edendis
1139 1306 1274 1388 insuper
1329 1331 1451 1377 mosara.

161 1409 296 1495 seriptis
310 1429 415 1494 qaum
431 1429 570 1494 campus
586 1411 801 1476 missionibus
817 1421 932 1495 pateat
941 1411 1060 1495 copiae
1071 1409 1275 1495 multiplicis,
1300 1389 1343 1496 ζ’
1369 1391 1452 1494 ,22⁸²

161 1514 197 1579 in
224 1533 294 1598 quo
319 1511 416 1579 Ordo
440 1513 678 1582 Benedictinus
703 1535 763 1600 per
787 1525 915 1581 aetates
930 1533 1049 1580 omnes
1075 1521 1172 1580 tanta
1198 1533 1273 1578 cum
1297 1463 1454 1630 fiam·

160 1617 270 1703 gloria
296 1615 490 1697 elaboravit,
516 1619 549 1683 in
575 1641 616 1685 eo
640 1620 715 1704 ipso
739 1619 883 1684 Familia
911 1618 1066 1702 Anglica,
1088 1617 1276 1683 coniunctis
1301 1627 1451 1690 scriptorum.

161 1723 284 1788 animis
300 1731 336 1787 et
350 1720 530 1802 laboribus,
543 1724 771 1790 doctrinarum
797 1723 918 1790 studiis
941 1723 1099 1788 excitatis
1123 1731 1225 1806 atque
1241 1721 1274 1787 in

163 1824 285 1890 melius
300 1823 476 1908 provectis,
490 1826 630 1892 honeste
645 1828 769 1912 poterit
782 1827 975 1910 utiliterque
990 1837 1137 1892 certare:
1152 1826 1277 1907 scripta

164 1927 256 1994 enim
273 1927 469 1995 eruditionis
492 1929 593 2014 plena
608 1941 643 1997 et
658 1931 826 1996 litteratae
841 1930 1018 2014 gravitatis
1040 1930 1224 1995 admodum
1242 1930 1276 1994 in

162 2031 295 2115 Anglia
324 2030 514 2116 proficiunt,
539 2033 597 2098 ubi
627 2033 847 2118 intelligentis
871 2033 986 2098 iudicii
1014 2034 1093 2098 viris
1123 2034 1277 2116 quaesita

162 2135 359 2220 probantur,
374 2137 592 2220 scriptoribus
608 2137 781 2204 catholicis
807 2138 952 2221 gratiam
979 2137 1171 2215 conciliant,
1185 2156 1277 2201 reve-

161 2238 308 2304 rentiam
339 2239 478 2306 eliciunt
507 2261 587 2325 erga
615 2241 802 2307 Ecclesiam
834 2260 1019 2317 romanam,
1050 2241 1093 2306 ad
1124 2259 1278 2321 eamque,

160 2337 312 2431 quodpfit
325 2361 495 2426 persaepe,
511 2344 627 2408 devios
642 2344 795 2410 invitant.
811 2379 856 2394 -
874 2340 936 2406 illa
950 2361 1086 2425 quoque
1110 2341 1277 2406 laboriosa
1302 2340 1357 2410 ¹2⁸4
1370 2340 1455 2386 dm·

1303 2403 1455 2457 hajamin·

162 2456 199 2508 et
228 2445 341 2528 magni
368 2447 532 2512 momenti
548 2467 661 2531 opera,
676 2467 779 2531 quam
797 2446 1001 2512 imbuendae
1017 2445 1276 2528 edocendaeqne
1303 2459 1339 2528 riq
1348 2471 1365 2502 a
1382 2471 1455 2528 care

161 2548 332 2614 iuventuti
359 2547 393 2613 in
422 2549 512 2615 ludis
542 2551 712 2616 litterariis
742 2563 776 2616 et
806 2553 840 2617 in
878 2547 1038 2634 e'phebeis
1076 2549 1277 2614 missionarii
1302 2517 1353 2622 22⁸.
1363 2531 1454 2636 ,1233

159 2649 377 2734 impendunt,
406 2672 452 2718 ex
482 2654 625 2720 arctiore
661 2674 740 2720 cum
780 2653 992 2720 monasteriis
1030 2653 1278 2718 necessitudine
1301 2636 1426 2741 ἵζω·

162 2754 314 2820 suturum
345 2755 496 2840 proiecto
526 2759 598 2837 erit,
624 2769 661 2824 ut
691 2758 870 2842 perfectius
897 2758 1061 2842 quiddam
1092 2755 1278 2840 contingat,
1294 2709 1417 2816 sruc‘ri'm.
1431 2699 1456 2743 a

161 2868 409 2944 proptereaque
435 2858 494 2926 fiat
518 2871 553 2928 et
579 2863 612 2928 in
640 2863 895 2928 existimatione
920 2861 1065 2945 amplior
1091 2871 1125 2928 et
1147 2859 1276 2925 civitati

166 2962 284 3029 multis
300 2963 410 3028 modis
426 2964 567 3031 uberior.

211 3065 291 3132 Huc
302 3066 470 3146 nimirum,
482 3078 519 3135 ut
535 3088 601 3136 uua
613 3089 659 3137 ex
676 3071 888 3136 monasteriis
903 3089 942 3136 ac
959 3067 1174 3136 missionibus
1185 3087 1275 3133 com·
1302 3065 1454 3172 nmiffl'g·

162 3171 282 3236 munio
296 3171 463 3250 evaderet,
478 3173 526 3238 sic
542 3182 580 3239 ut
594 3175 834 3240 coenobiorum
862 3174 1074 3259 praepositis,
1099 3182 1275 3256 tamquam
1302 3184 1438 3230 missionem

163 3275 343 3360 potestatis
377 3293 516 3341 munere
552 3277 842 3358 antecedentibus,
879 3278 1037 3344 monachi
1075 3276 1275 3344 missionarii
1300 3244 1454 3372 ignff'ss

161 3378 341 3443 subessent
367 3388 402 3443 et
427 3378 612 3460 obedirent,
634 3401 796 3465 responsa
822 3390 1070 3465 spectaverunt,
1095 3379 1275 3445 adelectis

162 3479 402 3548 cardinalibus
417 3481 499 3548 data
514 3493 548 3548 et
563 3486 764 3552 auctoritate
781 3485 908 3551 Nostra
932 3484 1072 3552 hrmata
1097 3483 1172 3549 Etsi
1196 3504 1276 3550 vero
1302 3480 1439 3533 ‘nme

160 3585 207 3651 ad
221 3593 324 3670 caput
335 3584 543 3670 quaestionis
554 3588 700 3673 primum
714 3603 752 3660 :c
767 3589 1011 3673 Derogandum
1026 3608 1069 3654 ne
1080 3598 1115 3654 et
1126 3607 1275 3671 quonam

162 3707 184 3764 a
202 3694 307 3757 modo
321 3693 366 3758 de
381 3692 580 3760 Urbaniana
596 3695 849 3763 Constitutione
866 3695 1028 3761 Plantam
1042 3715 1104 3779 pro
1128 3695 1275 3778 Congre·
1301 3755 1349 3788 m
1373 3740 1455 3802 infici,

165 3796 340 3881 (gatione
364 3795 785 3881 Aegle-Benedicent»
817 3819 1015 3884 responsum
1046 3809 1124 3866 est:
1152 3813 1169 3869 t
1196 3799 1274 3864 Non
1301 3808 1437 3872 mmm

163 3900 271 3968 videri
287 3901 330 3966 de
348 3919 389 3966 ea
403 3901 635 3985 derogandum
651 3917 688 3974 s:
703 3923 771 3969 non
787 3913 901 3969 tamen
928 3901 962 3967 id
986 3903 1112 3968 iactum
1136 3902 1276 3986 perinde
1300 3861 1452 3980 mxc?

163 4001 262 4089 quasi
292 4023 333 4067 ea
363 4004 520 4069 rectionis
550 4005 636 4072 ratio
666 4005 759 4071 nulla
788 4006 862 4070 visa
885 4005 930 4072 sit
953 4005 1192 4071 emendatione
1217 4015 1277 4072 aut

164 4106 403 4194 immutatione
418 4127 526 4191 egere,
540 4119 575 4174 at
598 4111 709 4175 verius
733 4111 813 4194 quia
837 4129 915 4192 spes
941 4117 1013 4175 erat
1039 4107 1111 4174 iore
1139 4118 1174 4175 ut
1191 4109 1276 4174 eius·

170 4212 264 4278 modi
280 4211 412 4296 rogatio
426 4230 447 4276 a
459 4211 633 4280 monachis
648 4213 729 4298 ipsis
745 4212 1017 4298 proficisceretur,
1027 4213 1161 4296 saepius
1176 4223 1278 4280 antea

169 4315 338 4402 professis,
366 4315 464 4382 huius
494 4317 716 4403 Apostolicae
745 4317 845 4385 Sedis
874 4319 1001 4403 optatis
1030 4316 1137 4382 nihilo
1167 4319 1278 4383 minus

170 4441 275 4506 quam
301 4419 439 4486 monitis
461 4422 714 4507 praeceptisque
738 4420 831 4486 omni
858 4439 895 4487 se
916 4420 1002 4486 velle
1026 4430 1060 4486 et
1074 4421 1279 4488 demissione
