3336 4870
426 1185 598 1245 PLAGIS
634 1183 1039 1245 CONSTITUENDIS.

364 1500 514 1564 XIMIA
536 1499 645 1581 pietas
672 1507 730 1561 tua
758 1507 791 1562 et
816 1499 974 1578 studium,
999 1520 1067 1582 quo
1092 1499 1223 1583 flagras,
1247 1510 1285 1565 ut

175 1495 364 1876 {E}
385 1603 555 1684 religionis
580 1601 735 1666 salutaris
760 1601 810 1664 vis
838 1601 936 1666 latius
963 1614 1140 1686 promanet
1161 1606 1194 1669 in
1218 1624 1285 1682 eos,
1321 1577 1451 1680 '‘ridi‘'
1526 1577 1532 1588 ⁸

212 1792 323 1806 ,-
384 1707 440 1790 qui
465 1707 575 1782 istam,
590 1705 642 1768 cui
670 1725 796 1788 praees,
811 1706 982 1788 regionem
1008 1707 1167 1784 incolunt,
1190 1727 1284 1791 prae·

405 1810 414 1872 l
1346 1780 1462 1850 Pontifex

385 1831 474 1873 care
488 1807 698 1873 enitebant'
688 1829 722 1871 m
739 1809 779 1872 iis
805 1808 933 1887 litteris,
949 1830 1032 1893 quas
1055 1811 1162 1894 pridie
1178 1830 1284 1876 nonas
1311 1839 1416 1884 pm,
1432 1853 1462 1885 a,

176 1915 336 1982 Octobris
360 1914 403 1978 ad
431 1913 505 1977 Nos
528 1912 661 1976 dedisti.
689 1912 754 1975 His
780 1913 936 1995 equidem
966 1913 1103 1978 mirifice
1127 1913 1284 1978 delectati
1306 1905 1369 2016 μί’*
1360 1899 1462 2002 [ἕνῇ

175 2040 303 2098 sumus,
317 2039 424 2102 eoque
440 2017 627 2094 iucundius,
643 2018 733 2100 quod
750 2017 853 2080 animi
870 2037 987 2083 sensus
1003 2029 1037 2082 et
1053 2019 1233 2101 petitiones
1248 2021 1281 2082 in
1309 2017 1462 2135 ,5messss

175 2126 218 2189 iis
234 2125 421 2207 explicatas
436 2143 505 2187 non
520 2122 580 2186 abs
596 2131 631 2186 te
645 2142 714 2186 uno
729 2119 896 2204 prolectas
922 2121 1160 2202 intelleximus,
1175 2125 1234 2188 sed
1250 2135 1283 2188 et
1326 2143 1398 2205 extr
1385 2136 1443 2180 sris

176 2229 223 2293 ab
239 2237 381 2311 utroque
397 2227 526 2293 Ordine
541 2226 759 2309 amplissimo,
775 2245 878 2308 penes
904 2246 1005 2308 quem
1029 2227 1140 2310 legum
1168 2227 1283 2292 iuben·
1308 2195 1462 2322 Ξῖᾗῗίᾝ.

177 2334 297 2396 darum
314 2341 465 2415 potestas
481 2340 540 2395 est.
555 2368 599 2379 —
616 2329 753 2412 Quare
744 2340 908 2394 incertum
925 2329 1034 2394 Nobis
1058 2350 1124 2395 non
1149 2334 1253 2412 erat,
1244 2334 1283 2396 ris
1310 2314 1428 2374 rzasagrt.

181 2433 300 2499 litteris
325 2454 443 2498 sensus
468 2434 623 2516 exprimi,
637 2433 848 2498 voluntatem
876 2441 910 2496 et
936 2441 1017 2497 vota
1040 2435 1187 2499 nationis
1212 2436 1284 2500 uni-

177 2561 305 2607 versae.
329 2541 407 2606 Hoc
434 2550 547 2605 autem
574 2560 754 2603 commune
779 2539 927 2603 studium
955 2549 993 2604 ut
1019 2560 1078 2624 per
1093 2541 1284 2608 Vicariatus
1325 2571 1436 2618 emp,-
1420 2589 1460 2620 m

175 2645 417 2729 Apostolieos
408 2667 441 2710 rn
452 2645 562 2728 plagis
571 2645 998 2709 Amazonicisconstitutos
1009 2645 1133 2711 Christi
1145 2666 1284 2729 regnum
1310 2631 1375 2751 ἔξω
1375 2631 1460 2738 ἴκξζ,

177 2748 439 2830 amplificetur
430 2769 464 2811 rn
485 2749 589 2825 terris,
606 2768 673 2812 non
701 2749 811 2810 minus
828 2747 938 2810 Nobis
962 2748 1083 2813 solatio
1107 2759 1159 2813 est
1161 2771 1284 2832 ,quam
1322 2752 1453 2797 Ammona·-

178 2853 294 2917 decori
318 2852 415 2916 vobis
431 2861 465 2916 et
480 2852 639 2917 laudi.—
655 2851 870 2932 Perspicuum
895 2870 1042 2934 namque
1068 2862 1286 2938 apertamque
1310 2811 1373 2916 ‘iia
1374 2811 1463 2915 iili*-

180 2957 263 3022 lacit
290 2958 400 3022 vivam
429 2977 515 3041 quae
541 2957 634 3038 viget
658 2956 692 3018 in
716 2955 843 3038 populo
870 2954 981 3033 fidem,
1006 2957 1205 3040 simulque
1196 2980 1230 3023 m
1253 2970 1287 3024 te
1312 2929 1351 3033 ἵζ’
1340 2941 1464 3036 ἀφ’

179 3063 324 3145 aliisque
355 3061 413 3147 qui
437 3081 590 3125 summae
621 3061 668 3122 rei
701 3069 860 3141 praesunt
893 3061 1054 3142 pietatem
1089 3065 1288 3145 prudentiae

177 3167 408 3242 coniunctam,
433 3185 549 3249 parem
574 3164 730 3247 gravitati
759 3164 905 3227 muneris
931 3173 966 3228 et
991 3164 1127 3229 excelso
1151 3167 1288 3230 honoris

177 3270 300 3354 gradui
325 3289 426 3353 quem
442 3268 611 3333 obtinetis.
625 3304 669 3315 —
685 3267 737 3331 Ac
753 3287 834 3330 sane
850 3266 932 3330 nihil
948 3268 1083 3350 dignius
1099 3269 1288 3334 christianis

178 3375 262 3438 viris
277 3384 311 3438 et
326 3373 535 3457 sapientibus
549 3373 695 3436 civitatis
711 3371 988 3451 moderatoribus,
1003 3373 1086 3436 nihil
1102 3375 1226 3458 pariter
1242 3377 1288 3438 rei

179 3479 338 3564 publicae
368 3478 493 3555 utilius,
518 3497 621 3560 quam
647 3476 799 3539 sedulam
827 3477 907 3539 dare
937 3497 1085 3560 operam,
1109 3489 1146 3543 ut
1169 3479 1289 3563 ingens

178 3583 358 3648 hominurn
387 3582 578 3657 multitudo,
601 3601 688 3664 quae
718 3579 907 3664 propinqua
939 3583 1057 3645 vestris
1088 3583 1226 3648 urbibus
1255 3593 1290 3648 et

179 3688 318 3771 oppidis
345 3687 476 3765 accolit,
506 3685 657 3749 excussis
687 3684 898 3766 ignorantiae
928 3685 1084 3764 tenebris,
1114 3696 1148 3749 et
1179 3686 1290 3768 posita

180 3788 307 3870 agresti
323 3787 505 3871 asperitate
520 3804 662 3863 morum,
677 3784 751 3848 luce
777 3784 960 3848 illustretur
982 3785 1195 3868 evangelicae
1209 3786 1290 3849 doc·

179 3893 302 3970 trinae,
330 3912 370 3955 ac
400 3890 499 3955 simul
530 3890 680 3953 humano
710 3888 866 3972 civilique
902 3887 1006 3952 cultui
1044 3899 1223 3954 assuescat.
1246 3925 1291 3937 -

181 3997 370 4078 Propterea
385 3994 456 4071 tibi,
471 3992 593 4057 dilecte
610 3992 684 4069 Fili,
699 3991 820 4055 nobilis
846 4000 880 4054 et
896 3990 1032 4056 illustris
1048 3991 1119 4068 Vir,
1134 3992 1291 4055 dubitan·
1340 4005 1402 4062 sper
1400 4007 1468 4062 arlo

180 4103 266 4165 dum
294 4119 362 4164 non
387 4107 438 4163 est
462 4099 542 4181 quin
570 4117 632 4180 pro
659 4116 700 4160 eo
716 4117 755 4160 ac
771 4096 964 4173 debeamus,
979 4094 1113 4178 plurimi
1130 4094 1292 4158 iaciamus
1308 4067 1470 4193 srssrssriess'ss}

181 4203 387 4270 desiderium
414 4211 520 4279 tuum,
544 4201 698 4284 adeoque
723 4198 903 4283 petitiones
933 4199 1000 4263 tuis
1030 4199 1293 4282 comprehensae
1316 4182 1408 4289 2222*
1424 4181 1468 4227 ἡ·

183 4308 304 4372 litteris
331 4306 528 4391 praecipuas
553 4326 648 4370 curas
666 4305 809 4370 Nostras
825 4304 867 4366 ad
885 4322 921 4366 se
937 4304 1171 4369 converterint.
1188 4302 1293 4385 Equi·

183 4411 263 4474 dem
279 4409 347 4473 iam
364 4409 597 4474 mandavimus
612 4407 834 4492 prudentibus
861 4405 1022 4490 lectisque
1046 4407 1133 4484 viris,
1150 4425 1292 4490 quorum
