3140 4866
438 417 559 468 runnx
586 417 837 470 auxnurrcus
1120 411 1191 481 299

1138 557 1191 608 Pag.

156 641 288 712 Quinque
299 657 382 697 novae
394 641 478 698 sedes
488 643 548 713 jam
566 653 669 698 erectae
680 662 688 709 ;
701 643 752 700 sed
768 659 826 698 non
839 640 982 696 sufficiunt
996 652 1120 708 ²3²·233·

154 719 333 776 —Omnibus
342 721 394 776 rite
404 721 568 792 praemissis,
581 723 618 778 de
631 721 762 777 consulto
775 738 809 776 ac
822 737 964 776 consensu
976 734 1075 774 eorum
1084 716 1122 771 ad

155 816 226 870 quos
239 810 358 872 spectat,
372 801 503 857 Pontifex
523 801 606 872 erigit
618 818 722 856 novam
743 800 933 858 hierarchiam
947 814 980 868 23
984 812 1074 867 3-234
1087 825 1122 835 -

157 880 246 934 Sedes
258 879 295 935 (10
302 881 512 951 Antequerade
522 881 640 936 Linares
649 891 678 936 et
686 881 723 937 de
734 882 871 950 Durango
883 879 921 935 ad
931 877 1121 950 archiepisco-

155 959 249 1031 palem
263 975 297 1014 ac
316 959 568 1029 metropolitanum
588 961 709 1029 gradum
730 961 923 1031 provehuntur
945 973 1006 1027 234.
1028 987 1064 998 ·-
1088 957 1121 1010 ln

157 1039 308 1094 Mexicana
317 1038 425 1094 ditione
437 1039 562 1110 quinque
578 1056 661 1094 novae
674 1039 758 1096 sedes
774 1038 952 1110 episcopales
970 1044 1120 1091 creantur:

154 1133 171 1171 a
190 1116 367 1186 Chihuahna,
381 1135 398 1172 a
411 1117 531 1185 Saltillo,
544 1135 561 1172 a
574 1118 673 1188 Tepic,
691 1136 709 1173 a
721 1119 914 1185 Cnemavaca,
928 1135 945 1172 a
958 1117 1119 1171 Tehuante·

154 1213 215 1267 pec,
227 1214 348 1268 quarum
360 1197 432 1253 fines
452 1196 658 1266 describuntur,
671 1207 700 1253 et
722 1198 866 1266 cathedrae
878 1197 1039 1253 conduntur
1059 1209 1119 1264 234.

155 1305 191 1316 -
202 1275 391 1345 Antiquarum
412 1275 523 1332 sedium
535 1277 709 1333 mutationes
721 1276 897 1332 diffiniuntur
906 1289 967 1346 237.
980 1305 1016 1314 -
1027 1277 1122 1330 Nova·
1221 1319 1224 1323 .

154 1371 216 1408 rum
229 1353 340 1409 sedium
353 1354 433 1425 paria
445 1371 510 1410 curn
523 1355 647 1427 antiquis
657 1355 723 1426 jura
735 1357 791 1412 sint
804 1371 820 1410 2
825 1357 865 1424 38.
877 1385 913 1396 -
927 1357 1019 1411 Novae
1037 1353 1122 1412 sedes

154 1433 313 1488 liberalitati
327 1433 453 1488 fidelium
466 1435 703 1491 commendantur
714 1436 775 1505 238.
785 1465 821 1476 --
833 1435 866 1490 ln
876 1451 990 1506 quaque
1003 1433 1121 1490 dioecesi

154 1512 279 1581 erigatur
290 1511 474 1567 seminarium
487 1513 525 1568 ad
537 1523 663 1570 mentem
677 1513 836 1570 Tridentini
854 1515 915 1583 238.
930 1544 966 1555 -
985 1513 1124 1570 Doctrina

155 1591 286 1662 Angelici
309 1591 444 1646 Doctoris
466 1591 550 1647 ineis
573 1609 631 1663 prae
651 1593 784 1649 omnibus
805 1592 915 1648 colatur
927 1607 989 1661 239·
1007 1621 1042 1633 ·-
1054 1593 1123 1664 Jura

155 1669 324 1726 Antistitum
335 1687 370 1726 ac
383 1687 502 1726 munera
522 1671 591 1742 ipsis
604 1673 740 1730 obeunda
755 1673 932 1744 explicantur
944 1687 1005 1742 239.
1024 1701 1059 1714 -
1079 1672 1123 1726 ln·

155 1749 263 1805 stitutio
280 1750 419 1805 scholaris
432 1751 576 1822 praecipue
588 1768 686 1807 eorum
699 1753 758 1808 zelo
776 1751 996 1808 commendatur
1009 1766 1070 1818 240
1089 1779 1124 1790 -

155 1831 283 1886 Foveant
305 1831 421 1900 insuper
441 1830 556 1886 ordines
578 1831 726 1902 religiosos
745 1847 806 1899 240.
826 1863 862 1874 -
880 1833 954 1888 Aliae
975 1831 1123 1888 canonicae

156 1909 342 1964 formalitates
360 1907 513 1981 implentur
526 1925 585 1977 240.
599 1941 634 1951 -
648 1909 863 1967 Distribuuntur
894 1912 1035 1968 Ecclesiae
1052 1911 1125 1967 inter

156 1988 417 2060 archiepiscopatus
439 2003 499 2056 241.
519 2018 554 2029 -
577 1989 633 2044 Hae
646 1989 747 2045 litterae
764 1990 853 2046 firmae
872 2007 907 2046 ac
930 1999 1000 2046 ratae
1016 1992 1124 2046 baben·

158 2067 204 2122 dae
216 2081 277 2137 241,
291 2067 533 2124 Guadalaxarensi
545 2067 769 2140 Archiepiscopo
782 2070 971 2140 exsequenda
987 2069 1125 2126 mandan-

159 2157 206 2202 tur
216 2160 276 2213 242.

123 2268 173 2321 56.
195 2268 403 2320 EPISTOLA
417 2267 459 2318 ad
474 2267 741 2332 Arshleplsoopos
756 2230 788 2321 et
801 2271 979 2332 Episcopos
992 2271 1125 2322 Lusita-

85 2357 161 2406 0100.
181 2356 230 2407 De
248 2356 347 2407 rebus
363 2355 534 2406 nathollcls
552 2357 587 2407 ln
609 2357 793 2407 Lusitania.
813 2381 849 2390 -
867 2355 910 2408 25
925 2357 1017 2421 Junlt
1036 2357 1122 2409 1891.
1145 2351 1197 2420 246

194 2469 322 2524 Pontifex
335 2467 433 2524 laudat
454 2467 560 2524 001010
583 2467 689 2525 recenti
709 2479 850 2524 conventu
871 2469 1006 2524 Bracarae
1027 2468 1126 2524 habita

159 2550 219 2615 246.
235 2577 271 2589 -
284 2549 356 2604 Inde
369 2547 551 2604 occasionem
564 2548 649 2603 sumit
663 2558 693 2603 ut
708 2547 811 2603 iterum
823 2549 860 2604 de
872 2550 957 2604 rebus
971 2548 1126 2604 Lusitaniae

158 2645 224 2683 cum
235 2627 364 2699 ejusdem
384 2626 559 2682 antistitibus
573 2639 639 2697 agat
653 2625 713 2694 246.
725 2657 761 2666 -
775 2629 855 2683 Mala
870 2637 1040 2698 temporum,
1054 2644 1125 2698 prce-

158 2707 256 2762 sertim
268 2706 338 2761 tides
348 2707 378 2761 in
388 2705 541 2760 discrimen
552 2716 661 2777 vocata,
672 2723 798 2777 congrua
807 2707 935 2762 remedia
945 2707 1125 2777 expostulant

159 2799 219 2853 247.
227 2815 263 2826 -
271 2785 343 2856 Quae
355 2794 386 2840 ut
399 2784 542 2841 efficacius
552 2787 739 2856 applicentur,
748 2785 903 2842 concordia
913 2786 1039 2857 perfecta
1053 2786 1127 2840 inter

160 2864 310 2921 Antistites
323 2865 443 2919 multum
455 2875 573 2935 praestat
587 2879 646 2932 247.
656 2895 692 2905 -
704 2865 751 2920 Ad
768 2866 844 2921 hanc
859 2881 927 2922 vera
940 2864 1124 2921 concordiam

159 2945 282 3000 maxime
302 2943 451 3000 conferunt
474 2943 684 3016 Episcoporum
708 2954 866 3000 conventus
891 2943 977 3000 annui
1004 2958 1064 3011 247.
1091 2973 1125 2984 -

162 3025 255 3097 Hujus
267 3023 452 3080 institutionis
465 3024 571 3080 fructus
584 3035 779 3095 exponuntur:
792 3025 870 3080 Unio
883 3024 974 3094 major
987 3024 1061 3079 inter
1073 3025 1125 3078 Pa-

163 3115 254 3160 stores
266 3115 352 3175 atque
368 3119 469 3173 greges
481 3121 488 3169 3
507 3102 676 3160 deliberatio
688 3104 848 3160 communis
861 3103 899 3159 de
918 3105 1003 3159 rebus
1020 3103 1127 3159 condu-

160 3183 289 3240 centibus
302 3183 339 3238 ad
355 3181 514 3236 animorum
536 3183 775 3250 informationem,
788 3184 947 3255 praesertim
966 3181 1042 3252 cleri,
1059 3199 1126 3238 nec·

160 3280 219 3319 non
239 3263 327 3334 ipsius
340 3260 449 3334 populi;
467 3260 583 3332 insuper
595 3262 847 3333 favendireligiosi
860 3260 975 3317 ordines
992 3259 1127 3332 perutiles

159 3351 220 3397 tum
232 3341 260 3397 in
272 3357 362 3412 regno
375 3338 538 3408 Lusitania,
551 3350 613 3396 tum
629 3339 657 3395 in
676 3341 839 3412 regionibus
858 3341 912 3412 ipsi
927 3339 1049 3396 subditis
1062 3340 1124 3407 248·

161 3436 221 3489 249.
237 3451 273 3462 -
284 3421 399 3476 Avitam
412 3417 595 3476 traditionem
609 3419 755 3476 Lusitania
768 3421 911 3476 catholica
932 3420 1043 3476 facilius
1065 3437 1125 3476 ser·

159 3500 238 3556 vabit
258 3514 317 3568 249.
338 3530 374 3541 -
394 3499 540 3560 Sodalitiis
562 3499 703 3570 religiosis
722 3501 829 3570 adiuta,
852 3499 967 3555 favente
990 3499 1128 3569 gubernio

165 3579 309 3648 Lusitano,
322 3579 423 3637 Eccles
438 3577 630 3648 iareipublicae
642 3577 850 3634 validissimum
867 3579 1041 3650 praesidium,
1056 3578 1127 3650 opti-

163 3675 275 3715 morum
295 3657 399 3715 civium
420 3659 565 3730 magistra,
579 3658 603 3711 si
623 3667 719 3714 tamen
740 3658 871 3716 libertate
883 3658 1029 3730 gaudeat;
1050 3657 1127 3731 qnod

94 3765 96 3772 v
161 3739 189 3795 in
204 3738 351 3794 Lusitania
363 3741 507 3810 praeeipue
519 3737 645 3792 ostendit
667 3749 793 3808 249-25o
808 3767 842 3780 -·
858 3738 998 3793 Recolens
1019 3753 1125 3808 010100-

159 3819 260 3874 dentes
273 3834 339 3873 suas
352 3819 389 3874 ad
399 3819 550 3875 Lusitanos
563 3815 714 3888 episcopos
726 3817 845 3888 litteras,
854 3815 996 3887 simulque
1006 3817 1126 3888 gloriam

157 3897 250 3969 gentis
260 3897 411 3966 Lusitana,
423 3898 563 3954 doctrinae
576 3897 725 3953 catholica
738 3897 797 3952 vim
806 3898 930 3954 maxime
940 3899 1124 3955 commendat

158 3988 219 4046 251.
233 4004 268 4016 -
279 3977 376 4032 Zelum
388 3977 557 4034 Antistitum
569 3975 668 4032 laudat
680 3987 765 4047 atque
778 3976 905 4032 stimulat
915 3989 978 4046 251.

123 4104 404 4156 57.n·.1³1sror.a
425 4106 468 4155 ad
495 4105 789 4166 arehiepiscopum
816 4103 1051 4155 Travlrensem.
1080 4105 1128 4154 De

89 4205 182 4248 saona
200 4192 239 4244 D.
261 4193 300 4244 N.
323 4191 661 4255 Το0100.-11]0111
681 4189 766 4241 1891.
1096 4200 1199 4258 253

197 4299 327 4357 Pontifex
343 4301 449 4371 gaudet
463 4317 575 4356 sacram
589 4301 626 4355 D.
641 4301 679 4354 N.
697 4297 837 4354 Tunicam
857 4298 894 4353 ad
915 4298 1127 4353 venerationem

159 4377 284 4436 fidelium
295 4397 362 4435 mox
374 4380 515 4452 majorum
536 4395 614 4434 more
628 4377 844 4450 proponendam
863 4391 924 4446 253.
945 4407 978 4418 -
995 4377 1126 4447 Dignita-

160 4467 218 4514 tem
230 4475 265 4515 ac
276 4458 383 4516 fructus
395 4458 479 4530 hujus
491 4457 597 4530 publici
607 4458 699 4514 cultus
712 4457 836 4512 celebrat
850 4471 911 4526 253.
924 4485 960 4496 -—
974 4455 1079 4512 Leonis
1092 4457 1128 4522 Χ,
