3230 4874
438 343 506 415 128
547 365 644 418 um.
661 367 789 420 APOST.
808 357 829 386 ⁸⁶
844 369 1117 421 SEMPITERNAM
1137 371 1315 424 DOMINICI
1334 371 1458 422 GREGIS
1472 405 1488 432 ,ι

432 545 577 611 dioecesi
588 555 669 612 tunc
680 548 789 614 solum
800 548 980 614 admittere
991 547 1113 626 licebit,
1132 566 1237 631 quum
1252 547 1389 612 aliarum
1402 547 1510 610 dioece-

433 649 519 714 sium
535 647 662 715 alumni
678 670 746 716 non
762 651 838 730 sint,
854 652 911 736 qui
925 651 1061 718 admitti
1085 660 1213 736 petant,
1227 671 1293 737 qua
1308 652 1343 716 in
1358 649 1511 734 hypothesi

434 753 725 820 Santanderiensis
740 754 901 820 dioecesis
919 753 1091 820 candidati
1106 754 1224 820 ceteris
1244 753 1468 820 anteferentur.
1479 789 1512 802 -

325 871 346 906 2·
394 919 398 930 ,
435 875 462 922 2.
481 857 530 923 Ut
546 855 685 939 piissimi
701 858 850 940 parentis
865 857 1027 922 memoria
1050 857 1211 940 singulari
1227 857 1355 922 honore
1368 875 1513 921 commen·

294 919 322 965 de
348 923 411 964 ratas

259 979 297 1026 aa
331 979 360 1031 a.
371 979 409 1050 aa·
434 962 541 1038 detur,
550 968 692 1043 exoptat
705 959 871 1038 fundator,
880 961 1095 1026 seminarium
1110 961 1216 1026 sancti
1228 959 1374 1027 Antonii
1389 959 1512 1026 Patavini

291 1044 410 1108 ‘miii‘
434 1064 534 1130 titulo
549 1063 779 1147 cognominari
793 1089 801 1129 :
814 1053 990 1148 quin'vero
1005 1065 1098 1131 omni
1114 1085 1160 1130 ex
1175 1074 1271 1150 parte
1286 1064 1439 1130 exclusos
1454 1063 1514 1128 uelit

260 1276 317 1328 πίει·
434 1272 497 1338 sibi
511 1272 734 1338 obtinendum
751 1271 1057 1356 perficiendumque
1068 1272 1267 1356 praestituit,
1283 1282 1322 1338 ut
1337 1273 1400 1338 boc
1415 1290 1512 1336 novun

434 1375 648 1442 seminarium
674 1374 881 1441 Tridentinis
911 1377 1096 1442 seminariis
1125 1394 1225 1459 opem
1248 1376 1344 1453 ierat,
1366 1371 1512 1440 sacerdotii

433 1483 632 1548 candidatos
657 1481 761 1565 gratis
785 1482 971 1558 educando,
996 1481 1053 1565 qui
1085 1480 1219 1565 inopiae
1244 1500 1366 1545 caussa
1390 1487 1514 1560 sumptus

434 1586 648 1668 suppeditare
675 1593 845 1668 nequeunt
875 1584 918 1649 ad
948 1583 1060 1650 studia
1090 1581 1299 1650 conficienda
1332 1581 1514 1650 necessarios.

434 1687 586 1772 quamvis
602 1686 750 1770 alioquin
776 1688 820 1753 ad
845 1688 1068 1752 sacerdotium
1085 1706 1120 1752 se
1143 1687 1302 1751 divinitus
1319 1686 1446 1750 eudemi
1458 1700 1512 1746 sen·

432 1789 528 1855 tiant„
554 1789 656 1856 Unde
683 1790 818 1854 iuvenes
841 1789 900 1874 qui
927 1789 1069 1873 propriis
1092 1789 1281 1873 sumptibus
1302 1789 1442 1866 alantur,
1460 1797 1512 1848 tun

434 1891 543 1957 solum
570 1891 799 1970 admittentur,
814 1911 918 1978 quum
946 1892 1180 1974 experimento
1206 1902 1340 1957 constet
1367 1905 1511 1956 numerum

432 1996 644 2061 alumnorum
661 1997 764 2080 gratis
776 1996 973 2062 alendorum
989 1994 1254 2071 insufficientem,
1266 2015 1330 2060 nec
1343 1993 1511 2078 respondere

434 2100 669 2182 magistrorum
686 2109 782 2165 tanto
797 2100 889 2184 operi
906 2085 1117 2166 addictorum
1133 2119 1283 2177 numero,
1298 2120 1408 2185 neque
1421 2093 1510 2178 ampli·

431 2203 541 2270 tudini
557 2205 689 2270 aedium
707 2205 740 2268 in
756 2204 845 2270 hunc
870 2203 971 2268 finem
997 2213 1237 2269 extructarum
1263 2203 1379 2287 Quare
1396 2205 1510 2268 Patrono

432 2308 552 2374 dehac
568 2329 602 2374 re
619 2310 709 2392 prius
725 2309 936 2391 praemonito
961 2307 1061 2372 ianua
1085 2307 1163 2373 huic
1187 2307 1402 2374 alumnorum
1425 2302 1509 2390 generi

317 2437 344 2484 s·
361 2485 366 2495 ,
389 2484 394 2494 ,
432 2423 512 2479 tunc
527 2414 664 2498 quidem
680 2413 855 2496 pandetur.
866 2449 910 2462 -
923 2429 951 2494 3.
965 2411 1134 2496 Singulari
1150 2411 1330 2495 indulgens
1347 2412 1454 2486 amori,
1462 2427 1510 2491 quo

253 2482 407 2590 §sesamo
432 2517 627 2584 Pontificem
658 2536 835 2583 romanum
862 2537 1041 2594 summurn,
1077 2518 1110 2582 in
1141 2518 1236 2582 terris
1269 2517 1359 2584 Iesu
1383 2517 1510 2584 Cuntsn

255 2601 370 2722 mli}
431 2622 613 2700 Vicarium,
628 2621 781 2686 conditor
796 2622 1013 2706 prosequitur,
1026 2622 1107 2686 illud
1125 2621 1221 2705 erigit
1233 2641 1272 2686 ac
1288 2621 1455 2687 constituit
1465 2617 1509 2681 sub

253 2735 351 2825 m
432 2725 602 2796 Pontificis
618 2726 759 2790 maximi
775 2727 942 2810 praesidio
965 2747 1004 2791 ac
1029 2725 1303 2792 excellentissimi
1334 2727 1446 2792 Nuntii
1459 2725 1509 2786 eius

253 2839 346 2892 ellare·
430 2828 464 2891 in
494 2829 660 2910 Hispania
690 2829 779 2892 vices
802 2829 956 2912 gerentis,
983 2829 1040 2914 qui
1071 2839 1234 2914 perpetuo
1264 2832 1398 2914 patroni
1424 2826 1509 2891 officio

431 2931 608 3014 iungatur:
623 2931 714 3015 quod
731 2932 833 2998 etiam
859 2933 967 3016 magis
992 2943 1253 2998 consentaneum
1276 2933 1416 3010 videtur,
1428 2947 1507 3015 quun

317 3091 320 3100 .
430 3036 607 3100 universali
622 3034 689 3114 fini,
715 3055 816 3120 quem
840 3038 1055 3102 seminarium
1075 3037 1265 3120 praesefert,
1292 3047 1366 3102 tum
1390 3035 1509 3101 maxine

429 3139 641 3205 alumnorum
658 3141 820 3218 varietati,
843 3141 900 3224 qui
926 3161 970 3205 ex
989 3141 1156 3224 Hispania
1174 3141 1413 3226 Hispanaeque
1427 3137 1508 3202 Ane-

320 3287 341 3331 4,
430 3243 516 3306 ricae
530 3243 739 3308 dioecesibus
756 3251 938 3309 accurrant.
955 3279 997 3292 -
1011 3262 1041 3323 4
1058 3243 1142 3308 Vult
1156 3244 1311 3310 conditor
1336 3253 1371 3308 et
1394 3245 1508 3322 exoptat

252 3332 404 3438 ,ffiomffij
430 3358 466 3411 ut
482 3347 640 3431 regimen,
655 3345 831 3429 disciplina
846 3356 881 3411 et
896 3355 969 3412 tota
983 3348 1152 3412 seminarii
1168 3349 1413 3414 administratio
1427 3359 1507 3428 penes

251 3451 324 3555 {netgo
344 3466 404 3557 ⁶022
431 3451 607 3517 Societatis
643 3452 730 3518 IESU
762 3453 877 3516 Patres
908 3454 1153 3530 constituatur;
1184 3454 1276 3537 quod
1308 3464 1344 3519 ut
1375 3452 1507 3520 obtineat,

252 3582 297 3626 que
304 3543 399 3617 alala
429 3559 667 3640 proprietatem
695 3553 837 3620 aedificii
864 3557 906 3621 ad
923 3557 1087 3640 oppidum
1105 3567 1123 3622 i
1141 3555 1303 3623 Comillas
1319 3575 1338 3629 s
1356 3557 1420 3623 suis
1438 3568 1507 3616 sum·

427 3660 540 3743 ptibus
565 3657 711 3723 extructi
738 3676 877 3722 romano
904 3657 1058 3723 Pontifici
1076 3657 1199 3725 Christi
1223 3661 1258 3724 in
1279 3661 1375 3725 terris
1389 3652 1506 3722 vicario,

428 3763 569 3828 libenter
584 3763 693 3828 tradit
712 3762 814 3828 Unde
835 3764 1021 3846 proprietas
1045 3761 1301 3848 dominiumque
1329 3763 1413 3830 reale
1426 3772 1506 3842 pene⁵

429 3865 589 3934 Sanctam
607 3865 740 3944 Sedem,
762 3865 970 3931 ususfructus
992 3887 1071 3931 vero
1091 3885 1194 3950 penes
1218 3865 1418 3932 Societatem
1439 3863 1504 3926 IsssU

428 3977 590 4053 perpetuo
606 3970 676 4034 erit.
695 3969 772 4034 Hoc
786 3988 866 4034 vero
878 3969 1068 4035 aedificium
1084 3971 1126 4035 ad
1143 3969 1246 4036 allum
1263 3969 1363 4036 finem
1374 3957 1505 4035 destinasi

429 4091 495 4137 non
511 4073 644 4155 poterit,
659 4081 790 4155 praeter
806 4091 893 4150 eum,
908 4092 1007 4156 quem
1031 4073 1140 4157 primo
1162 4075 1273 4158 capite
1296 4070 1502 4158 expressimus

428 4173 478 4238 At
494 4195 572 4240 vero
587 4175 615 4239 si
631 4174 716 4240 sorte
730 4176 956 4255 seminarium,
968 4177 1180 4243 alumnorum
1193 4174 1368 4242 deficiente
1381 4185 1502 4239 numero.

428 4279 490 4341 rite
527 4279 681 4361 progredi
720 4279 771 4344 vei
810 4289 946 4364 propter
983 4283 1132 4365 inopiam
1171 4281 1308 4346 eosdem
1345 4284 1502 4346 sustentare

428 4389 581 4460 nequeat,
608 4391 687 4444 tunc
713 4384 865 4448 societati
892 4383 1005 4450 licebit
1027 4383 1215 4450 aedificium
1243 4385 1286 4450 ad
1309 4383 1407 4448 alium
1421 4378 1499 4443 finem
