<?xml version="1.0" encoding="UTF-8"?>
<!DOCTYPE html PUBLIC "-//W3C//DTD XHTML 1.0 Transitional//EN"
    "http://www.w3.org/TR/xhtml1/DTD/xhtml1-transitional.dtd">
<html xmlns="http://www.w3.org/1999/xhtml" xml:lang="en" lang="en">
 <head>
  <title>
</title>
<meta http-equiv="Content-Type" content="text/html;charset=utf-8" />
  <meta name='ocr-system' content='tesseract 3.04.00' />
  <meta name='ocr-capabilities' content='ocr_page ocr_carea ocr_par ocr_line ocrx_word'/>
</head>
<body>
  <div class='ocr_page' id='page_1' title='image "./sanctissimidomi03xiiigoog_0336.png"; bbox 0 0 3250 4876; ppageno 0'>
   <div class='ocr_carea' id='block_1_1' title="bbox 514 409 914 466">
    <p class='ocr_par' dir='ltr' id='par_1_1' title="bbox 514 409 914 466">
     <span class='ocr_line' id='line_1_1' title="bbox 514 409 914 466; baseline 0.02 -8"><span class='ocrx_word' id='word_1_1' title='bbox 514 409 635 461; x_wconf 85' lang='lat' dir='ltr'><strong>INDEX</strong></span> <span class='ocrx_word' id='word_1_2' title='bbox 663 412 914 466; x_wconf 82' lang='lat' dir='ltr'>ANALl&#39;TlCUS.</span> 
     </span>
    </p>
   </div>
   <div class='ocr_carea' id='block_1_2' title="bbox 225 567 1269 690">
    <p class='ocr_par' dir='ltr' id='par_1_2' title="bbox 225 567 1269 690">
     <span class='ocr_line' id='line_1_2' title="bbox 225 567 1269 690; baseline 0.01 -26"><span class='ocrx_word' id='word_1_3' title='bbox 225 605 394 664; x_wconf 80' lang='lat' dir='ltr'><strong>callentium</strong></span> <span class='ocrx_word' id='word_1_4' title='bbox 411 619 468 674; x_wconf 89' lang='lat'>179,</span> <span class='ocrx_word' id='word_1_5' title='bbox 484 607 542 662; x_wconf 89' lang='lat'>180.</span> <span class='ocrx_word' id='word_1_6' title='bbox 551 636 588 648; x_wconf 90' lang='lat'>-</span> <span class='ocrx_word' id='word_1_7' title='bbox 603 611 728 668; x_wconf 74' lang='lat' dir='ltr'>Pastoris</span> <span class='ocrx_word' id='word_1_8' title='bbox 741 614 808 669; x_wconf 92' lang='lat' dir='ltr'>boni</span> <span class='ocrx_word' id='word_1_9' title='bbox 821 631 926 670; x_wconf 90' lang='lat' dir='ltr'>munus</span> <span class='ocrx_word' id='word_1_10' title='bbox 936 630 1094 690; x_wconf 88' lang='lat' dir='ltr'>exsequens</span> <span class='ocrx_word' id='word_1_11' title='bbox 1107 617 1136 672; x_wconf 92' lang='lat' dir='ltr'>in</span> <span class='ocrx_word' id='word_1_12' title='bbox 1149 618 1199 673; x_wconf 90' lang='lat' dir='ltr'>du·</span> <span class='ocrx_word' id='word_1_13' title='bbox 1216 567 1269 620; x_wconf 49' lang='grc' dir='ltr'>Μ’</span> 
     </span>
    </p>
   </div>
   <div class='ocr_carea' id='block_1_3' title="bbox 224 686 1200 1082">
    <p class='ocr_par' dir='ltr' id='par_1_3' title="bbox 224 686 1200 1082">
     <span class='ocr_line' id='line_1_3' title="bbox 225 686 1199 759; baseline 0.011 -18"><span class='ocrx_word' id='word_1_14' title='bbox 225 686 340 759; x_wconf 84' lang='lat' dir='ltr'><strong>pliciter</strong></span> <span class='ocrx_word' id='word_1_15' title='bbox 353 702 429 756; x_wconf 85' lang='lat' dir='ltr'>suos,</span> <span class='ocrx_word' id='word_1_16' title='bbox 443 686 573 742; x_wconf 77' lang='lat' dir='ltr'>Pontifex</span> <span class='ocrx_word' id='word_1_17' title='bbox 586 691 707 747; x_wconf 91' lang='lat' dir='ltr'>consilio</span> <span class='ocrx_word' id='word_1_18' title='bbox 727 693 861 748; x_wconf 87' lang='lat' dir='ltr'>babendo</span> <span class='ocrx_word' id='word_1_19' title='bbox 883 695 1034 752; x_wconf 90' lang='lat' dir='ltr'>committit</span> <span class='ocrx_word' id='word_1_20' title='bbox 1058 696 1199 752; x_wconf 86' lang='lat' dir='ltr'>consulta-</span> 
     </span>
     <span class='ocr_line' id='line_1_4' title="bbox 224 768 1199 841; baseline 0.002 -14"><span class='ocrx_word' id='word_1_21' title='bbox 224 771 335 827; x_wconf 86' lang='lat' dir='ltr'>tionem</span> <span class='ocrx_word' id='word_1_22' title='bbox 348 769 384 823; x_wconf 90' lang='lat' dir='ltr'>de</span> <span class='ocrx_word' id='word_1_23' title='bbox 397 768 513 841; x_wconf 89' lang='lat' dir='ltr'>optimis</span> <span class='ocrx_word' id='word_1_24' title='bbox 526 770 562 825; x_wconf 85' lang='lat' dir='ltr'>ad</span> <span class='ocrx_word' id='word_1_25' title='bbox 576 769 637 826; x_wconf 84' lang='lat' dir='ltr'>baec</span> <span class='ocrx_word' id='word_1_26' title='bbox 645 771 723 826; x_wconf 87' lang='lat' dir='ltr'>mala</span> <span class='ocrx_word' id='word_1_27' title='bbox 731 771 860 827; x_wconf 81' lang='lat' dir='ltr'>sananda</span> <span class='ocrx_word' id='word_1_28' title='bbox 872 773 1005 829; x_wconf 81' lang='lat' dir='ltr'>remediis</span> <span class='ocrx_word' id='word_1_29' title='bbox 1022 775 1117 828; x_wconf 92' lang='lat'>180.-—</span> <span class='ocrx_word' id='word_1_30' title='bbox 1127 775 1199 830; x_wconf 83' lang='lat' dir='ltr'>Con·</span> 
     </span>
     <span class='ocr_line' id='line_1_5' title="bbox 225 847 1200 923; baseline 0.002 -17"><span class='ocrx_word' id='word_1_31' title='bbox 225 848 366 906; x_wconf 85' lang='lat' dir='ltr'>terraneis</span> <span class='ocrx_word' id='word_1_32' title='bbox 385 847 444 903; x_wconf 88' lang='lat' dir='ltr'>suis</span> <span class='ocrx_word' id='word_1_33' title='bbox 466 847 553 904; x_wconf 90' lang='lat' dir='ltr'>mittit</span> <span class='ocrx_word' id='word_1_34' title='bbox 575 849 740 905; x_wconf 78' lang='lat' dir='ltr'>sacerdotes</span> <span class='ocrx_word' id='word_1_35' title='bbox 762 850 852 906; x_wconf 87' lang='lat' dir='ltr'>Italos</span> <span class='ocrx_word' id='word_1_36' title='bbox 868 851 927 919; x_wconf 88' lang='lat'>180,</span> <span class='ocrx_word' id='word_1_37' title='bbox 941 851 1066 907; x_wconf 89' lang='lat' dir='ltr'>adhunc</span> <span class='ocrx_word' id='word_1_38' title='bbox 1080 869 1200 923; x_wconf 85' lang='lat' dir='ltr'>scopum</span> 
     </span>
     <span class='ocr_line' id='line_1_6' title="bbox 225 928 1200 1002; baseline -0.002 -13"><span class='ocrx_word' id='word_1_39' title='bbox 225 930 356 1001; x_wconf 88' lang='lat' dir='ltr'>Collegio</span> <span class='ocrx_word' id='word_1_40' title='bbox 369 931 524 987; x_wconf 79' lang='lat' dir='ltr'>Placentiae</span> <span class='ocrx_word' id='word_1_41' title='bbox 537 944 628 1000; x_wconf 82' lang='lat' dir='ltr'>nuper</span> <span class='ocrx_word' id='word_1_42' title='bbox 640 928 769 984; x_wconf 86' lang='lat' dir='ltr'>instituto</span> <span class='ocrx_word' id='word_1_43' title='bbox 786 930 844 997; x_wconf 88' lang='lat'>181,</span> <span class='ocrx_word' id='word_1_44' title='bbox 858 930 886 985; x_wconf 90' lang='lat' dir='ltr'>in</span> <span class='ocrx_word' id='word_1_45' title='bbox 900 947 957 1002; x_wconf 92' lang='lat' dir='ltr'>qua</span> <span class='ocrx_word' id='word_1_46' title='bbox 975 932 1095 1002; x_wconf 86' lang='lat' dir='ltr'>juvenes</span> <span class='ocrx_word' id='word_1_47' title='bbox 1115 933 1200 988; x_wconf 84' lang='lat' dir='ltr'>bonae</span> 
     </span>
     <span class='ocr_line' id='line_1_7' title="bbox 225 1006 1199 1082; baseline 0 -16"><span class='ocrx_word' id='word_1_48' title='bbox 225 1011 289 1082; x_wconf 89' lang='lat' dir='ltr'>spei</span> <span class='ocrx_word' id='word_1_49' title='bbox 301 1027 337 1065; x_wconf 90' lang='lat' dir='ltr'>ex</span> <span class='ocrx_word' id='word_1_50' title='bbox 349 1009 419 1080; x_wconf 91' lang='lat' dir='ltr'>ipsis</span> <span class='ocrx_word' id='word_1_51' title='bbox 434 1009 514 1066; x_wconf 90' lang='lat' dir='ltr'>Italis</span> <span class='ocrx_word' id='word_1_52' title='bbox 524 1006 689 1064; x_wconf 85' lang='lat' dir='ltr'>Americam</span> <span class='ocrx_word' id='word_1_53' title='bbox 700 1006 889 1065; x_wconf 84' lang='lat' dir='ltr'>incolentibus</span> <span class='ocrx_word' id='word_1_54' title='bbox 899 1009 1148 1081; x_wconf 88' lang='lat' dir='ltr'>recipientur,inde</span> <span class='ocrx_word' id='word_1_55' title='bbox 1162 1012 1199 1066; x_wconf 85' lang='lat' dir='ltr'>ad</span> 
     </span>
    </p>
   </div>
   <div class='ocr_carea' id='block_1_4' title="bbox 224 1086 1201 1543">
    <p class='ocr_par' dir='ltr' id='par_1_4' title="bbox 224 1086 1201 1543">
     <span class='ocr_line' id='line_1_8' title="bbox 226 1086 1200 1160; baseline 0.002 -16"><span class='ocrx_word' id='word_1_56' title='bbox 226 1105 295 1145; x_wconf 87' lang='lat' dir='ltr'>suos</span> <span class='ocrx_word' id='word_1_57' title='bbox 315 1098 463 1159; x_wconf 81' lang='lat' dir='ltr'><strong>tamquam</strong></span> <span class='ocrx_word' id='word_1_58' title='bbox 482 1087 584 1159; x_wconf 88' lang='lat' dir='ltr'>optimi</span> <span class='ocrx_word' id='word_1_59' title='bbox 603 1086 749 1158; x_wconf 74' lang='lat' dir='ltr'>adJutores</span> <span class='ocrx_word' id='word_1_60' title='bbox 771 1088 839 1143; x_wconf 90' lang='lat' dir='ltr'>cleri</span> <span class='ocrx_word' id='word_1_61' title='bbox 858 1088 997 1144; x_wconf 86' lang='lat' dir='ltr'>reversuri</span> <span class='ocrx_word' id='word_1_62' title='bbox 1015 1090 1072 1144; x_wconf 87' lang='lat'>181.</span> <span class='ocrx_word' id='word_1_63' title='bbox 1085 1119 1121 1130; x_wconf 90' lang='lat'>—</span> <span class='ocrx_word' id='word_1_64' title='bbox 1135 1091 1200 1160; x_wconf 85' lang='lat' dir='ltr'>Quo</span> 
     </span>
     <span class='ocr_line' id='line_1_9' title="bbox 225 1165 1201 1235; baseline -0.001 -12"><span class='ocrx_word' id='word_1_65' title='bbox 225 1178 323 1224; x_wconf 87' lang='lat' dir='ltr'>autem</span> <span class='ocrx_word' id='word_1_66' title='bbox 337 1167 447 1222; x_wconf 76' lang='lat' dir='ltr'>facilius</span> <span class='ocrx_word' id='word_1_67' title='bbox 457 1165 679 1224; x_wconf 87' lang='lat' dir='ltr'>necessitatibus</span> <span class='ocrx_word' id='word_1_68' title='bbox 689 1165 798 1221; x_wconf 85' lang='lat' dir='ltr'>dissitis</span> <span class='ocrx_word' id='word_1_69' title='bbox 808 1165 878 1222; x_wconf 88' lang='lat' dir='ltr'>satis</span> <span class='ocrx_word' id='word_1_70' title='bbox 889 1167 946 1235; x_wconf 92' lang='lat' dir='ltr'>fiat,</span> <span class='ocrx_word' id='word_1_71' title='bbox 955 1167 1056 1223; x_wconf 88' lang='lat' dir='ltr'>suadet</span> <span class='ocrx_word' id='word_1_72' title='bbox 1071 1169 1201 1223; x_wconf 76' lang='lat' dir='ltr'>Pontifex</span> 
     </span>
     <span class='ocr_line' id='line_1_10' title="bbox 225 1245 1201 1318; baseline 0 -14"><span class='ocrx_word' id='word_1_73' title='bbox 225 1259 256 1304; x_wconf 93' lang='lat' dir='ltr'>ut</span> <span class='ocrx_word' id='word_1_74' title='bbox 268 1246 468 1304; x_wconf 87' lang='lat' dir='ltr'>sacerdotibus</span> <span class='ocrx_word' id='word_1_75' title='bbox 489 1246 528 1302; x_wconf 90' lang='lat' dir='ltr'>ad</span> <span class='ocrx_word' id='word_1_76' title='bbox 547 1247 603 1301; x_wconf 88' lang='lat' dir='ltr'>hoc</span> <span class='ocrx_word' id='word_1_77' title='bbox 624 1262 697 1316; x_wconf 90' lang='lat' dir='ltr'>opus</span> <span class='ocrx_word' id='word_1_78' title='bbox 718 1245 821 1301; x_wconf 80' lang='lat' dir='ltr'>validis</span> <span class='ocrx_word' id='word_1_79' title='bbox 837 1245 939 1301; x_wconf 88' lang='lat' dir='ltr'>domus</span> <span class='ocrx_word' id='word_1_80' title='bbox 952 1263 1121 1302; x_wconf 87' lang='lat' dir='ltr'>communes</span> <span class='ocrx_word' id='word_1_81' title='bbox 1133 1263 1201 1318; x_wconf 89' lang='lat' dir='ltr'>ape·</span> 
     </span>
     <span class='ocr_line' id='line_1_11' title="bbox 224 1323 1201 1397; baseline -0.001 -14"><span class='ocrx_word' id='word_1_82' title='bbox 224 1329 336 1383; x_wconf 88' lang='lat' dir='ltr'>riantur</span> <span class='ocrx_word' id='word_1_83' title='bbox 351 1327 409 1383; x_wconf 89' lang='lat'>181.</span> <span class='ocrx_word' id='word_1_84' title='bbox 428 1355 465 1367; x_wconf 91' lang='lat'>—</span> <span class='ocrx_word' id='word_1_85' title='bbox 486 1325 614 1382; x_wconf 88' lang='lat' dir='ltr'>Consilia</span> <span class='ocrx_word' id='word_1_86' title='bbox 626 1323 735 1396; x_wconf 71' lang='lat' dir='ltr'>quavis</span> <span class='ocrx_word' id='word_1_87' title='bbox 747 1323 828 1381; x_wconf 90' lang='lat' dir='ltr'>utilia</span> <span class='ocrx_word' id='word_1_88' title='bbox 840 1337 920 1396; x_wconf 81' lang='lat' dir='ltr'>grate</span> <span class='ocrx_word' id='word_1_89' title='bbox 933 1325 1055 1397; x_wconf 86' lang='lat' dir='ltr'>excipiet</span> <span class='ocrx_word' id='word_1_90' title='bbox 1070 1327 1201 1384; x_wconf 77' lang='lat' dir='ltr'>Pontifex</span> 
     </span>
     <span class='ocr_line' id='line_1_12' title="bbox 227 1404 1198 1477; baseline -0.002 -15"><span class='ocrx_word' id='word_1_91' title='bbox 227 1408 288 1463; x_wconf 90' lang='lat'>181.</span> <span class='ocrx_word' id='word_1_92' title='bbox 300 1433 337 1446; x_wconf 86' lang='lat'>—-</span> <span class='ocrx_word' id='word_1_93' title='bbox 346 1407 392 1462; x_wconf 88' lang='lat' dir='ltr'>Ad</span> <span class='ocrx_word' id='word_1_94' title='bbox 405 1417 517 1463; x_wconf 85' lang='lat' dir='ltr'>tanturn</span> <span class='ocrx_word' id='word_1_95' title='bbox 530 1421 604 1477; x_wconf 89' lang='lat' dir='ltr'>opus</span> <span class='ocrx_word' id='word_1_96' title='bbox 615 1413 712 1477; x_wconf 81' lang='lat' dir='ltr'>sperat</span> <span class='ocrx_word' id='word_1_97' title='bbox 722 1404 777 1460; x_wconf 86' lang='lat' dir='ltr'>sibi</span> <span class='ocrx_word' id='word_1_98' title='bbox 795 1405 920 1461; x_wconf 90' lang='lat' dir='ltr'>fidelium</span> <span class='ocrx_word' id='word_1_99' title='bbox 934 1421 1005 1477; x_wconf 92' lang='lat' dir='ltr'>opes</span> <span class='ocrx_word' id='word_1_100' title='bbox 1017 1422 1075 1462; x_wconf 90' lang='lat' dir='ltr'>non</span> <span class='ocrx_word' id='word_1_101' title='bbox 1089 1406 1198 1463; x_wconf 87' lang='lat' dir='ltr'>defutu-</span> 
     </span>
     <span class='ocr_line' id='line_1_13' title="bbox 230 1487 358 1543; baseline 0.008 -1"><span class='ocrx_word' id='word_1_102' title='bbox 230 1503 279 1542; x_wconf 85' lang='lat' dir='ltr'>ras</span> <span class='ocrx_word' id='word_1_103' title='bbox 300 1487 358 1543; x_wconf 90' lang='grc'><strong>182.</strong></span> 
     </span>
    </p>
   </div>
   <div class='ocr_carea' id='block_1_5' title="bbox 150 1582 1272 1730">
    <p class='ocr_par' dir='ltr' id='par_1_5' title="bbox 150 1582 1272 1730">
     <span class='ocr_line' id='line_1_14' title="bbox 187 1582 1201 1648; baseline -0.001 -11"><span class='ocrx_word' id='word_1_104' title='bbox 187 1585 246 1637; x_wconf 76' lang='grc'><strong>42.</strong></span> <span class='ocrx_word' id='word_1_105' title='bbox 261 1586 472 1638; x_wconf 76' lang='lat' dir='ltr'>EPISTOLA</span> <span class='ocrx_word' id='word_1_106' title='bbox 487 1585 744 1648; x_wconf 59' lang='lat' dir='ltr'>archiepiscopo</span> <span class='ocrx_word' id='word_1_107' title='bbox 757 1582 951 1646; x_wconf 80' lang='lat' dir='ltr'>Turonensl,</span> <span class='ocrx_word' id='word_1_108' title='bbox 965 1586 1008 1638; x_wconf 87' lang='lat' dir='ltr'>de</span> <span class='ocrx_word' id='word_1_109' title='bbox 1020 1587 1201 1637; x_wconf 83' lang='lat' dir='ltr'>obseruan-</span> 
     </span>
     <span class='ocr_line' id='line_1_15' title="bbox 150 1661 1272 1730; baseline -0.002 -14"><span class='ocrx_word' id='word_1_110' title='bbox 150 1667 204 1716; x_wconf 81' lang='lat' dir='ltr'>tia</span> <span class='ocrx_word' id='word_1_111' title='bbox 218 1665 393 1729; x_wconf 86' lang='lat' dir='ltr'>Eplsoopls</span> <span class='ocrx_word' id='word_1_112' title='bbox 405 1677 426 1715; x_wconf 86' lang='lat' dir='ltr'>a</span> <span class='ocrx_word' id='word_1_113' title='bbox 438 1665 534 1716; x_wconf 84' lang='lat' dir='ltr'>lalcis</span> <span class='ocrx_word' id='word_1_114' title='bbox 546 1664 669 1715; x_wconf 84' lang='lat' dir='ltr'>debita.</span> <span class='ocrx_word' id='word_1_115' title='bbox 683 1687 720 1698; x_wconf 93' lang='lat'><em>—</em></span> <span class='ocrx_word' id='word_1_116' title='bbox 731 1663 769 1714; x_wconf 86' lang='grc'>17</span> <span class='ocrx_word' id='word_1_117' title='bbox 783 1664 974 1715; x_wconf 81' lang='lat' dir='ltr'>Decembris</span> <span class='ocrx_word' id='word_1_118' title='bbox 983 1664 1065 1716; x_wconf 87' lang='lat'>1888</span> <span class='ocrx_word' id='word_1_119' title='bbox 1096 1702 1198 1716; x_wconf 92' lang='grc'><em>......</em></span> <span class='ocrx_word' id='word_1_120' title='bbox 1223 1661 1272 1730; x_wconf 83' lang='lat'>183</span> 
     </span>
    </p>
   </div>
   <div class='ocr_carea' id='block_1_6' title="bbox 225 1755 1202 3016">
    <p class='ocr_par' dir='ltr' id='par_1_6' title="bbox 225 1755 1202 3016">
     <span class='ocr_line' id='line_1_16' title="bbox 263 1755 1201 1829; baseline 0.003 -19"><span class='ocrx_word' id='word_1_121' title='bbox 263 1756 396 1812; x_wconf 85' lang='lat' dir='ltr'>Pontifex</span> <span class='ocrx_word' id='word_1_122' title='bbox 429 1765 550 1812; x_wconf 87' lang='lat' dir='ltr'>testatur</span> <span class='ocrx_word' id='word_1_123' title='bbox 573 1764 650 1811; x_wconf 85' lang='lat' dir='ltr'>recte</span> <span class='ocrx_word' id='word_1_124' title='bbox 675 1773 693 1810; x_wconf 89' lang='lat' dir='ltr'>a</span> <span class='ocrx_word' id='word_1_125' title='bbox 713 1755 875 1810; x_wconf 87' lang='lat' dir='ltr'>Turonensi</span> <span class='ocrx_word' id='word_1_126' title='bbox 900 1755 1036 1828; x_wconf 90' lang='lat' dir='ltr'>episcopo</span> <span class='ocrx_word' id='word_1_127' title='bbox 1062 1758 1201 1829; x_wconf 91' lang='lat' dir='ltr'>scriptum</span> 
     </span>
     <span class='ocr_line' id='line_1_17' title="bbox 225 1833 1199 1908; baseline 0.001 -17"><span class='ocrx_word' id='word_1_128' title='bbox 225 1835 375 1907; x_wconf 89' lang='lat' dir='ltr'>quoddam</span> <span class='ocrx_word' id='word_1_129' title='bbox 388 1836 554 1907; x_wconf 84' lang='lat' dir='ltr'>injuriosum</span> <span class='ocrx_word' id='word_1_130' title='bbox 564 1833 652 1890; x_wconf 87' lang='lat' dir='ltr'>fuisse</span> <span class='ocrx_word' id='word_1_131' title='bbox 665 1835 833 1890; x_wconf 88' lang='lat' dir='ltr'>damnatum</span> <span class='ocrx_word' id='word_1_132' title='bbox 849 1836 906 1890; x_wconf 88' lang='grc'><strong>182.</strong></span> <span class='ocrx_word' id='word_1_133' title='bbox 921 1837 1068 1908; x_wconf 88' lang='lat' dir='ltr'>-Culpat</span> <span class='ocrx_word' id='word_1_134' title='bbox 1087 1835 1199 1892; x_wconf 89' lang='lat' dir='ltr'>liberta·</span> 
     </span>
     <span class='ocr_line' id='line_1_18' title="bbox 226 1913 1201 1987; baseline 0 -17"><span class='ocrx_word' id='word_1_135' title='bbox 226 1925 288 1970; x_wconf 91' lang='lat' dir='ltr'>tem</span> <span class='ocrx_word' id='word_1_136' title='bbox 300 1915 444 1970; x_wconf 86' lang='lat' dir='ltr'>scribendi</span> <span class='ocrx_word' id='word_1_137' title='bbox 458 1925 486 1970; x_wconf 88' lang='lat' dir='ltr'>et</span> <span class='ocrx_word' id='word_1_138' title='bbox 498 1914 633 1986; x_wconf 87' lang='lat' dir='ltr'>loquendi</span> <span class='ocrx_word' id='word_1_139' title='bbox 656 1930 742 1985; x_wconf 90' lang='lat' dir='ltr'>quam</span> <span class='ocrx_word' id='word_1_140' title='bbox 765 1913 820 1969; x_wconf 89' lang='lat' dir='ltr'>sibi</span> <span class='ocrx_word' id='word_1_141' title='bbox 842 1914 960 1985; x_wconf 89' lang='lat' dir='ltr'>quidam</span> <span class='ocrx_word' id='word_1_142' title='bbox 981 1914 1045 1970; x_wconf 88' lang='lat' dir='ltr'>laici</span> <span class='ocrx_word' id='word_1_143' title='bbox 1066 1926 1201 1987; x_wconf 84' lang='lat' dir='ltr'>arrogant</span> 
     </span>
     <span class='ocr_line' id='line_1_19' title="bbox 228 1992 1200 2066; baseline 0.001 -19"><span class='ocrx_word' id='word_1_144' title='bbox 228 1994 290 2049; x_wconf 89' lang='lat'>182.</span> <span class='ocrx_word' id='word_1_145' title='bbox 303 2023 338 2034; x_wconf 93' lang='lat'><em>-</em></span> <span class='ocrx_word' id='word_1_146' title='bbox 351 1993 498 2049; x_wconf 88' lang='lat' dir='ltr'>Pontificis</span> <span class='ocrx_word' id='word_1_147' title='bbox 512 2003 555 2049; x_wconf 92' lang='lat' dir='ltr'>est</span> <span class='ocrx_word' id='word_1_148' title='bbox 568 1992 714 2048; x_wconf 88' lang='lat' dir='ltr'>vindicare</span> <span class='ocrx_word' id='word_1_149' title='bbox 727 1994 866 2048; x_wconf 88' lang='lat' dir='ltr'>honorem</span> <span class='ocrx_word' id='word_1_150' title='bbox 885 1993 996 2064; x_wconf 89' lang='lat' dir='ltr'>collegii</span> <span class='ocrx_word' id='word_1_151' title='bbox 1020 1993 1200 2066; x_wconf 89' lang='lat' dir='ltr'>episcopalis,</span> 
     </span>
     <span class='ocr_line' id='line_1_20' title="bbox 226 2072 1201 2146; baseline 0.001 -18"><span class='ocrx_word' id='word_1_152' title='bbox 226 2082 323 2128; x_wconf 89' lang='lat' dir='ltr'>tantas</span> <span class='ocrx_word' id='word_1_153' title='bbox 336 2072 365 2127; x_wconf 92' lang='lat' dir='ltr'>in</span> <span class='ocrx_word' id='word_1_154' title='bbox 380 2073 512 2128; x_wconf 86' lang='lat' dir='ltr'>Ecclesia</span> <span class='ocrx_word' id='word_1_155' title='bbox 533 2082 630 2144; x_wconf 88' lang='lat' dir='ltr'>partes</span> <span class='ocrx_word' id='word_1_156' title='bbox 650 2073 760 2142; x_wconf 87' lang='lat' dir='ltr'>agentis</span> <span class='ocrx_word' id='word_1_157' title='bbox 778 2073 834 2142; x_wconf 81' lang='lat'>183.</span> <span class='ocrx_word' id='word_1_158' title='bbox 849 2103 884 2112; x_wconf 97' lang='lat'>-</span> <span class='ocrx_word' id='word_1_159' title='bbox 898 2075 1034 2128; x_wconf 89' lang='lat' dir='ltr'>Declarat</span> <span class='ocrx_word' id='word_1_160' title='bbox 1052 2091 1201 2146; x_wconf 87' lang='lat' dir='ltr'>quousque</span> 
     </span>
     <span class='ocr_line' id='line_1_21' title="bbox 226 2151 1199 2223; baseline 0 -17"><span class='ocrx_word' id='word_1_161' title='bbox 226 2169 259 2206; x_wconf 89' lang='lat' dir='ltr'>se</span> <span class='ocrx_word' id='word_1_162' title='bbox 272 2152 406 2209; x_wconf 89' lang='lat' dir='ltr'>extendat</span> <span class='ocrx_word' id='word_1_163' title='bbox 420 2152 545 2208; x_wconf 83' lang='lat' dir='ltr'>officium</span> <span class='ocrx_word' id='word_1_164' title='bbox 567 2151 636 2223; x_wconf 91' lang='lat' dir='ltr'>ipsis</span> <span class='ocrx_word' id='word_1_165' title='bbox 650 2151 868 2221; x_wconf 88' lang='lat' dir='ltr'>obtemperandi</span> <span class='ocrx_word' id='word_1_166' title='bbox 890 2152 948 2206; x_wconf 91' lang='grc'><strong>182.</strong></span> <span class='ocrx_word' id='word_1_167' title='bbox 962 2180 997 2189; x_wconf 96' lang='grc'>-</span> <span class='ocrx_word' id='word_1_168' title='bbox 1012 2153 1118 2208; x_wconf 90' lang='lat' dir='ltr'>Munus</span> <span class='ocrx_word' id='word_1_169' title='bbox 1131 2153 1199 2208; x_wconf 88' lang='lat' dir='ltr'>utri-</span> 
     </span>
     <span class='ocr_line' id='line_1_22' title="bbox 226 2229 1202 2302; baseline -0.001 -17"><span class='ocrx_word' id='word_1_170' title='bbox 226 2247 319 2301; x_wconf 86' lang='lat' dir='ltr'>usque</span> <span class='ocrx_word' id='word_1_171' title='bbox 332 2229 361 2285; x_wconf 88' lang='lat' dir='ltr'>in</span> <span class='ocrx_word' id='word_1_172' title='bbox 374 2231 506 2286; x_wconf 86' lang='lat' dir='ltr'>Ecclesia</span> <span class='ocrx_word' id='word_1_173' title='bbox 519 2230 636 2298; x_wconf 89' lang='lat' dir='ltr'>ordinis,</span> <span class='ocrx_word' id='word_1_174' title='bbox 650 2241 796 2301; x_wconf 90' lang='lat' dir='ltr'>pastorum</span> <span class='ocrx_word' id='word_1_175' title='bbox 815 2241 844 2286; x_wconf 94' lang='lat' dir='ltr'>et</span> <span class='ocrx_word' id='word_1_176' title='bbox 857 2233 959 2302; x_wconf 91' lang='lat' dir='ltr'>gregis,</span> <span class='ocrx_word' id='word_1_177' title='bbox 973 2231 1076 2286; x_wconf 86' lang='lat' dir='ltr'>diffinit</span> <span class='ocrx_word' id='word_1_178' title='bbox 1092 2244 1153 2298; x_wconf 89' lang='lat'>192.</span> <span class='ocrx_word' id='word_1_179' title='bbox 1166 2261 1202 2272; x_wconf 89' lang='lat'>-</span> 
     </span>
     <span class='ocr_line' id='line_1_23' title="bbox 227 2310 1201 2382; baseline 0.002 -18"><span class='ocrx_word' id='word_1_180' title='bbox 227 2310 401 2380; x_wconf 86' lang='lat' dir='ltr'>Episcopus,</span> <span class='ocrx_word' id='word_1_181' title='bbox 423 2311 583 2382; x_wconf 88' lang='lat' dir='ltr'>usquedum</span> <span class='ocrx_word' id='word_1_182' title='bbox 607 2327 665 2366; x_wconf 90' lang='lat' dir='ltr'>non</span> <span class='ocrx_word' id='word_1_183' title='bbox 690 2311 813 2366; x_wconf 88' lang='lat' dir='ltr'>aSedis</span> <span class='ocrx_word' id='word_1_184' title='bbox 837 2312 977 2366; x_wconf 74' lang='lat' dir='ltr'>Romanae</span> <span class='ocrx_word' id='word_1_185' title='bbox 998 2313 1201 2368; x_wconf 84' lang='lat' dir='ltr'>communione</span> 
     </span>
     <span class='ocr_line' id='line_1_24' title="bbox 229 2388 1198 2460; baseline 0.002 -17"><span class='ocrx_word' id='word_1_186' title='bbox 229 2388 376 2459; x_wconf 88' lang='lat' dir='ltr'>sejunctus</span> <span class='ocrx_word' id='word_1_187' title='bbox 395 2398 448 2457; x_wconf 88' lang='lat' dir='ltr'>est,</span> <span class='ocrx_word' id='word_1_188' title='bbox 466 2389 531 2460; x_wconf 86' lang='lat' dir='ltr'>jura</span> <span class='ocrx_word' id='word_1_189' title='bbox 553 2389 581 2444; x_wconf 89' lang='lat' dir='ltr'>in</span> <span class='ocrx_word' id='word_1_190' title='bbox 602 2389 796 2444; x_wconf 88' lang='lat' dir='ltr'>obedientiam</span> <span class='ocrx_word' id='word_1_191' title='bbox 810 2389 863 2445; x_wconf 89' lang='lat' dir='ltr'>sibi</span> <span class='ocrx_word' id='word_1_192' title='bbox 877 2390 1005 2445; x_wconf 87' lang='lat' dir='ltr'>debitam</span> <span class='ocrx_word' id='word_1_193' title='bbox 1018 2400 1112 2445; x_wconf 88' lang='lat' dir='ltr'>servat</span> <span class='ocrx_word' id='word_1_194' title='bbox 1127 2391 1176 2456; x_wconf 79' lang='grc'>181</span> <span class='ocrx_word' id='word_1_195' title='bbox 1190 2409 1198 2458; x_wconf 86' lang='lat'>;</span> 
     </span>
     <span class='ocr_line' id='line_1_25' title="bbox 227 2467 1198 2540; baseline 0.002 -18"><span class='ocrx_word' id='word_1_196' title='bbox 227 2484 314 2538; x_wconf 90' lang='lat' dir='ltr'>quern</span> <span class='ocrx_word' id='word_1_197' title='bbox 328 2469 498 2539; x_wconf 80' lang='lat' dir='ltr'>redarguere</span> <span class='ocrx_word' id='word_1_198' title='bbox 511 2485 568 2523; x_wconf 91' lang='lat' dir='ltr'>non</span> <span class='ocrx_word' id='word_1_199' title='bbox 581 2467 693 2538; x_wconf 87' lang='lat' dir='ltr'>privati,</span> <span class='ocrx_word' id='word_1_200' title='bbox 707 2468 759 2523; x_wconf 90' lang='lat' dir='ltr'>sed</span> <span class='ocrx_word' id='word_1_201' title='bbox 772 2467 926 2540; x_wconf 90' lang='lat' dir='ltr'>superioris</span> <span class='ocrx_word' id='word_1_202' title='bbox 940 2469 1067 2524; x_wconf 89' lang='lat' dir='ltr'>Pastoris</span> <span class='ocrx_word' id='word_1_203' title='bbox 1080 2479 1124 2525; x_wconf 90' lang='lat' dir='ltr'>est</span> <span class='ocrx_word' id='word_1_204' title='bbox 1140 2471 1198 2538; x_wconf 72' lang='lat'>184,</span> 
     </span>
     <span class='ocr_line' id='line_1_26' title="bbox 226 2547 1201 2618; baseline 0.002 -18"><span class='ocrx_word' id='word_1_205' title='bbox 226 2547 387 2618; x_wconf 87' lang='lat' dir='ltr'>praesertim</span> <span class='ocrx_word' id='word_1_206' title='bbox 401 2549 526 2618; x_wconf 87' lang='lat' dir='ltr'>supremi</span> <span class='ocrx_word' id='word_1_207' title='bbox 552 2547 609 2616; x_wconf 78' lang='lat'>185,</span> <span class='ocrx_word' id='word_1_208' title='bbox 632 2547 669 2601; x_wconf 91' lang='lat' dir='ltr'>ad</span> <span class='ocrx_word' id='word_1_209' title='bbox 692 2563 786 2618; x_wconf 89' lang='lat' dir='ltr'>quem,</span> <span class='ocrx_word' id='word_1_210' title='bbox 809 2549 860 2603; x_wconf 89' lang='lat' dir='ltr'>sed</span> <span class='ocrx_word' id='word_1_211' title='bbox 882 2547 1039 2616; x_wconf 88' lang='lat' dir='ltr'>moderate,</span> <span class='ocrx_word' id='word_1_212' title='bbox 1060 2548 1126 2604; x_wconf 88' lang='lat' dir='ltr'>licet</span> <span class='ocrx_word' id='word_1_213' title='bbox 1139 2565 1201 2603; x_wconf 88' lang='lat' dir='ltr'>rem</span> 
     </span>
     <span class='ocr_line' id='line_1_27' title="bbox 227 2626 1201 2698; baseline -0.003 -15"><span class='ocrx_word' id='word_1_214' title='bbox 227 2628 338 2684; x_wconf 89' lang='lat' dir='ltr'>deferre</span> <span class='ocrx_word' id='word_1_215' title='bbox 354 2629 412 2698; x_wconf 78' lang='lat'>185.</span> <span class='ocrx_word' id='word_1_216' title='bbox 425 2659 461 2670; x_wconf 89' lang='lat'><em>—</em></span> <span class='ocrx_word' id='word_1_217' title='bbox 475 2629 614 2697; x_wconf 89' lang='lat' dir='ltr'>Pontifex,</span> <span class='ocrx_word' id='word_1_218' title='bbox 627 2629 684 2684; x_wconf 87' lang='lat' dir='ltr'>alia</span> <span class='ocrx_word' id='word_1_219' title='bbox 696 2627 869 2682; x_wconf 88' lang='lat' dir='ltr'>documenta</span> <span class='ocrx_word' id='word_1_220' title='bbox 882 2643 1111 2682; x_wconf 87' lang='lat' dir='ltr'>commemorans</span> <span class='ocrx_word' id='word_1_221' title='bbox 1124 2626 1201 2681; x_wconf 86' lang='lat' dir='ltr'>idem</span> 
     </span>
     <span class='ocr_line' id='line_1_28' title="bbox 227 2705 1201 2780; baseline -0.002 -17"><span class='ocrx_word' id='word_1_222' title='bbox 227 2708 371 2776; x_wconf 89' lang='lat' dir='ltr'>docentia,</span> <span class='ocrx_word' id='word_1_223' title='bbox 392 2709 430 2764; x_wconf 88' lang='lat' dir='ltr'>ad</span> <span class='ocrx_word' id='word_1_224' title='bbox 452 2725 555 2780; x_wconf 88' lang='lat' dir='ltr'>pacem</span> <span class='ocrx_word' id='word_1_225' title='bbox 575 2707 687 2763; x_wconf 87' lang='lat' dir='ltr'>animos</span> <span class='ocrx_word' id='word_1_226' title='bbox 707 2707 876 2762; x_wconf 89' lang='lat' dir='ltr'>adhortatur</span> <span class='ocrx_word' id='word_1_227' title='bbox 898 2707 955 2776; x_wconf 80' lang='lat'>185.</span> <span class='ocrx_word' id='word_1_228' title='bbox 968 2737 1004 2746; x_wconf 89' lang='lat'><strong>—</strong></span> <span class='ocrx_word' id='word_1_229' title='bbox 1026 2705 1201 2761; x_wconf 85' lang='lat' dir='ltr'>Obedientia</span> 
     </span>
     <span class='ocr_line' id='line_1_29' title="bbox 226 2785 1202 2857; baseline 0.002 -18"><span class='ocrx_word' id='word_1_230' title='bbox 226 2802 295 2840; x_wconf 83' lang='lat' dir='ltr'>vera</span> <span class='ocrx_word' id='word_1_231' title='bbox 307 2803 372 2857; x_wconf 87' lang='lat' dir='ltr'>quae</span> <span class='ocrx_word' id='word_1_232' title='bbox 385 2785 422 2842; x_wconf 88' lang='lat' dir='ltr'>sit</span> <span class='ocrx_word' id='word_1_233' title='bbox 439 2787 495 2856; x_wconf 80' lang='lat'>185.</span> <span class='ocrx_word' id='word_1_234' title='bbox 505 2817 539 2827; x_wconf 95' lang='lat'>—</span> <span class='ocrx_word' id='word_1_235' title='bbox 551 2785 658 2842; x_wconf 86' lang='lat' dir='ltr'>Gravia</span> <span class='ocrx_word' id='word_1_236' title='bbox 670 2788 809 2842; x_wconf 87' lang='lat' dir='ltr'>iterantur</span> <span class='ocrx_word' id='word_1_237' title='bbox 822 2785 930 2840; x_wconf 88' lang='lat' dir='ltr'>monita</span> <span class='ocrx_word' id='word_1_238' title='bbox 943 2785 1106 2841; x_wconf 90' lang='lat' dir='ltr'>auctoribus</span> <span class='ocrx_word' id='word_1_239' title='bbox 1116 2787 1202 2856; x_wconf 87' lang='lat' dir='ltr'>ephe·</span> 
     </span>
     <span class='ocr_line' id='line_1_30' title="bbox 227 2864 1201 2936; baseline 0.001 -18"><span class='ocrx_word' id='word_1_240' title='bbox 227 2864 369 2920; x_wconf 88' lang='lat' dir='ltr'>meridum</span> <span class='ocrx_word' id='word_1_241' title='bbox 380 2866 528 2921; x_wconf 84' lang='lat' dir='ltr'>catholicis</span> <span class='ocrx_word' id='word_1_242' title='bbox 541 2866 598 2936; x_wconf 65' lang='lat'>1891</span> <span class='ocrx_word' id='word_1_243' title='bbox 614 2865 808 2936; x_wconf 86' lang='lat' dir='ltr'>-Episcopo,</span> <span class='ocrx_word' id='word_1_244' title='bbox 822 2867 907 2934; x_wconf 92' lang='lat' dir='ltr'>clero,</span> <span class='ocrx_word' id='word_1_245' title='bbox 920 2865 1026 2936; x_wconf 93' lang='lat' dir='ltr'>populo</span> <span class='ocrx_word' id='word_1_246' title='bbox 1040 2865 1201 2922; x_wconf 85' lang='lat' dir='ltr'>Turonensi</span> 
     </span>
     <span class='ocr_line' id='line_1_31' title="bbox 229 2945 688 3016; baseline 0.004 -18"><span class='ocrx_word' id='word_1_247' title='bbox 229 2953 322 3016; x_wconf 89' lang='lat' dir='ltr'>apost.</span> <span class='ocrx_word' id='word_1_248' title='bbox 336 2945 440 3000; x_wconf 88' lang='lat' dir='ltr'>bened.</span> <span class='ocrx_word' id='word_1_249' title='bbox 454 2945 614 3015; x_wconf 89' lang='lat' dir='ltr'>impertitur</span> <span class='ocrx_word' id='word_1_250' title='bbox 630 2945 688 3000; x_wconf 90' lang='lat'>186.</span> 
     </span>
    </p>
   </div>
   <div class='ocr_carea' id='block_1_7' title="bbox 156 3051 1198 3182">
    <p class='ocr_par' dir='ltr' id='par_1_7' title="bbox 156 3051 1198 3184">
     <span class='ocr_line' id='line_1_32' title="bbox 156 3051 1198 3182; baseline 0.002 -80"><span class='ocrx_word' id='word_1_251' title='bbox 156 3051 249 3182; x_wconf 49' lang='grc'>1,4.8.</span> <span class='ocrx_word' id='word_1_252' title='bbox 266 3053 509 3106; x_wconf 76' lang='lat' dir='ltr'>ALLOCUTlO</span> <span class='ocrx_word' id='word_1_253' title='bbox 521 3055 565 3105; x_wconf 91' lang='lat' dir='ltr'>ad</span> <span class='ocrx_word' id='word_1_254' title='bbox 579 3055 609 3106; x_wconf 90' lang='lat' dir='ltr'>S.</span> <span class='ocrx_word' id='word_1_255' title='bbox 625 3055 664 3105; x_wconf 81' lang='lat' dir='ltr'>R.</span> <span class='ocrx_word' id='word_1_256' title='bbox 681 3055 719 3106; x_wconf 81' lang='grc' dir='ltr'><strong>Ε.</strong></span> <span class='ocrx_word' id='word_1_257' title='bbox 735 3055 935 3107; x_wconf 82' lang='lat' dir='ltr'>cardinales.</span> <span class='ocrx_word' id='word_1_258' title='bbox 951 3077 987 3088; x_wconf 89' lang='lat'>-</span> <span class='ocrx_word' id='word_1_259' title='bbox 999 3053 1043 3104; x_wconf 76' lang='lat'>24</span> <span class='ocrx_word' id='word_1_260' title='bbox 1058 3055 1198 3106; x_wconf 82' lang='lat' dir='ltr'>Decem-</span> 
     </span>
     <span class='ocr_line' id='line_1_33' title="bbox 182 3133 342 3182; baseline 0.003 -1"><span class='ocrx_word' id='word_1_261' title='bbox 182 3133 228 3181; x_wconf 82' lang='lat' dir='ltr'>rls</span> <span class='ocrx_word' id='word_1_262' title='bbox 253 3133 342 3182; x_wconf 84' lang='lat'>1888.</span> 
     </span>
    </p>
   </div>
   <div class='ocr_carea' id='block_1_8' title="bbox 228 3223 1204 4086">
    <p class='ocr_par' dir='ltr' id='par_1_8' title="bbox 228 3223 1204 4086">
     <span class='ocr_line' id='line_1_34' title="bbox 267 3223 1201 3296; baseline 0.002 -18"><span class='ocrx_word' id='word_1_263' title='bbox 267 3223 397 3279; x_wconf 90' lang='lat' dir='ltr'>Pontifex</span> <span class='ocrx_word' id='word_1_264' title='bbox 409 3225 517 3294; x_wconf 87' lang='lat' dir='ltr'>gratias</span> <span class='ocrx_word' id='word_1_265' title='bbox 528 3226 586 3296; x_wconf 88' lang='lat' dir='ltr'>agit</span> <span class='ocrx_word' id='word_1_266' title='bbox 600 3227 673 3294; x_wconf 93' lang='lat' dir='ltr'>Deo,</span> <span class='ocrx_word' id='word_1_267' title='bbox 687 3243 743 3280; x_wconf 90' lang='lat' dir='ltr'>una</span> <span class='ocrx_word' id='word_1_268' title='bbox 756 3243 820 3281; x_wconf 91' lang='lat' dir='ltr'>cum</span> <span class='ocrx_word' id='word_1_269' title='bbox 835 3229 925 3281; x_wconf 86' lang='lat' dir='ltr'>Sacro</span> <span class='ocrx_word' id='word_1_270' title='bbox 937 3225 1075 3296; x_wconf 86' lang='lat' dir='ltr'>Collegio,</span> <span class='ocrx_word' id='word_1_271' title='bbox 1088 3241 1140 3295; x_wconf 88' lang='lat' dir='ltr'>pro</span> <span class='ocrx_word' id='word_1_272' title='bbox 1152 3226 1201 3281; x_wconf 88' lang='lat' dir='ltr'>be-</span> 
     </span>
     <span class='ocr_line' id='line_1_35' title="bbox 228 3303 1201 3375; baseline 0.001 -17"><span class='ocrx_word' id='word_1_273' title='bbox 228 3303 340 3359; x_wconf 87' lang='lat' dir='ltr'>neficiis</span> <span class='ocrx_word' id='word_1_274' title='bbox 362 3303 554 3374; x_wconf 88' lang='lat' dir='ltr'>singularibus</span> <span class='ocrx_word' id='word_1_275' title='bbox 567 3321 643 3359; x_wconf 92' lang='lat' dir='ltr'>anno</span> <span class='ocrx_word' id='word_1_276' title='bbox 653 3304 762 3375; x_wconf 84' lang='lat' dir='ltr'>jubilaei</span> <span class='ocrx_word' id='word_1_277' title='bbox 776 3305 898 3375; x_wconf 89' lang='lat' dir='ltr'>receptis</span> <span class='ocrx_word' id='word_1_278' title='bbox 914 3305 971 3371; x_wconf 89' lang='lat'>187.</span> <span class='ocrx_word' id='word_1_279' title='bbox 985 3335 1020 3344; x_wconf 98' lang='lat'>-</span> <span class='ocrx_word' id='word_1_280' title='bbox 1036 3305 1094 3360; x_wconf 90' lang='lat' dir='ltr'>Sed</span> <span class='ocrx_word' id='word_1_281' title='bbox 1113 3305 1201 3359; x_wconf 89' lang='lat' dir='ltr'>etiarn</span> 
     </span>
     <span class='ocr_line' id='line_1_36' title="bbox 228 3383 1201 3454; baseline 0.002 -17"><span class='ocrx_word' id='word_1_282' title='bbox 228 3383 357 3454; x_wconf 89' lang='lat' dir='ltr'>queritur</span> <span class='ocrx_word' id='word_1_283' title='bbox 369 3383 405 3438; x_wconf 90' lang='lat' dir='ltr'>de</span> <span class='ocrx_word' id='word_1_284' title='bbox 418 3394 565 3440; x_wconf 89' lang='lat' dir='ltr'>crescente</span> <span class='ocrx_word' id='word_1_285' title='bbox 578 3384 607 3439; x_wconf 89' lang='lat' dir='ltr'>in</span> <span class='ocrx_word' id='word_1_286' title='bbox 620 3383 682 3438; x_wconf 89' lang='lat' dir='ltr'>dies</span> <span class='ocrx_word' id='word_1_287' title='bbox 695 3383 922 3439; x_wconf 87' lang='lat' dir='ltr'>fururehostium</span> <span class='ocrx_word' id='word_1_288' title='bbox 936 3383 1085 3450; x_wconf 83' lang='lat' dir='ltr'>Ecclesiae,</span> <span class='ocrx_word' id='word_1_289' title='bbox 1098 3384 1201 3454; x_wconf 89' lang='lat' dir='ltr'>quibus</span> 
     </span>
     <span class='ocr_line' id='line_1_37' title="bbox 229 3461 1200 3534; baseline 0.001 -19"><span class='ocrx_word' id='word_1_290' title='bbox 229 3461 301 3516; x_wconf 92' lang='lat' dir='ltr'>nibil</span> <span class='ocrx_word' id='word_1_291' title='bbox 315 3479 437 3530; x_wconf 90' lang='lat' dir='ltr'>sacrum,</span> <span class='ocrx_word' id='word_1_292' title='bbox 449 3461 521 3517; x_wconf 89' lang='lat' dir='ltr'>nihil</span> <span class='ocrx_word' id='word_1_293' title='bbox 534 3462 612 3534; x_wconf 90' lang='lat' dir='ltr'>pium</span> <span class='ocrx_word' id='word_1_294' title='bbox 629 3463 723 3529; x_wconf 91' lang='lat'>187.-</span> <span class='ocrx_word' id='word_1_295' title='bbox 737 3463 830 3532; x_wconf 89' lang='lat' dir='ltr'>Hujus</span> <span class='ocrx_word' id='word_1_296' title='bbox 843 3463 945 3518; x_wconf 86' lang='lat' dir='ltr'>furoris</span> <span class='ocrx_word' id='word_1_297' title='bbox 958 3463 1031 3518; x_wconf 90' lang='lat' dir='ltr'>ratio</span> <span class='ocrx_word' id='word_1_298' title='bbox 1043 3473 1087 3516; x_wconf 87' lang='lat' dir='ltr'>est</span> <span class='ocrx_word' id='word_1_299' title='bbox 1101 3463 1200 3518; x_wconf 88' lang='lat' dir='ltr'>missio</span> 
     </span>
     <span class='ocr_line' id='line_1_38' title="bbox 229 3541 1200 3613; baseline 0 -17"><span class='ocrx_word' id='word_1_300' title='bbox 229 3541 336 3597; x_wconf 72' lang='lat' dir='ltr'>divinae</span> <span class='ocrx_word' id='word_1_301' title='bbox 348 3541 487 3597; x_wconf 78' lang='lat' dir='ltr'>Ecclesiae</span> <span class='ocrx_word' id='word_1_302' title='bbox 504 3543 561 3611; x_wconf 91' lang='lat'>188,</span> <span class='ocrx_word' id='word_1_303' title='bbox 575 3551 727 3613; x_wconf 71' lang='lat' dir='ltr'>praetextus</span> <span class='ocrx_word' id='word_1_304' title='bbox 747 3559 814 3598; x_wconf 90' lang='lat' dir='ltr'>vero</span> <span class='ocrx_word' id='word_1_305' title='bbox 833 3543 960 3597; x_wconf 90' lang='lat' dir='ltr'>defensio</span> <span class='ocrx_word' id='word_1_306' title='bbox 974 3551 1074 3597; x_wconf 87' lang='lat' dir='ltr'>contra</span> <span class='ocrx_word' id='word_1_307' title='bbox 1087 3542 1200 3596; x_wconf 86' lang='lat' dir='ltr'>bostem</span> 
     </span>
     <span class='ocr_line' id='line_1_39' title="bbox 232 3621 1201 3690; baseline -0.001 -14"><span class='ocrx_word' id='word_1_308' title='bbox 232 3621 324 3676; x_wconf 84' lang='lat' dir='ltr'>ltaliae</span> <span class='ocrx_word' id='word_1_309' title='bbox 349 3622 407 3676; x_wconf 90' lang='lat'>188.</span> <span class='ocrx_word' id='word_1_310' title='bbox 428 3651 463 3661; x_wconf 96' lang='lat'><em>-</em></span> <span class='ocrx_word' id='word_1_311' title='bbox 483 3621 541 3677; x_wconf 88' lang='lat' dir='ltr'>Sed</span> <span class='ocrx_word' id='word_1_312' title='bbox 555 3631 654 3677; x_wconf 87' lang='lat' dir='ltr'>contra</span> <span class='ocrx_word' id='word_1_313' title='bbox 678 3621 736 3676; x_wconf 88' lang='lat'>188.</span> <span class='ocrx_word' id='word_1_314' title='bbox 757 3651 792 3661; x_wconf 97' lang='lat'>-</span> <span class='ocrx_word' id='word_1_315' title='bbox 814 3622 929 3676; x_wconf 90' lang='lat' dir='ltr'>Nedum</span> <span class='ocrx_word' id='word_1_316' title='bbox 949 3631 1061 3688; x_wconf 90' lang='lat' dir='ltr'>noceat,</span> <span class='ocrx_word' id='word_1_317' title='bbox 1083 3621 1201 3690; x_wconf 90' lang='lat' dir='ltr'>prodest</span> 
     </span>
     <span class='ocr_line' id='line_1_40' title="bbox 228 3699 1202 3771; baseline 0 -17"><span class='ocrx_word' id='word_1_318' title='bbox 228 3699 353 3756; x_wconf 88' lang='lat' dir='ltr'>maxime</span> <span class='ocrx_word' id='word_1_319' title='bbox 364 3700 455 3756; x_wconf 83' lang='lat' dir='ltr'>ltaliae</span> <span class='ocrx_word' id='word_1_320' title='bbox 466 3717 630 3771; x_wconf 87' lang='lat' dir='ltr'>supremam</span> <span class='ocrx_word' id='word_1_321' title='bbox 638 3699 836 3756; x_wconf 86' lang='lat' dir='ltr'>auctoritatem</span> <span class='ocrx_word' id='word_1_322' title='bbox 846 3699 983 3754; x_wconf 86' lang='lat' dir='ltr'>moralem</span> <span class='ocrx_word' id='word_1_323' title='bbox 992 3699 1020 3753; x_wconf 89' lang='lat' dir='ltr'>io</span> <span class='ocrx_word' id='word_1_324' title='bbox 1032 3699 1095 3769; x_wconf 90' lang='lat' dir='ltr'>ipsa</span> <span class='ocrx_word' id='word_1_325' title='bbox 1103 3699 1202 3754; x_wconf 73' lang='lat' dir='ltr'>sedern</span> 
     </span>
     <span class='ocr_line' id='line_1_41' title="bbox 230 3777 1202 3851; baseline -0.002 -17"><span class='ocrx_word' id='word_1_326' title='bbox 230 3779 338 3835; x_wconf 89' lang='lat' dir='ltr'>habere</span> <span class='ocrx_word' id='word_1_327' title='bbox 355 3780 411 3835; x_wconf 94' lang='lat'>188.</span> <span class='ocrx_word' id='word_1_328' title='bbox 422 3809 457 3819; x_wconf 90' lang='lat'>—-</span> <span class='ocrx_word' id='word_1_329' title='bbox 470 3781 521 3850; x_wconf 91' lang='lat' dir='ltr'>Jus</span> <span class='ocrx_word' id='word_1_330' title='bbox 531 3779 677 3834; x_wconf 89' lang='lat' dir='ltr'>Pontificis</span> <span class='ocrx_word' id='word_1_331' title='bbox 687 3778 782 3851; x_wconf 90' lang='lat' dir='ltr'>palam</span> <span class='ocrx_word' id='word_1_332' title='bbox 790 3787 984 3850; x_wconf 88' lang='lat' dir='ltr'>propugnatur</span> <span class='ocrx_word' id='word_1_333' title='bbox 1001 3777 1049 3831; x_wconf 92' lang='lat'>188</span> <span class='ocrx_word' id='word_1_334' title='bbox 1063 3797 1070 3843; x_wconf 91' lang='grc'><strong>;</strong></span> <span class='ocrx_word' id='word_1_335' title='bbox 1083 3777 1120 3832; x_wconf 90' lang='lat' dir='ltr'>ab</span> <span class='ocrx_word' id='word_1_336' title='bbox 1133 3779 1202 3832; x_wconf 86' lang='lat' dir='ltr'>orbe</span> 
     </span>
     <span class='ocr_line' id='line_1_42' title="bbox 229 3855 1202 3928; baseline -0.005 -14"><span class='ocrx_word' id='word_1_337' title='bbox 229 3859 374 3914; x_wconf 88' lang='lat' dir='ltr'>catholico</span> <span class='ocrx_word' id='word_1_338' title='bbox 387 3861 520 3914; x_wconf 85' lang='lat' dir='ltr'>universo</span> <span class='ocrx_word' id='word_1_339' title='bbox 533 3859 725 3928; x_wconf 89' lang='lat' dir='ltr'>proclamatur</span> <span class='ocrx_word' id='word_1_340' title='bbox 738 3858 800 3926; x_wconf 88' lang='lat'>189;</span> <span class='ocrx_word' id='word_1_341' title='bbox 809 3859 970 3914; x_wconf 90' lang='lat' dir='ltr'>defenditur</span> <span class='ocrx_word' id='word_1_342' title='bbox 982 3857 1019 3910; x_wconf 90' lang='lat' dir='ltr'>ab</span> <span class='ocrx_word' id='word_1_343' title='bbox 1032 3855 1095 3926; x_wconf 89' lang='lat' dir='ltr'>ipsa</span> <span class='ocrx_word' id='word_1_344' title='bbox 1105 3858 1202 3912; x_wconf 85' lang='lat' dir='ltr'>catho-</span> 
     </span>
     <span class='ocr_line' id='line_1_43' title="bbox 229 3937 1204 4008; baseline -0.001 -15"><span class='ocrx_word' id='word_1_345' title='bbox 229 3937 285 3993; x_wconf 91' lang='lat' dir='ltr'>lica</span> <span class='ocrx_word' id='word_1_346' title='bbox 300 3938 384 3992; x_wconf 88' lang='lat' dir='ltr'>ltalia</span> <span class='ocrx_word' id='word_1_347' title='bbox 400 3939 458 4008; x_wconf 89' lang='lat'>189,</span> <span class='ocrx_word' id='word_1_348' title='bbox 467 3937 548 4008; x_wconf 89' lang='lat' dir='ltr'>cujus</span> <span class='ocrx_word' id='word_1_349' title='bbox 560 3954 661 3994; x_wconf 88' lang='lat' dir='ltr'>vocem</span> <span class='ocrx_word' id='word_1_350' title='bbox 674 3939 772 3994; x_wconf 90' lang='lat' dir='ltr'>hostes</span> <span class='ocrx_word' id='word_1_351' title='bbox 784 3953 914 4008; x_wconf 89' lang='lat' dir='ltr'>premere</span> <span class='ocrx_word' id='word_1_352' title='bbox 926 3947 1065 3991; x_wconf 90' lang='lat' dir='ltr'>conantur</span> <span class='ocrx_word' id='word_1_353' title='bbox 1081 3937 1139 4006; x_wconf 90' lang='lat'>189,</span> <span class='ocrx_word' id='word_1_354' title='bbox 1152 3937 1204 3992; x_wconf 89' lang='lat' dir='ltr'>sed</span> 
     </span>
     <span class='ocr_line' id='line_1_44' title="bbox 232 4015 452 4086; baseline 0.005 -14"><span class='ocrx_word' id='word_1_355' title='bbox 232 4015 378 4072; x_wconf 88' lang='lat' dir='ltr'>incassum</span> <span class='ocrx_word' id='word_1_356' title='bbox 395 4017 452 4086; x_wconf 88' lang='lat'>189.</span> 
     </span>
    </p>
   </div>
   <div class='ocr_carea' id='block_1_9' title="bbox 160 4117 1204 4254">
    <p class='ocr_par' dir='ltr' id='par_1_9' title="bbox 160 4117 1204 4254">
     <span class='ocr_line' id='line_1_45' title="bbox 195 4117 1204 4172; baseline 0.002 -4"><span class='ocrx_word' id='word_1_357' title='bbox 195 4117 251 4169; x_wconf 78' lang='lat'>44.</span> <span class='ocrx_word' id='word_1_358' title='bbox 279 4119 487 4170; x_wconf 77' lang='lat' dir='ltr'>LITTERAE</span> <span class='ocrx_word' id='word_1_359' title='bbox 520 4120 779 4172; x_wconf 79' lang='lat' dir='ltr'>ENCYCLlcAE</span> <span class='ocrx_word' id='word_1_360' title='bbox 809 4119 850 4169; x_wconf 85' lang='lat' dir='ltr'>de</span> <span class='ocrx_word' id='word_1_361' title='bbox 874 4121 947 4169; x_wconf 83' lang='lat' dir='ltr'>ulta</span> <span class='ocrx_word' id='word_1_362' title='bbox 970 4123 1082 4170; x_wconf 86' lang='lat' dir='ltr'>sancte</span> <span class='ocrx_word' id='word_1_363' title='bbox 1106 4120 1204 4170; x_wconf 84' lang='grc'><strong>111111-</strong></span> 
     </span>
     <span class='ocr_line' id='line_1_46' title="bbox 160 4197 713 4254; baseline 0 -6"><span class='ocrx_word' id='word_1_364' title='bbox 160 4197 713 4254; x_wconf 83' lang='lat' dir='ltr'>tuenda.-30Deoembrls1888.</span> 
     </span>
    </p>
   </div>
   <div class='ocr_carea' id='block_1_10' title="bbox 232 4297 1202 4529">
    <p class='ocr_par' dir='ltr' id='par_1_10' title="bbox 232 4297 1202 4529">
     <span class='ocr_line' id='line_1_47' title="bbox 268 4297 1202 4369; baseline -0.001 -16"><span class='ocrx_word' id='word_1_365' title='bbox 268 4297 401 4353; x_wconf 90' lang='lat' dir='ltr'>Pontifex</span> <span class='ocrx_word' id='word_1_366' title='bbox 420 4308 501 4367; x_wconf 87' lang='lat' dir='ltr'>grate</span> <span class='ocrx_word' id='word_1_367' title='bbox 519 4298 684 4354; x_wconf 90' lang='lat' dir='ltr'>recordatur</span> <span class='ocrx_word' id='word_1_368' title='bbox 704 4297 899 4353; x_wconf 88' lang='lat' dir='ltr'>solemnitates</span> <span class='ocrx_word' id='word_1_369' title='bbox 917 4297 1034 4369; x_wconf 81' lang='lat' dir='ltr'>jubilaei,</span> <span class='ocrx_word' id='word_1_370' title='bbox 1048 4297 1078 4352; x_wconf 92' lang='lat' dir='ltr'>in</span> <span class='ocrx_word' id='word_1_371' title='bbox 1096 4297 1202 4369; x_wconf 91' lang='lat' dir='ltr'>quibus</span> 
     </span>
     <span class='ocr_line' id='line_1_48' title="bbox 232 4375 1202 4448; baseline 0.002 -18"><span class='ocrx_word' id='word_1_372' title='bbox 232 4375 337 4447; x_wconf 87' lang='lat' dir='ltr'>pignus</span> <span class='ocrx_word' id='word_1_373' title='bbox 360 4377 476 4432; x_wconf 87' lang='lat' dir='ltr'>unitatis</span> <span class='ocrx_word' id='word_1_374' title='bbox 499 4377 638 4434; x_wconf 81' lang='lat' dir='ltr'>Ecclesiae</span> <span class='ocrx_word' id='word_1_375' title='bbox 660 4378 778 4448; x_wconf 86' lang='lat' dir='ltr'>ejusque</span> <span class='ocrx_word' id='word_1_376' title='bbox 799 4379 946 4434; x_wconf 85' lang='lat' dir='ltr'>vitalitatis</span> <span class='ocrx_word' id='word_1_377' title='bbox 968 4382 1072 4434; x_wconf 90' lang='lat' dir='ltr'>salutat</span> <span class='ocrx_word' id='word_1_378' title='bbox 1097 4393 1153 4448; x_wconf 88' lang='lat'>190.</span> <span class='ocrx_word' id='word_1_379' title='bbox 1166 4408 1202 4418; x_wconf 93' lang='lat'><em>-</em></span> 
     </span>
     <span class='ocr_line' id='line_1_49' title="bbox 236 4455 1202 4529; baseline 0.005 -20"><span class='ocrx_word' id='word_1_380' title='bbox 236 4456 322 4524; x_wconf 89' lang='lat' dir='ltr'>Quod</span> <span class='ocrx_word' id='word_1_381' title='bbox 342 4456 448 4526; x_wconf 87' lang='lat' dir='ltr'>pluries</span> <span class='ocrx_word' id='word_1_382' title='bbox 470 4455 543 4510; x_wconf 89' lang='lat' dir='ltr'>infra</span> <span class='ocrx_word' id='word_1_383' title='bbox 564 4457 631 4511; x_wconf 91' lang='lat' dir='ltr'>anni</span> <span class='ocrx_word' id='word_1_384' title='bbox 652 4474 765 4512; x_wconf 89' lang='lat' dir='ltr'>cursum</span> <span class='ocrx_word' id='word_1_385' title='bbox 784 4459 851 4529; x_wconf 89' lang='lat' dir='ltr'>egit,</span> <span class='ocrx_word' id='word_1_386' title='bbox 871 4475 946 4514; x_wconf 90' lang='lat' dir='ltr'>nunc</span> <span class='ocrx_word' id='word_1_387' title='bbox 967 4461 1068 4515; x_wconf 86' lang='lat' dir='ltr'>eodem</span> <span class='ocrx_word' id='word_1_388' title='bbox 1082 4469 1202 4514; x_wconf 82' lang='lat' dir='ltr'>exeunte</span> 
     </span>
    </p>
   </div>
   <div class='ocr_carea' id='block_1_11' title="bbox 0 0 1632 4876">
    <p class='ocr_par' dir='ltr' id='par_1_11' title="bbox 0 0 1632 4876">
     <span class='ocr_line' id='line_1_50' title="bbox 0 0 1632 4876; baseline 0 0"><span class='ocrx_word' id='word_1_389' title='bbox 0 0 1632 4876; x_wconf 95' lang='lat' dir='ltr'> </span> 
     </span>
    </p>
   </div>
  </div>
 </body>
</html>
