3230 4874
427 375 439 424 ι
449 375 496 446 30
524 373 670 426 arrisu.
687 371 814 425 arose.
834 359 854 388 ‘⁴
870 371 1144 424 ssumrsnusnr
1158 373 1468 426 noururcrousms
1483 413 1495 440 ,

282 554 384 660 ἀι·
419 547 486 611 sint
497 552 691 627 oportet
647 540 910 626 8Quamv1s
922 539 1034 607 nullae
1045 540 1246 624 disciplinae
1256 542 1498 626 repudiabuntur

242 613 394 720 maurna-
418 668 505 734 quae
529 647 571 712 ad
599 645 782 730 pleniorem
806 652 842 708 et
864 645 1069 712 ornatiorem
1085 644 1355 711 ecclesiasticae
1346 647 1499 710 iuventutis

241 732 314 788 ‘¹⁰¹¹‘
417 751 662 818 institutionem
678 749 857 832 pertinent,
868 747 945 814 illae
957 749 1038 814 data
1049 769 1153 834 opera
1168 751 1380 832 potissimum
1392 750 1499 814 traden-

416 865 479 936 tur,
493 873 577 938 quas
593 853 742 939 postulat
767 852 1004 918 humaniorum
1032 853 1229 932 litterarum,
1245 853 1465 936 philosophiae
1477 864 1500 914 et

414 957 604 1040 theologiae
629 955 787 1040 cognitio.
814 955 872 1021 Ius
898 973 1034 1039 quoque
1065 957 1265 1022 canonicum
1293 955 1500 1041 explicabitur.

414 1061 600 1128 dummodo
626 1060 839 1126 alumnorum
871 1060 969 1142 copia
1000 1059 1082 1124 satis
1107 1060 1222 1144 ampla
1249 1081 1318 1126 non
1346 1061 1436 1125 desit
1458 1059 1498 1122 Ad

414 1163 601 1231 doctrinam
631 1173 744 1229 autem
775 1162 866 1245 quod
897 1161 1019 1228 attinet
1052 1163 1122 1229 sive
1152 1164 1427 1249 philosophicam,
1449 1164 1499 1226 sive

413 1267 647 1352 theologicam,
664 1267 815 1352 magistri
831 1265 974 1349 vestigia
989 1276 1153 1349 prement,
1168 1268 1290 1351 quibus
1303 1268 1498 1354 insistendum

412 1373 536 1438 docent
550 1373 764 1450 documenta,
775 1389 863 1453 quae
875 1389 921 1434 ex
932 1371 1134 1453 Apostolica
1150 1371 1240 1438 Sede
1255 1372 1417 1438 extremis
1431 1370 1499 1434 hisce

412 1474 620 1558 temporibus
635 1482 855 1540 emanarunt:
870 1473 956 1540 ordo
971 1473 1117 1557 denique
1132 1473 1392 1558 scholarumque
1414 1474 1499 1538 distri·

412 1577 508 1642 butio
531 1598 571 1642 ea
595 1576 706 1642 futura
731 1585 819 1654 sunt,
844 1577 966 1661 quibus
983 1577 1173 1643 Academia
1188 1577 1399 1664 Gregoriana
1422 1577 1499 1640 hodie

250 1705 388 1800 gigan
412 1681 545 1764 Γθὲῑῑῦῐ·
560 1697 651 1762 ···9·
676 1681 838 1746 Instituta
865 1679 1024 1765 legesque
1048 1681 1170 1766 quibus
1196 1682 1327 1748 alumni
1358 1679 1498 1765 dirigendi

234 1812 268 1858 m
278 1812 377 1874 agam.
411 1794 489 1851 sunt
504 1793 541 1848 ut
556 1783 608 1848 his
624 1785 798 1850 moribus'
789 1785 1016 1864 instituantur,
1031 1805 1117 1869 quos
1143 1787 1324 1852 sacerdotii
1342 1785 1497 1852 ministeria

235 1884 287 1930 Μ
411 1887 593 1971 requirunt,
608 1895 706 1952 erunt
720 1885 778 1950 illa
793 1887 916 1970 quibus
928 1887 1166 1954 Germanicum
1178 1889 1362 1975 collegium
1378 1906 1498 1956 summo

411 2011 484 2057 rum
501 1989 702 2056 Pontificum
717 1991 887 2074 praesidio
901 2001 1029 2058 tectum
1046 2001 1098 2059 tot
1113 2001 1252 2077 tamque
1266 1995 1420 2080 egregios
1442 2011 1497 2074 pro

292 2119 329 2154 ιο.
411 2095 488 2161 tulit
502 2095 761 2162 sacerdotes-
780 2112 827 2160 10.
844 2096 1066 2162 Conditiones
1080 2098 1123 2163 ad
1138 2097 1294 2164 alumnos
1310 2097 1497 2182 cooptandos

234 2165 296 2272 „eff
305 2181 386 2273 Z‘qc'ss.
411 2199 597 2284 requisitae,
627 2198 731 2264 animi
761 2198 976 2283 corporisque
1003 2199 1190 2281 facultates,
1219 2202 1346 2286 quibus
1368 2197 1497 2268 exornari

234 2286 342 2394 {wf-
361 2300 388 2332 Ψ
409 2304 545 2382 debent,
558 2301 792 2386 experimenta
807 2303 930 2386 quibus
945 2303 1172 2384 subiicientur,
1188 2305 1414 2390 obligationes
1434 2321 1496 2386 quas

410 2408 551 2474 insuam
575 2405 756 2474 dioecesim
780 2406 971 2490 suscipient,
986 2405 1098 2474 officia
1124 2429 1211 2496 quae
1226 2409 1333 2476 semel
1350 2407 1497 2476 admissis

408 2513 586 2578 seminario
610 2519 791 2594 expectare
815 2519 983 2594 poterunt,
1007 2512 1226 2596 sequentibus
1248 2515 1400 2582 articulis
1413 2529 1496 2592 expo·

233 2633 385 2790 wem·
408 2626 541 2681 nuntur.
555 2650 600 2665 -
619 2631 644 2679 1.
666 2612 978 2682 Adscribendorum
1006 2625 1100 2682 aetas
1126 2617 1370 2684 duodecimum
1399 2616 1495 2682 saltem

279 2779 286 2800 ‚
408 2737 534 2784 annum
550 2717 735 2802 expleverit
760 2736 896 2784 necesse
921 2729 994 2801 est;
1010 2719 1164 2787 doctrina
1190 2739 1277 2804 quae
1302 2723 1349 2788 ad
1376 2723 1496 2806 primam
1568 2735 1569 2744 ³

408 2821 653 2887 institutionem
669 2821 815 2904 pertinet
837 2823 993 2888 omnibus
1010 2825 1053 2888 sit
1078 2825 1227 2890 numeris
1248 2826 1404 2894 absoluta
1417 2847 1425 2903 ;
1439 2823 1497 2894 inu

407 2925 526 2993 ceteris
550 2923 697 3008 paribus,
721 2923 768 2989 illi
796 2923 1032 3005 anteferuntur,
1060 2927 1117 3012 qni
1138 2931 1349 3011 superiorum
1374 2923 1497 3006 discipli·

408 3047 524 3094 narum
551 3027 743 3110 cognitione
767 3047 807 3092 ac
837 3028 1050 3111 potissimum
1084 3029 1220 3115 linguae
1250 3031 1376 3098 latinae
1401 3028 1497 3115 petitia

300 3161 326 3202 ιο
407 3133 752 3200 commendentur.-
772 3147 801 3198 2.
825 3133 1002 3200 Praeterea
1031 3143 1068 3198 ut
1100 3133 1174 3219 quis
1205 3133 1270 3200 hoe
1301 3133 1496 3202 seminarium

248 3215 417 3274 quocum·
406 3235 621 3321 ingrediatur,
651 3253 718 3298 non
751 3235 854 3300 modo
884 3235 1062 3320 requiritur
1093 3239 1281 3303 necessario
1312 3249 1351 3304 ut
1380 3237 1500 3304 caelitus

408 3359 537 3406 evocari
529 3335 756 3420 'significarit
772 3337 873 3421 idque
889 3339 1066 3404 moribus'
1056 3341 1279 3424 integerrimis
1306 3335 1497 3408 confirmarit,

408 3463 522 3508 verum
538 3441 640 3508 etiam
656 3451 694 3506 ut
708 3460 745 3506 se
761 3440 922 3525 legitimis
936 3443 1106 3508 natalibus
1129 3442 1348 3529 honestisque
1373 3435 1495 3528 parenti·

406 3549 469 3613 bus
502 3556 612 3611 ortum
640 3544 776 3628 parochi
806 3547 1002 3612 testimonio
1032 3548 1251 3614 demonstret.
1282 3547 1374 3614 Huic
1401 3552 1493 3610 autem

405 3650 599 3717 testimonio
624 3657 719 3712 terna
734 3648 938 3714 documenta
953 3650 1174 3720 adlicientur:
1196 3651 1344 3733 primurn
1367 3645 1448 3732 quod
1461 3642 1497 3704 de

405 3754 573 3837 baptismo
587 3771 627 3815 ac
649 3747 904 3817 confirmatione
919 3751 1020 3818 fidem
1037 3753 1148 3831 faciat,
1163 3752 1307 3818 alterum
1322 3771 1391 3837 quo
1408 3744 1492 3814 medi·

404 3879 463 3924 cus
488 3855 580 3922 nulio
606 3873 684 3920 eum
712 3873 772 3920 nec
803 3865 960 3937 parentes
987 3857 1186 3940 contagioso
1212 3856 1333 3921 morbo
1363 3852 1491 3920 laborare

405 3969 554 4038 testetur,
569 3959 705 4024 tertium
725 3957 915 4024 dioecesani
941 3959 1085 4025 Praelati
1112 3959 1255 4026 facultas
1282 3971 1319 4025 nt
1343 3953 1491 4042 proprium

404 4061 619 4129 seminarium
635 4062 776 4139 deserat,
792 4062 993 4146 siquidem
983 4083 1017 4127 rn
1033 4063 1236 4129 dioecesano
1262 4059 1434 4128 seminario
1446 4066 1497 4136 per·

288 4180 333 4277 ³⁰
351 4169 532 4278 aliquot
546 4183 654 4231 annos
678 4165 800 4230 studiis
824 4174 925 4231 antea
951 4165 1186 4238 vacaverit-
1142 4185 1230 4250 -.3
1246 4163 1355 4235 Simul
1368 4179 1437 4228 cum
1451 4153 1491 4218 his

153 4301 155 4306 ·
222 4231 370 4346 numm-‘²
403 4270 604 4339 testimoniis
635 4269 756 4352 petitio
786 4269 1002 4336 seminarium
1044 4272 1182 4340 ineundi
1219 4271 1345 4355 scripto
1379 4260 1490 4332 dabitur

225 4354 378 4462 ξ’,ᾱωζω
404 4369 627 4449 moderatori;
659 4390 728 4454 qua
758 4382 933 4456 perspecta
963 4383 1065 4457 atque
1099 4374 1152 4439 his
1181 4371 1386 4457 investigatis
1417 4375 1492 4446 quile
