3194 4872
394 371 441 440 34
510 376 516 391 '
581 373 763 426 EPISTOLA
792 363 981 426 “omero
1009 373 1297 440 SANCTISSIMO„

236 567 365 612 Surum-
391 551 468 616 ideo
491 553 669 618 constituit
696 553 790 618 Deus
809 552 996 618 Ecclesiam
1017 573 1123 631 suam,
1149 563 1186 619 ut
1201 555 1291 619 bona
1306 555 1475 620 animorum

215 633 365 732 wopam
391 655 520 734 ultima,
536 657 697 740 omnique
725 669 844 722 natura
860 677 970 722 rerum
987 658 1189 724 immensum
1206 659 1341 736 maiora,
1356 659 1476 724 baberet

391 761 548 839 curanda,
574 764 813 845 persequenda,
837 761 1009 844 largienda
1023 784 1030 840 ;
1064 773 1177 846 utque,
1202 763 1324 846 opibus
1351 761 1421 826 fidei
1449 769 1477 824 et

390 867 529 946 gratiae,
544 867 648 931 vitam
664 889 684 930 a
701 868 836 934 Christo
851 869 885 932 in
902 869 1056 933 homines
1072 888 1195 932 novam
1212 868 1355 946 inferret,
1376 867 1478 932 salutis

214 981 365 1049 ecclesiane
390 973 615 1056 sempiternae
630 973 837 1040 efficientem.
855 974 1025 1059 Quoniam
1042 996 1122 1040 vero
1142 977 1302 1059 cuiusque
1324 975 1476 1040 societatis

206 1043 287 1158 ῙῗῖῘῖῘ
298 1046 365 1168 ᾳμιῖἶ
390 1084 424 1139 et
439 1096 546 1158 genus
561 1089 595 1143 et
611 1080 682 1144 iura
707 1100 727 1144 a
745 1079 872 1144 caussis
899 1081 1148 1164 propositisque
1170 1081 1320 1146 maxime
1336 1089 1479 1146 notantur

213 1159 260 1270 32¹²
278 1159 363 1204 ursm-
388 1179 478 1243 unde
493 1181 566 1263 ipsa
581 1182 749 1247 exstiterit
765 1193 799 1247 et
813 1203 882 1266 quo
898 1184 1092 1261 contendat,
1106 1183 1190 1248 haec
1205 1182 1301 1248 facile
1321 1192 1399 1247 sunt
1412 1200 1477 1244 con·

388 1285 585 1366 sequentia:
607 1287 794 1352 Ecclesiam
819 1287 1016 1352 societatem
1045 1307 1117 1350 esse
1141 1296 1211 1351 tam
1228 1285 1350 1350 acivili
1370 1285 1478 1350 discre-

386 1397 467 1466 tam,
499 1409 601 1471 quam
638 1391 810 1474 utriusque
835 1391 922 1455 inter
953 1410 1027 1455 sese
1056 1391 1289 1455 discernuntur
1318 1389 1480 1472 proximae

384 1511 522 1559 caussae
537 1504 572 1559 et
587 1497 760 1577 proposita
774 1517 781 1574 ;
797 1495 950 1587 eamdem
968 1515 1041 1560 esse
1055 1495 1250 1560 societatem
1265 1493 1479 1565 necessariam,

384 1619 471 1682 quae
487 1600 530 1663 ad
546 1599 799 1663 universitatem
817 1619 852 1662 se
868 1601 1017 1683 porrigat
1033 1600 1164 1682 generis
1179 1599 1328 1674 humani,
1349 1615 1422 1662 cum
1443 1591 1479 1656 ad

385 1700 600 1766 christianam
616 1701 720 1766 vitam
738 1702 882 1767 universi
897 1711 1067 1779 vocentur,
1082 1711 1184 1784 atque
1200 1703 1256 1779 ita,
1267 1711 1315 1777 ut,
1329 1701 1386 1784 qui
1402 1717 1480 1764 recu·

385 1816 460 1870 sent
486 1806 537 1870 vel
555 1808 721 1884 deserant,
736 1807 934 1891 ablegentur
950 1817 1121 1890 perpetu0,
1136 1809 1225 1872 vitae
1251 1816 1403 1872 exsortes
1418 1822 1481 1868 cac·

386 1907 477 1973 lestis
493 1930 501 1987 ;
528 1929 601 1974 esse
625 1910 836 1992 potissimum
854 1911 905 1974 sui
921 1911 1000 1974 iuris
1016 1910 1220 1987 societatem,
1235 1929 1378 1992 eamque
1399 1924 1480 1990 prae·

227 2082 232 2092 ¹
328 2085 332 2093 ⁸
387 2013 638 2092 stantissimam,
663 2025 799 2096 propter
825 2014 933 2096 ipsam
964 2014 1158 2078 caelestium
1190 2022 1224 2078 et
1254 2011 1480 2076 immortalium

207 2084 361 2204 2522*ssss
387 2115 562 2194 bonorum,
585 2118 731 2201 adquae
757 2129 831 2183 tota
845 2119 1025 2202 conspirat,
1048 2117 1293 2182 excellentiam.
1319 2117 1392 2182 lam
1414 2132 1481 2178 vero

386 2220 510 2285 liberae
525 2241 674 2296 caussae,
689 2242 756 2285 non
774 2223 865 2288 videt
875 2242 984 2300 nemo,
996 2222 1134 2286 liberam
1146 2221 1283 2286 trahunt
1300 2221 1480 2284 facultatem

386 2345 494 2388 rerum
512 2325 789 2403 adhibendarum,
804 2337 971 2410 quotquot
987 2327 1061 2390 usui
1088 2336 1166 2390 sunt
1191 2325 1330 2391 suturae
1345 2363 1390 2376 --
1405 2324 1482 2390 Sunt

232 2437 358 2495 mapsa
386 2439 499 2494 autem
518 2429 699 2509 Ecclesiae,
717 2441 890 2514 tamquam
908 2431 1139 2508 instrumenta,
1154 2440 1233 2513 apta
1249 2440 1283 2496 et
1299 2427 1482 2500 necessaria,

209 2495 359 2614 αἷειῗπερῗῖ
386 2551 483 2616 posse
499 2535 661 2599 arbitratu
687 2555 748 2600 suo
775 2535 996 2600 christianam
1016 2535 1203 2600 doctrinam
1219 2535 1361 2612 tradere,
1385 2551 1482 2597 sacra·

205 2614 360 2720 wa?
387 2649 501 2703 menta
527 2641 739 2704 sanctissima
763 2660 950 2723 procurare,
974 2640 1067 2704 cultu
1091 2639 1206 2704 divino
1229 2637 1332 2722 fungi,
1355 2653 1482 2702 omnem

386 2743 463 2806 cleri
478 2743 690 2826 disciplinam
706 2745 861 2810 ordinare
876 2755 910 2808 et
933 2755 1139 2827 temperare:
1155 2744 1276 2828 quibus
1300 2739 1483 2808 muneribus

386 2843 623 2930 beneficiisque
647 2847 844 2912 instructam
861 2858 894 2911 et
921 2857 1118 2930 apparatam
1134 2847 1239 2913 voluit
1265 2848 1360 2912 Deus
1377 2842 1484 2912 Eccle-

385 2951 479 3028 siam,
494 2951 601 3016 solam
618 2971 692 3016 eam
709 2953 1000 3035 providentissime
1014 2954 1128 3020 voluit
1145 2953 1215 3036 Ipsi
1238 2953 1295 3017 uni
1316 2963 1482 3033 tamquam

385 3056 418 3118 in
445 3057 602 3138 deposito
627 3077 700 3120 esse
726 3057 822 3121 iussit
847 3077 898 3121 res
925 3077 1043 3122 omnes
1069 3057 1185 3122 afflatu
1211 3077 1273 3122 suo
1298 3054 1484 3120 hominibus

385 3161 575 3225 enuntiatas
588 3181 596 3239 ;
611 3181 686 3226 eam
702 3161 847 3244 denique
862 3182 964 3226 unam
990 3163 1108 3226 statuit
1135 3163 1359 3245 interpretem,
1383 3156 1483 3222 vindi·

385 3283 467 3340 cem,
482 3263 677 3347 magistram
694 3265 843 3329 veritatis
859 3275 893 3328 et
908 3265 1190 3348 sapientissimam
1205 3274 1240 3330 et
1260 3263 1484 3333 certissimam,

384 3366 476 3430 cuius
491 3376 671 3450 praecepta
685 3387 791 3452 aeque
803 3367 924 3450 singuli
938 3388 1044 3451 aeque
1053 3368 1205 3433 civitates
1220 3367 1366 3432 debeant
1375 3363 1484 3432 audire

383 3479 416 3534 et
432 3471 526 3553 sequi
539 3491 547 3548 3
562 3468 714 3535 similiter
728 3481 861 3536 constat
878 3474 1037 3538 mandata
1052 3474 1097 3537 ab
1108 3473 1182 3556 ipso
1197 3472 1300 3536 libera
1317 3467 1482 3536 Ecclesiae

384 3573 463 3638 data
490 3593 562 3638 esse
576 3576 620 3638 de
646 3575 744 3638 rebus
773 3574 959 3640 iudicandis
986 3586 1020 3640 et
1046 3575 1233 3640 statuendis
1258 3587 1484 3658 quaecumque

384 3677 502 3742 melius
513 3678 557 3741 ad
567 3678 704 3742 consilia
716 3698 776 3744 sua
787 3678 1166 3764 conducerent-Qua
1178 3679 1221 3742 de
1233 3697 1276 3755 re,
1287 3679 1360 3742 sine
1369 3691 1485 3740 caussa

226 3841 357 3902 Situm&
382 3781 492 3846 civilia
506 3783 646 3866 imperia
660 3785 883 3866 suspicionem
899 3795 933 3849 et
948 3783 1168 3866 offensionem
1180 3785 1318 3868 capiunt
1332 3783 1374 3848 de
1390 3780 1483 3846 liber-

206 3904 229 3942 er
239 3904 308 3953 ram.
319 3904 355 3946 na
382 3897 452 3952 tate
468 3887 648 3966 Ecclesiae,
663 3909 766 3972 quum
783 3891 919 3954 demum
936 3890 988 3955 vel
998 3890 1104 3954 civilis
1114 3889 1166 3954 vel
1182 3909 1296 3953 sacrae
1310 3881 1485 3970 potestatis

207 3957 357 4005 Ecclesiae!
383 3993 390 4006 .
514 3994 522 4007 .
607 3994 615 4008 .
662 3993 670 4008 .
697 3993 705 4008 .
848 3995 856 4010 .

206 4017 289 4064 cam,
315 4027 355 4078 p,
381 3993 469 4058 rdem
495 4003 539 4056 srt
565 4012 941 4075 prrncrprum,un1cea
967 3996 1049 4059 Deo.
1078 3995 1227 4075 ldeoque
1253 4011 1319 4058 noo
1344 3995 1483 4074 possunt

206 4081 356 4184 ffiussss
381 4097 466 4162 inter
481 4116 517 4159 se
533 4106 592 4159 aut
619 4097 815 4180 discrepare,
841 4109 899 4164 aut
925 4099 1077 4182 impediri
1094 4106 1152 4162 aut
1167 4097 1255 4174 elidi,
1277 4116 1352 4160 curn
1375 4109 1484 4174 neque

204 4195 349 4314 cmm
382 4201 474 4264 Deus
489 4209 643 4266 constare
657 4202 719 4265 sibi
736 4223 802 4266 non
820 4205 935 4285 possit,
945 4222 1054 4286 neque
1068 4223 1170 4284 opera
1184 4202 1255 4265 eius
1264 4207 1386 4284 queant
1397 4198 1482 4261 inter

380 4325 416 4366 se
442 4323 617 4386 pugnare3
644 4304 722 4386 quin
750 4307 851 4370 etiam
878 4308 962 4371 miro
988 4308 1266 4371 commendantur
1290 4319 1479 4368 caussarum
1549 4365 1552 4373 ,

380 4427 554 4490 rerumque
568 4407 740 4474 concentu.
752 4411 874 4494 Liquet
884 4422 1054 4494 praeterea
1071 4409 1256 4474 Ecclesiam
1271 4407 1479 4481 catholicam,
