3172 4874
426 389 498 460 224
602 385 748 438 uttan.
770 385 897 440 trost.
920 375 942 404 ‘⁴
958 385 1038 438 non
1059 387 1178 441 tintus
1199 388 1308 440 nouis
1328 423 1345 448 ,,

245 561 401 681 ,fimf
421 585 495 630 rum
521 566 666 630 virorum
691 561 902 648 legationem,
926 565 969 628 ad
996 565 1205 650 obsequium,
1229 565 1337 644 tidem,
1360 565 1483 649 pietaten

245 682 396 786 2725:
421 689 516 734 suam
541 687 621 752 erga
637 663 872 750 Apostolicam
901 667 1024 735 Sedem
1049 670 1285 736 declarandam
1303 669 1421 736 mittere
1438 685 1483 729 non

258 815 285 845 us
300 741 395 920 [ff
420 771 616 839 dubitarunt
630 793 637 852 ;
651 791 740 856 quae
756 769 880 856 legatio
900 791 946 838 ex
972 773 1090 840 ultima
1114 773 1263 840 Orientis
1289 775 1412 858 regione
1432 791 1483 854 pro

271 743 285 786 r

244 801 257 844 r

244 874 326 970 ζ’ξξῇ
368 874 394 906 ’“
419 875 515 955 iecta,
546 875 646 941 nullis
676 885 756 941 ante
785 875 926 942 saeculis
956 877 1037 956 visa,
1067 899 1190 964 genere
1219 900 1281 946 suo
1309 877 1483 962 amplissima

418 995 577 1062 magnam
605 977 639 1042 in
661 975 724 1042 hac
751 977 832 1042 urbe
856 977 947 1061 apud
974 999 1092 1044 omnes
1114 979 1252 1046 ordines
1268 979 1483 1044 admirationem

240 1079 395 1186 mffflff
416 1080 544 1158 habuit,
552 1079 791 1157 celebritatem,
800 1081 1379 1164 gratulationem.Clarissimosuiros
1387 1098 1483 1146 sunno

240 1153 391 1246 sammua]
416 1185 491 1252 loco
507 1195 604 1251 nator
622 1183 781 1250 Pontifex
807 1185 981 1251 Maximus
1002 1186 1035 1252 in
1052 1185 1260 1272 amplissimo
1276 1187 1313 1254 S.
1330 1188 1368 1254 u
1383 1187 1417 1253 u
1428 1185 1482 1252 tu·

236 1263 285 1314 m
415 1289 578 1356 dinalium
603 1297 782 1366 conuentu,
808 1289 841 1353 in
873 1309 997 1374 magna
1029 1291 1220 1374 Principum
1252 1292 1482 1370 Antistitunqur

413 1389 609 1476 frequentia,
624 1412 758 1458 summo
772 1391 924 1458 omniurn
941 1394 1097 1460 ordinum
1113 1395 1227 1462 studio
1244 1405 1279 1460 et
1307 1391 1482 1462 celeberrimo

412 1497 584 1574 comitatu,
614 1495 793 1580 praecipua
824 1515 901 1560 curn
932 1495 1177 1582 significatione
1206 1498 1444 1565 benevolentiae
1460 1503 1482 1556 et

411 1599 672 1666 existimationis
686 1601 825 1685 accepit,
841 1602 933 1666 omni
948 1621 1018 1684 quo
1032 1615 1179 1686 parerat
1194 1603 1306 1671 officio
1322 1609 1480 1690 prosecutus
1547 1651 1548 1664 ,

409 1712 480 1766 est:
507 1703 711 1788 eosdemque
738 1703 858 1770 Sixtus
873 1705 907 1770 V
922 1707 975 1770 cni
1001 1705 1217 1789 pontificatus
1242 1709 1408 1774 maximus
1428 1711 1479 1788 pust
1547 1703 1548 1760 l

410 1805 609 1889 Gregorium
625 1807 758 1873 delatus
773 1817 834 1886 est,
844 1826 977 1874 summo
988 1809 1022 1874 in
1036 1809 1162 1876 honore
1177 1811 1306 1891 habuit,
1317 1823 1352 1880 et
1366 1815 1396 1877 in
1410 1810 1482 1894 patri·

408 1911 494 1974 ciam
511 1910 602 1976 urbis
618 1911 840 1992 nobilitatem,
854 1933 922 1998 qua
936 1923 1033 1980 erant
1057 1913 1133 1980 fidei
1156 1925 1191 1981 et
1209 1918 1345 2000 generis
1359 1915 1482 1988 claritate

409 2023 586 2098 cooptatos
601 2013 719 2082 voluit.

452 2117 521 2186 Sed
537 2129 667 2185 tantam
692 2120 778 2186 hanc
803 2121 850 2186 rei
874 2120 1075 2188 christianae
1097 2123 1131 2188 in
1155 2123 1299 2208 laponia
1316 2121 1480 2210 prosperitu-

408 2231 486 2302 tem,
512 2225 624 2308 gravis
654 2225 838 2292 admodum
869 2225 1004 2310 excepit
1034 2227 1220 2313 insequutis
1249 2231 1443 2314 temporibus
1459 2233 1481 2286 et

408 2335 507 2402 foeda
522 2345 715 2421 tempestas,
739 2337 941 2402 Taicosama
964 2338 1103 2424 aliisque
1129 2339 1289 2424 deinceps
1308 2339 1482 2422 Principibus

406 2439 650 2523 imperantibus
664 2439 850 2505 catholicae
868 2439 1021 2525 religioni
1048 2439 1194 2520 infensis,
1222 2453 1256 2509 et
1279 2443 1325 2510 ab
1341 2463 1380 2508 ea
1393 2443 1481 2506 hunr-

406 2546 512 2609 nitate
536 2543 636 2627 longe
660 2542 925 2624 abhorrentibus,
945 2566 989 2610 ex
1015 2565 1082 2629 qua
1107 2566 1173 2612 nou
1201 2547 1329 2631 exigua
1345 2547 1405 2612 boc
1423 2557 1480 2608 aero
1546 2587 1547 2620 ,

406 2645 569 2730 laponico
586 2645 733 2728 imperio
748 2645 856 2728 gloria
872 2647 1045 2714 redundat

298 2777 313 2806 a
355 2778 378 2806 r·
450 2749 533 2814 Eius
559 2751 650 2814 enim
676 2749 857 2816 acerbitate
880 2751 1042 2834 temporis
1070 2771 1137 2817 non
1159 2753 1193 2816 in
1215 2763 1377 2820 externos
1398 2751 1479 2818 solun

290 2835 312 2864 ¹⁰
360 2837 378 2866 ³'
404 2855 594 2920 sacerdotes
615 2863 651 2918 ct
677 2853 850 2938 religiosos
878 2855 975 2934 viros,
990 2857 1048 2920 sed
1076 2857 1109 2921 in
1137 2857 1228 2942 ipsos
1246 2857 1480 2942 laponiosciret

403 2956 586 3022 catholicae
612 2953 689 3022 lidei
714 2955 948 3022 excindendae
970 2977 1097 3038 caussa,
1121 2963 1329 3046 usqueadeo
1344 2960 1479 3028 saeuitum

402 3071 462 3138 est,
490 3073 526 3127 ut
553 3059 668 3127 fideles
695 3063 869 3127 turmatim
892 3061 1102 3128 carnificibus
1124 3065 1479 3132 obiicerentur:atcru·

401 3166 517 3244 ciatus,
532 3164 662 3244 caedes,
684 3175 826 3230 terrores
850 3184 917 3229 non
945 3165 987 3230 ad
1011 3165 1281 3234 labefactandam
1297 3187 1410 3234 eornm
1423 3181 1479 3230 con·

401 3272 571 3349 stantiam,
587 3268 645 3335 sed
662 3271 704 3334 ad
721 3268 954 3336 illustrandam
972 3273 1121 3356 martyrii
1138 3273 1252 3356 palma
1270 3277 1415 3358 ipsorum
1434 3267 1479 3334 n'r·

401 3383 508 3441 tutem
521 3373 662 3438 valuere.
674 3371 829 3437 Tandem
846 3371 999 3440 fidelibus
1015 3377 1072 3459 qui
1088 3376 1175 3441 cladi
1185 3377 1415 3460 superfuerant
1426 3383 1477 3436 tun

401 3480 529 3547 civibus
544 3489 616 3544 tum
633 3477 759 3544 exteris
774 3496 794 3541 e
811 3477 951 3560 laponia
967 3482 1081 3548 eiectis
1093 3480 1292 3562 exturbatis,
1303 3481 1479 3566 publicoque

401 3583 514 3648 edicto
529 3581 703 3666 proposito
718 3599 760 3644 ue
775 3579 829 3645 cui
844 3579 1044 3650 catholicam
1062 3584 1256 3668 religionem
1282 3601 1430 3650 exercere
1442 3578 1477 3640 ius

401 3687 517 3770 iusque
532 3695 629 3763 esset,
640 3693 805 3768 quantum
821 3685 992 3751 christiani
1008 3690 1153 3754 nominis
1168 3690 1201 3753 in
1218 3709 1259 3754 ea
1275 3689 1407 3774 regione
1420 3689 1479 3753 erat

400 3789 550 3854 deletum
566 3787 700 3873 penitus
715 3797 750 3853 et
766 3787 954 3854 extinctum
970 3789 1079 3855 visum
1095 3801 1156 3858 est.

256 3901 374 3946 Extincto
445 3893 689 3959 Verumtamen
706 3911 782 3958 cum
799 3893 909 3977 plures
922 3903 998 3977 post
1013 3913 1120 3960 annos
1142 3897 1358 3962 adversorum
1375 3905 1478 3973 tempu

224 3961 376 4076 iffae
401 4018 474 4063 rum
499 3996 637 4062 flamma
660 3997 849 4076 remisisset,
887 3995 968 4062 nihil
993 3997 1163 4081 antiquius
1187 3997 1250 4065 fuit
1273 3993 1477 4067 decessoribus

224 4080 374 4196 {2221ssss
403 4100 544 4179 Nostris,
566 4119 668 4184 quam
693 4120 755 4182 pro
778 4119 840 4165 suo
864 4119 1000 4166 munere
1023 4120 1160 4184 operam
1185 4104 1266 4170 dare
1290 4099 1434 4186 collapsis
1452 4095 1475 4157 iu

225 4196 375 4311 2⁹25}ssssss
403 4203 543 4286 laponia
568 4201 738 4286 religionis
761 4205 860 4268 rebus
887 4203 1099 4270 restituendis
1125 4215 1158 4272 et
1198 4208 1394 4294 euangelicis
1413 4219 1475 4288 opr-
1544 4291 1545 4294 Ἴ

401 4305 494 4367 ratiis
518 4304 707 4369 excitandis
731 4305 774 4371 ad
797 4307 1039 4388 capessendum
1062 4308 1298 4394 Apostolicum
1325 4327 1433 4378 munus
1450 4309 1475 4365 tl

403 4405 526 4471 Christi
556 4406 700 4472 militum
731 4409 789 4492 qui
815 4411 952 4475 mactati
983 4411 1252 4499 inerant'eopias
1275 4417 1472 4496 redintegrau-
