3250 4876
331 370 404 442 334
685 369 807 420 murex
834 369 1085 422 auxuurrcus.

394 576 444 634 ria
464 576 634 649 adjutricem
654 577 714 645 267.
727 607 763 619 -
774 579 847 637 Tale
869 571 1074 644 magisterium,
1097 573 1160 630 loco
1173 572 1305 640 liliorum,
1318 590 1369 643 pa·
1385 521 1442 574 P*

392 669 515 730 centn,
532 658 640 716 cirin
657 658 776 730 qrtinis
795 659 925 718 moribus
946 655 1128 725 imbuturum,
1152 657 1368 727 generationem

393 741 469 810 parit
481 751 643 812 corruptam
662 741 759 811 corde,
778 752 875 798 mente
891 737 1050 810 eoepticaru
1071 739 1133 794 268.
1146 765 1182 778 -
1195 739 1261 810 Quo
1274 738 1367 808 magis

393 824 456 880 haec
468 824 585 880 libertas
596 825 701 881 erroris
713 825 805 895 saevit,
817 842 853 884 eo
865 822 958 894 magis
972 821 1089 877 libem·
1101 821 1243 878 Ecclesiae
1255 833 1367 877 coutra-

392 905 470 962 hitur
491 903 552 962 268.
573 935 610 946 -
630 907 703 964 Haec
725 907 804 976 satis,
826 907 864 964 ad
885 905 962 960 mala
983 903 1163 960 ostendenda
1184 921 1223 960 ee
1246 915 1367 975 mraque

392 988 524 1044 libertate
536 987 686 1045 catholicae
698 990 807 1046 nationi
820 990 928 1045 oritura
939 987 1003 1042 268.
1019 1015 1053 1026 -
1070 987 1117 1041 De
1129 986 1255 1058 reliquis,
1269 985 1367 1042 Peni-

391 1070 439 1127 fex
449 1069 563 1142 attingit
584 1071 796 1128 matrimonium
808 1070 901 1140 civile,
920 1079 987 1126 vota
1001 1068 1118 1136 faciens,
1132 1079 1162 1124 ut
1184 1066 1307 1124 ministri
1328 1068 1368 1124 ad

393 1152 512 1208 meliora
522 1152 644 1209 consilia
656 1171 687 1209 se
699 1153 842 1226 excipiant
855 1152 915 1208 268.
936 1183 969 1193 --
982 1151 1124 1207 Recolens
1138 1161 1268 1208 recenter
1279 1149 1367 1206 servi·

392 1246 483 1293 tutern
504 1237 542 1292 ab
563 1237 739 1307 Imperatore
759 1237 911 1304 sublatam,
924 1244 1005 1306 optat
1027 1233 1167 1304 Pontifex,
1180 1243 1211 1290 ut
1229 1232 1367 1304 Princeps

392 1319 509 1391 antiqua
530 1319 758 1388 jura'Ecclesiae
777 1320 805 1374 in
827 1317 946 1390 imperio
966 1335 1019 1374 suo
1038 1315 1181 1374 catholico
1205 1326 1366 1384 conservet,

393 1413 479 1474 atque
492 1403 530 1457 ab
542 1419 577 1457 eo
591 1400 631 1456 ita
643 1418 764 1472 magnas
776 1400 956 1457 calamitates
969 1411 1080 1456 avertat
1093 1400 1156 1467 269.

357 1517 409 1570 69.
423 1519 631 1570 ΕΡΙὸΤΟιΑ
645 1519 688 1569 ad
702 1519 879 1581 Georgium
892 1517 1026 1582 Python
1039 1521 1147 1569 statue
1165 1523 1197 1568 et
1211 1517 1369 1580 221221211-

319 1616 367 1652 eae
383 1604 820 1668 friburgensteconslttarlo.
837 1627 870 1638 -
895 1603 944 1654 De
957 1603 1131 1656 condenda
1151 1603 1369 1654 ualuereltate

324 1685 769 1750 Frlburgenel.-1auguett
786 1685 867 1737 1889
1333 1693 1444 1746 ...270

431 1797 561 1853 Pontifex
573 1798 671 1854 laudat
690 1797 851 1854 condendae
870 1798 1063 1854 universitatis
1078 1795 1278 1866 Friburgensis
1297 1812 1367 1850 con-

393 1879 490 1936 sillum
499 1893 559 1947 27ο.
572 1910 608 1921 -
621 1881 785 1936 Utilitatem
797 1881 898 1937 talium
908 1880 1129 1950 institutionum,
1137 1879 1193 1934 hoc
1206 1879 1369 1951 praesertim

393 1976 530 2036 tempore,
547 1983 691 2023 summam
712 1967 828 2038 exponit
842 1980 902 2034 a7o
919 1997 952 2007 -
972 1966 1116 2022 Helvetiae
1130 1965 1198 2020 inde
1211 1964 1368 2019 maximum

393 2045 500 2101 bonum
524 2055 654 2116 expectat
680 2059 740 2112 270.
766 2075 801 2086 -
824 2047 989 2102 Gratulatur
1013 2045 1096 2117 proin
1121 2044 1368 2114 Friburgenslbus,

393 2141 505 2180 necnon
518 2125 647 2181 Consilio
659 2125 738 2196 regni
749 2136 835 2196 atque
848 2125 1001 2197 Episcopis
1013 2139 1074 2192 27¹.
1087 2126 1235 2194 -Sperat
1245 2123 1367 2178 liberali·

394 2213 469 2260 tatee
488 2205 526 2260 ad
546 2213 657 2260 tantum
677 2221 749 2276 opus
770 2221 828 2259 non
850 2203 1012 2260 defecturas
1032 2219 1093 2271 ²71-
1113 2233 1148 2244 ·-
1170 2201 1369 2274 Apostolicam

393 2283 625 2339 benedictionem
638 2283 765 2354 impertit
779 2297 840 2352 271.

358 2405 412 2455 70.
438 2405 648 2457 EPISTOLA
674 2405 919 2458 ENGYCLICA
940 2404 981 2456 de
1003 2406 1217 2468 implorando
1238 2401 1367 2453 auxilio

324 2488 865 2554 B.Joseph.—15augusnleee.
1386 2495 1442 2548 272

429 2590 539 2644 Rursus
562 2590 698 2646 auxilium
722 2601 822 2648 contra
842 2595 1008 2663 potestatem
1033 2591 1214 2648 tenebrarum
1237 2589 1367 2645 Pontifex

392 2671 507 2741 publica
531 2671 608 2728 orbis
633 2673 834 2744 deprecatione
858 2685 989 2745 expectat
1016 2687 1076 2741 272.
1102 2701 1139 2716 -·
1163 2671 1364 2730 Calamitatem

391 2764 569 2810 crescentem
577 2764 737 2826 temporum
744 2755 889 2824 describit,
898 2773 955 2812 non
964 2756 1018 2812 nisi
1032 2756 1129 2812 diuina
1136 2772 1192 2827 ope
1205 2755 1365 2810 sanandam

395 2849 501 2903 272-
513 2837 677 2894 studiosius
690 2838 756 2894 inde
764 2839 944 2911 imploranda
959 2841 1086 2896 Domina
1097 2857 1114 2894 a
1129 2839 1258 2906 Rosario,
1270 2835 1369 2891 Eccle-

396 2919 448 2975 eiae
461 2919 547 2976 toties
559 2920 588 2975 in
599 2921 738 2991 augustiis
748 2921 883 2978 auxiliata
904 2935 965 2992 273.
978 2953 1014 2962 —
1025 2923 1083 2979 Sed
1092 2939 1150 2978 una
1161 2938 1227 2976 cum
1240 2920 1367 2990 Deipara

396 3003 526 3074 Sponsus
538 3002 666 3072 ejusdem
681 3003 832 3061 instantius
844 3005 983 3060 colendus
995 3017 1092 3075 273.-
1101 3004 1148 3059 Ad
1158 3005 1239 3073 cujus
1251 3003 1366 3067 cultum,

391 3086 453 3156 jam
460 3101 633 3156 magnopere
651 3089 787 3158 superiori
794 3098 884 3144 aetate
895 3090 971 3160 apud
982 3089 1081 3144 fideles
1098 3088 1260 3157 adauctum,
1271 3085 1365 3141 adhuc

394 3167 616 3238 provehendum,
630 3168 760 3224 Pontifex
771 3169 880 3242 aliquid
892 3171 979 3226 verbo
989 3171 1117 3226 conferre
1126 3169 1248 3226 intendit
1260 3179 1320 3236 273.
1331 3197 1367 3207 -

394 3249 481 3304 Tituli
495 3266 530 3304 ac
542 3250 644 3306 merita
657 3252 689 3306 B.
701 3251 819 3323 Josephi
833 3263 1034 3309 enumerantur
1055 3267 1116 3322 275
1136 3282 1172 3292 -
1185 3251 1366 3308 Beatissimae

393 3331 505 3402 Virgini
527 3331 620 3388 nullus
645 3335 768 3405 propior,
794 3336 935 3407 conjugali
960 3353 1066 3406 nempe
1088 3335 1210 3405 vinculo,
1227 3351 1262 3389 ac
1284 3333 1365 3405 proin

394 3413 534 3484 dignitate
546 3426 607 3480 274.
619 3443 655 3454 -
674 3416 773 3486 Ipsum
795 3417 821 3472 ei
833 3418 960 3473 Verbum
982 3418 1126 3474 subditum
1145 3415 1207 3486 fuit,
1219 3426 1365 3487 tamquam

395 3495 510 3552 Parenti
523 3510 584 3564 274.
594 3527 627 3537 -
637 3498 798 3570 Utrumque
806 3516 909 3555 munus
923 3500 951 3554 in
964 3500 1091 3555 divinam
1098 3500 1218 3555 domum
1227 3497 1365 3554 excellen-

394 3578 504 3634 tissime
516 3577 640 3634 exercuit
654 3591 714 3646 274
726 3610 762 3620 -
776 3583 848 3638 Haec
861 3599 957 3638 autem
970 3583 1073 3637 domus
1087 3580 1226 3637 Ecclesiae
1245 3581 1364 3648 initium,

394 3663 475 3734 cujus
498 3661 593 3718 Maria
616 3665 834 3736 Mater,Jttsth,
846 3665 1053 3737 primogenitus
1074 3681 1134 3732 ²74
1147 3666 1263 3735 -Jure
1281 3663 1363 3735 proin

393 3745 556 3800 universam
576 3745 737 3801 Ecclesiam
750 3757 842 3802 tuetur
862 3746 971 3803 coelesti
993 3748 1151 3820 patrocinio
1169 3759 1231 3814 274,
1243 3775 1280 3786 -
1298 3746 1364 3800 Hoc

394 3825 515 3898 quidem'
531 3844 633 3883 munus
647 3829 749 3898 Jacobi
769 3829 843 3885 filius
864 3829 1013 3902 splendide
1036 3831 1226 3902 praefiguravir
1247 3843 1308 3901 275.
1328 3858 1364 3869 -

396 3897 559 3954 Concordat
571 3914 636 3954 curn
658 3898 783 3970 nomine,
796 3899 911 3956 inventa
923 3902 1000 3971 apud
1022 3902 1172 3957 dominum
1183 3900 1284 3970 gratia
1296 3899 1364 3956 mis·

394 3981 494 4052 sinque
507 3981 655 4036 salvatoris
665 3980 764 4038 mundi
777 3999 794 4038 a
806 3998 874 4052 rege
887 3983 940 4054 ipsi
955 3985 1129 4040 demandata
1142 3996 1202 4054 275.
1217 4013 1251 4023 -
1263 3983 1362 4055 Cujus·

394 4063 437 4116 vis
449 4062 548 4117 fideles
567 4063 740 4119 conditionis
762 4063 790 4119 iu
805 4066 837 4120 B.
849 4066 976 4136 Josepho
997 4067 1141 4137 exemplar
1157 4065 1265 4120 habent
1277 4075 1363 4136 atque

394 4155 564 4216 patronum:
577 4147 729 4217 conjugati,
743 4146 876 4217 virgines,
893 4149 980 4204 nobili
993 4167 1098 4220 genere
1117 4149 1186 4220 nati,
1199 4149 1362 4219 locupletes,

393 4231 536 4303 proletarii
561 4243 646 4303 atque
670 4233 810 4289 inferioris
834 4235 955 4290 fortunae
980 4249 1040 4307 275.
1062 4265 1098 4276 —
1126 4237 1160 4291 lu
1184 4245 1361 4306 paupertate,

393 4330 586 4384 manuumque
606 4315 704 4370 labore
724 4315 813 4371 vitam
834 4317 942 4388 degens
963 4317 1087 4374 maxima
1111 4317 1200 4373 edidit
1224 4317 1360 4373 virtutum

394 4395 567 4450 documenta
585 4395 645 4461 276.
658 4425 694 4435 -
707 4398 827 4453 Discant
847 4398 961 4470 abipso
981 4398 1065 4470 egeni
1079 4399 1220 4454 moderari
1232 4399 1357 4455 studium
