3194 4872
374 389 422 440 20
575 389 755 440 misione
782 375 802 402 ‘⁴
822 383 972 436 oFFlCIO
991 382 1241 436 sanctissino
1260 415 1280 444 ‚,

371 584 405 640 et
420 574 634 640 conversione
647 573 815 638 exaruerit
828 572 971 654 penitus.
988 570 1111 654 Quare,
1126 569 1189 633 sub
1203 571 1334 634 exitum
1351 567 1474 632 saeculi

371 677 514 759 septimi,
529 677 653 741 factum
675 687 736 754 est,
751 687 797 752 ut,
812 695 915 758 quum
943 674 1110 757 Rupertus
1134 674 1311 756 episcopus
1338 683 1475 736 sanctus

372 779 628 858 vormatiensis,
643 781 829 845 Theodone
852 779 1016 843 invitante
1042 777 1204 842 Bavariae
1215 779 1309 856 duce,
1324 777 1475 841 christia-

373 902 450 947 nam
463 882 562 950 fidem
579 906 638 967 per
654 886 788 949 easdem
812 883 965 966 regiones
978 881 1251 946 exsuscitandam
1268 879 1475 963 amplifican-

372 988 518 1071 damque
532 1008 685 1072 agressus
701 997 797 1066 esset,
819 1007 900 1052 sane
917 987 1049 1064 multos,
1059 997 1131 1051 tum
1141 985 1285 1050 cultores
1298 983 1387 1062 fidei,
1403 994 1474 1048 tuin

370 1093 440 1156 eius
465 1094 720 1178 amplectendae
746 1093 923 1169 studiosos,
939 1091 973 1155 in
1001 1091 1112 1154 media
1128 1090 1365 1174 superstitione
1383 1109 1475 1172 repe-

371 1197 457 1261 rerit.
475 1197 553 1280 Ipse
576 1207 689 1261 autem
706 1197 851 1260 eximius
872 1195 1036 1278 princeps,
1051 1193 1226 1270 Theodori,
1237 1215 1305 1278 quo
1328 1191 1409 1258 fidei
1425 1214 1475 1256 ur-

373 1301 514 1385 gebatur
528 1301 655 1378 ardore,
670 1319 846 1364 romanum
862 1300 924 1364 iter
939 1299 1094 1381 suscepit,
1109 1307 1143 1362 et
1159 1317 1283 1382 pronus
1303 1301 1345 1362 ad
1365 1299 1475 1382 sepul·

372 1426 427 1470 cra
444 1404 504 1470 SS.
526 1405 779 1488 Apostolorum,
795 1405 942 1488 itemque
958 1405 1001 1468 ad
1016 1413 1196 1486 augustum
1215 1404 1302 1468 IESU
1314 1403 1475 1469 CHRISTI

370 1509 553 1585 Vicarium,
568 1508 761 1589 exemplum
778 1508 913 1592 pietatis
923 1517 957 1572 et
967 1507 1209 1572 coniunctionis
1221 1509 1383 1571 Bavariae
1399 1526 1475 1570 cum

369 1612 432 1676 hac
447 1611 646 1694 Apostolica
663 1611 751 1677 Sede
767 1612 893 1694 primus
908 1612 1014 1675 edidit
1039 1609 1292 1689 nobilissimum,
1307 1613 1401 1694 quod
1422 1609 1476 1673 alii

369 1715 510 1780 subinde
539 1714 663 1796 egregii
700 1714 866 1798 principes
891 1723 969 1778 sunt
994 1713 1147 1796 religiose
1174 1714 1304 1778 imitati.
1339 1751 1385 1762 —
1415 1713 1476 1776 Per

370 1816 460 1880 idem
476 1827 608 1897 tempus
625 1814 813 1879 Cardinalis
824 1813 1068 1891 Mortim'anus,
1080 1814 1256 1896 episcopus
1269 1813 1476 1887 Sabinensis,

369 1941 388 1984 a
405 1932 522 1985 sancto
538 1917 700 1982 Pontifice
716 1917 879 2002 Gregorio
892 1919 927 1984 II
945 1919 978 1982 in
1005 1919 1179 1982 Bavariam
1197 1917 1327 2001 legatus
1341 1927 1407 1994 est,
1419 1917 1475 2000 qui

368 2023 466 2087 rebus
482 2021 654 2085 catholicis
684 2023 833 2086 subsidia
857 2031 890 2086 et
926 2021 1131 2110 incrementa
1157 2020 1299 2100 afferret,
1325 2021 1476 2104 sociique

298 2199 301 2208 ,
368 2125 473 2191 additi
501 2125 658 2206 Georgius
673 2136 707 2189 et
732 2125 921 2204 Dorotheus,
945 2124 1140 2191 Cardinales
1170 2125 1271 2189 ambo
1299 2123 1474 2188 Ecclesiae

368 2249 533 2295 romanae.
546 2229 624 2292 Non
651 2229 696 2292 ita
723 2229 830 2294 multo
847 2239 923 2311 post
941 2231 1085 2292 Romam
1102 2230 1145 2293 ad
1173 2247 1341 2292 summum
1357 2227 1473 2292 Ponti·

365 2333 460 2398 ficem
489 2333 657 2416 proiectus
673 2343 724 2397 est
743 2331 961 2398 Corbr‘nr'anus
978 2331 1165 2416 Episcopus
1177 2331 1413 2414 Frisingensis,
1425 2332 1475 2394 vir

365 2438 585 2502 sanctimonia
607 2425 696 2502 vitae
716 2439 835 2520 suique
857 2435 1076 2519 despicientia
1097 2437 1245 2518 insignis,
1262 2435 1317 2520 qui
1334 2445 1472 2517 aposto·

366 2541 446 2604 licos
464 2541 603 2624 Ruperti
629 2542 758 2606 labores
780 2542 851 2624 pari
863 2541 1015 2605 laboruru
1032 2539 1193 2604 industria
1209 2539 1424 2604 confirmavit
1440 2549 1473 2602 et

367 2644 473 2710 auxit.
485 2645 547 2709 Cui
560 2666 637 2709 vero
648 2646 720 2709 laus
731 2647 872 2710 debetur
888 2665 968 2727 prae
983 2645 1110 2723 ceteris,
1122 2645 1243 2709 aluisse
1258 2655 1292 2709 et
1304 2643 1474 2708 excoluis-

190 2772 258 2819 aos.
269 2767 340 2814 aaut·
367 2769 403 2812 se
418 2747 518 2813 fidem
542 2749 574 2812 in
592 2750 737 2826 Bavaris,
750 2751 777 2812 is
793 2750 889 2814 iacile
905 2761 956 2813 est
971 2759 1107 2813 sanctus
1121 2731 1474 2829 Bouifocr'us,Archie·

183 2828 341 2895 siuiuiriMo·
398 2853 404 2866 ·
689 2853 695 2866 .
778 2857 805 2889 ·.
926 2854 933 2869 .
1098 2855 1105 2869 .
1220 2855 1227 2868 .
1265 2855 1272 2870 ‚

199 2891 333 2954 ΝΜ
372 2873 527 2935 piscopus
541 2853 761 2937 Moguritmiis
777 2874 933 2938 ,ipsequi
947 2852 1147 2919 Germaniae
1159 2853 1359 2917 christianae
1370 2862 1476 2935 pater,

194 2947 345 3072 scffl‘ffj,
370 2954 551 3039 apostolus,
568 2966 694 3038 martyr
720 2957 901 3021 immortali
927 2957 1165 3040 verissimoque
1195 2956 1375 3039 praeconio
1392 2955 1475 3019 cele-

194 3042 344 3118 riiiiria-
369 3060 491 3126 bratur.
510 3059 575 3124 Hic
592 3059 777 3141 legationes
794 3061 923 3143 peregit
938 3082 959 3124 a
986 3061 1132 3126 romanis
1149 3059 1376 3137 Pontificibus,
1395 3059 1476 3124 Gre-

196 3131 287 3177 tluoli'coe
316 3125 343 3170 in
432 3165 452 3178 ..
863 3167 869 3180 ,
1183 3165 1189 3178 .
1441 3143 1444 3151 ·

194 3187 343 3246 rorigone·
369 3185 470 3248 goriis
487 3164 520 3228 ΙΙ
540 3173 573 3228 et
590 3165 644 3245 111
661 3185 701 3228 ac
732 3165 902 3243 Zacharia,
924 3185 1067 3248 quorum
1098 3184 1248 3228 maxima
1263 3183 1399 3245 semper
1417 3162 1476 3226 flo-

195 3251 252 3356 22,
265 3251 343 3292 ΜΨ
370 3270 433 3332 ruit
449 3268 577 3351 gratia;
593 3270 854 3352 eorumdemque
882 3269 1018 3334 nomine
1036 3278 1071 3332 et
1094 3269 1293 3332 auctoritate
1321 3269 1477 3350 regiones

371 3373 531 3437 Bavariae
546 3373 578 3436 in
595 3373 763 3437 dioeceses
778 3375 962 3456 descripsit,
978 3384 1080 3457 atque
1096 3374 1142 3436 ita
1166 3371 1370 3436 hierarchiae
1387 3371 1478 3434 ordi-

371 3476 467 3539 nibus
476 3476 674 3553 constitutis,
690 3478 824 3540 insitam
841 3477 943 3541 iidem
959 3475 1001 3540 ad
1027 3477 1284 3559 perpetuitatem
1302 3495 1476 3539 commen·

368 3580 468 3643 davit.
484 3580 576 3660 Ager
593 3579 774 3644 dominicus
800 3581 979 3663 (scribente
999 3582 1041 3644 ad
1070 3580 1179 3662 ipsum
1208 3578 1420 3657 Boniiacium
1441 3577 1475 3644 S.
1585 3563 1586 3582 ἒ

369 3682 532 3764 Gregorio
547 3682 604 3765 II),
620 3683 679 3764 qui
693 3683 974 3760 incultui-iacebat,
989 3693 1021 3746 et
1030 3683 1202 3764 spinarum
1213 3681 1333 3744 aculeis
1344 3702 1384 3744 ex
1399 3681 1477 3764 infi-

255 3817 258 3824 ,
324 3863 328 3868 .
367 3787 499 3850 delitate
511 3784 666 3867 rogitaret,
682 3805 806 3848 vomere
821 3796 896 3850 tuae
907 3785 1071 3850 doctrinae
1088 3794 1249 3861 exarante,
1264 3805 1372 3848 semen
1384 3785 1480 3848 verbi

365 3889 508 3971 suscepit,
521 3898 554 3952 et
565 3888 715 3967 fertilem
732 3910 862 3952 orassem
872 3889 1015 3972 protulit
1032 3888 1213 3971 fidelitatis
1225 3887 1272 3970 (¹).
1288 3925 1331 3936 -
1347 3887 1414 3950 Illo
1431 3911 1475 3952 ex
1577 3928 1582 3955 ι

364 4003 514 4076 tempore
547 3993 749 4056 Bavarorum
777 3993 902 4074 religio,
917 3994 1135 4076 quantumvis
1162 4003 1313 4056 aetatum
1330 3993 1473 4056 decursu

364 4107 493 4162 tentata
518 4097 686 4174 acerrime,
702 4096 743 4160 ad
772 4118 888 4161 omnes
905 4117 1012 4162 rerum
1035 4098 1181 4161 civilium
1207 4115 1304 4160 casus
1327 4096 1422 4160 salva
1441 4109 1474 4161 et

317 4278 322 4286 Ι
366 4212 522 4266 constans
550 4201 742 4284 permansit.
768 4201 903 4264 Etenim
925 4214 1059 4265 secutae
1084 4213 1163 4266 sunt
1192 4201 1327 4285 quidem
1353 4201 1474 4266 turbae

396 4439 415 4472 1.
427 4425 472 4485 Ep.
486 4427 574 4474 xiuad
584 4427 739 4473 Bonilacium.
752 4452 781 4460 -
793 4427 841 4474 Cir.
854 4427 981 4474 labbeum
988 4427 1085 4474 Collect.
1096 4429 1170 4474 Cone.
1182 4437 1206 4474 ν.
1221 4436 1276 4472 viii.
