3230 4874
389 338 438 409 66
526 351 708 406 nersronn
727 337 749 368 ‘⁸
768 347 940 402 urarrrca
957 347 1168 400 persenam
1187 347 1313 402 sursus
1329 384 1348 416 „

387 533 484 612 rium,
497 533 556 617 qui
578 532 727 597 humano
757 529 894 594 nomine
912 527 1050 612 indigni,
1074 530 1212 594 saevitia
1232 540 1267 596 et
1281 539 1356 596 astu
1371 529 1479 596 barba·

387 638 457 704 rico
468 645 628 704 exercent
644 633 851 718 Nigritarum
868 633 1115 712 commercium,
1130 635 1188 719 qui
1215 643 1250 700 et
1280 635 1344 720 ipsi
1369 637 1479 722 imagi-

388 761 466 808 nem
489 737 717 825 praeseferunt
732 737 902 806 Creatoris
919 735 994 816 Dei,
1008 746 1043 803 et
1053 739 1241 804 communis
1257 749 1398 806 naturae
1412 760 1480 825 par·

387 846 506 930 tieipes
520 861 630 928 aequo
645 842 715 908 iure
737 859 814 908 cum
829 839 948 906 ceteris
962 841 1155 906 hominibus
1169 845 1328 910 censendi
1343 851 1431 910 sunt
1444 881 1483 896 -·

225 967 364 1074 W?
389 947 563 1016 Praeclara
591 945 674 1012 baec
695 945 808 1012 studia
834 943 980 1010 virorum
1012 944 1213 1030 Principum,
1234 947 1293 1031 qui
1331 947 1481 1032 gentibus

209 1029 326 1192 222an
315 1031 363 1146 ᾗ,
336 1043 543 1138 '‘'Europse
567 1058 737 1135 praesunt,
763 1048 889 1114 meritis
913 1047 1067 1114 laudibus
1093 1049 1248 1134 gratique
1261 1069 1367 1118 anrmr
1384 1051 1481 1116 sensi·

210 1205 278 1252 md.
209 1147 342 1194 “aim'‘
339 1155 448 1254 bus
463 1153 724 1240 prosequimur,
739 1151 880 1237 proinde
890 1171 1005 1218 eorum
1022 1151 1168 1218 consiliis
1198 1173 1275 1220 eum
1302 1153 1431 1222 faustos
1445 1173 1479 1222 ac

211 1221 340 1316 esf'raeur
384 1258 503 1344 plenos
517 1256 739 1342 adpreeamur
761 1255 885 1335 exitus,
899 1265 972 1321 tum
986 1255 1257 1323 obsecundare'
1248 1277 1402 1342 impense
1427 1263 1479 1326 ad-

384 1361 538 1440 nitemur,
564 1380 626 1427 nec
652 1359 836 1445 quidquam
868 1360 1006 1426 missum
1041 1358 1098 1426 liet
1123 1381 1144 1426 a
1171 1361 1279 1428 Nobis
1305 1373 1345 1428 ιιι
1373 1363 1481 1432 Africa

384 1465 538 1532 uniuersa
578 1464 618 1530 iis
657 1471 771 1530 utatur
816 1461 947 1548 legibus
993 1464 1216 1550 moribusque,
1251 1466 1309 1550 qui
1349 1467 1481 1534 humani

383 1571 515 1654 generis
538 1589 559 1634 a
581 1567 717 1635 Christo
739 1567 905 1650 redempti
927 1565 1084 1652 dignitati
1106 1568 1343 1652 respondeant.

203 1681 324 1798 mjgf
313 1695 362 1788 ¹2⁸}
427 1672 584 1739 Ceterum
607 1691 703 1736 curas
733 1671 929 1754 praecipuas
958 1689 999 1736 eo
1029 1670 1241 1738 conferamus
1281 1683 1421 1756 oportet
1449 1683 1482 1740 ut

207 1812 282 1860 mag
255 1804 327 1846 mn
384 1777 535 1842 maxima
550 1776 594 1842 sit
609 1775 842 1860 frequentia
810 1793 955 1840 vrrorum
971 1773 1256 1858 Apostolicorum,
1282 1777 1342 1859 qui
1370 1779 1405 1843 in
1430 1797 1481 1842 ess

202 1871 323 1976 ,32⁸
281 1933 340 1965 „„„
382 1900 536 1965 regiones
545 1879 721 1946 effundant
735 1877 901 1962 evangelii
917 1877 1052 1944 lucem·
1045 1898 1135 1962 ,qua
1160 1879 1195 1944 in
1218 1900 1253 1944 re
1268 1901 1408 1947 summo
1420 1881 1482 1948 Nn

201 1979 264 2096 pff‘
262 1977 331 2084 {fm
335 1993 358 2026 a
381 1983 433 2048 bis
443 1984 518 2050 usui
533 1994 585 2050 est
594 1982 772 2067 singularis
787 1982 878 2048 zelus
893 1991 971 2047 tuus
986 1991 1021 2046 et
1036 1981 1220 2048 sedulitas
1211 1985 1367 2069 impigra
1382 1986 1483 2052 Nam·

381 2108 448 2173 que
471 2089 533 2154 etsi
563 2089 675 2172 plures
700 2087 846 2153 rationes
869 2107 908 2152 ac
932 2087 1099 2171 praesidia
1127 2097 1319 2172 suppetant,
1343 2111 1481 2174 quorum

381 2191 502 2276 cuique
516 2211 578 2257 sua
592 2191 643 2256 vis
670 2190 757 2256 inest
776 2199 811 2255 et
833 2189 1069 2274 opportunitas
1091 2191 1135 2255 ad
1165 2190 1327 2256 Afrorum
1361 2193 1481 2260 vicbsm

383 2299 616 2377 excolendum,
635 2297 717 2384 nihil
732 2307 846 2364 tamen
863 2298 1097 2382 praestabilius
1113 2299 1287 2383 magisque
1296 2321 1483 2386 congruens

382 2401 480 2466 huius
496 2403 620 2487 incepti
643 2411 783 2467 naturae
805 2410 839 2466 et
854 2401 1019 2483 evangelii
1049 2401 1187 2486 spiritui,
1217 2423 1320 2486 quarn
1347 2406 1482 2489 copiosa

381 2503 542 2570 immissio
557 2523 761 2588 praeconum
777 2504 993 2588 veritatis,qui
1010 2503 1151 2588 legionis
1166 2505 1271 2572 instar
1291 2508 1481 2592 impavidae

380 2609 618 2692 aggrediantur
640 2627 736 2691 opus,
760 2614 859 2689 prout
879 2607 1058 2688 superioris
1088 2609 1297 2690 experientia
1319 2611 1481 2694 temporis

381 2711 500 2776 edocet
515 2730 692 2794 rerumque
707 2711 793 2774 bene
807 2719 978 2792 gestarum
1010 2731 1123 2776 recens
1154 2714 1325 2780 memoria
1350 2716 1484 2782 Scilicet

208 2875 242 2907 a
233 2801 309 2906 MV
324 2863 359 2908 E
303 2814 507 2879 Christi
517 2814 612 2879 miles
624 2833 734 2879 sacras
749 2814 901 2879 obiturus
919 2815 1093 2880 missiones
1120 2815 1212 2881 nulla
1240 2830 1405 2902 quaestus
1428 2829 1482 2886 aut

208 2918 359 3026 '’mim‘'
382 2917 845 3002 gloriaecupiditateillectus
860 2919 978 3002 pergit,
992 2919 1051 2984 sed
1065 2920 1136 2984 sola
1151 2921 1284 2988 excitus
1314 2943 1400 2990 voce
1429 2945 1483 3010 ap·

207 2984 293 3026 ’Νη
383 3020 539 3106 pellentis
570 3022 634 3086 Dei
657 3031 802 3105 apteque
829 3022 900 3087 eius
922 3022 1030 3106 gratia
1060 3033 1275 3107 comparatus
1317 3035 1354 3090 ut
1379 3027 1483 3092 nullas

383 3127 501 3190 timeat
517 3124 670 3190 fortunae
685 3127 803 3194 minas.
823 3125 890 3191 Hic
902 3144 943 3190 ea
961 3126 1125 3192 caritate'
1116 3147 1279 3208 incensus,
1301 3149 1370 3214 qua
1393 3152 1483 3216 urge·

384 3229 483 3294 batur
499 3227 603 3293 Filius
617 3229 683 3295 Dei
696 3240 734 3295 ut
748 3249 821 3294 sese
831 3250 892 3314 pro
907 3229 1014 3294 salute
1030 3231 1167 3297 humani
1188 3235 1319 3317 generis
1331 3235 1483 3301 immola·

384 3341 443 3410 ret,
454 3333 594 3398 domum
610 3354 649 3399 ac
679 3334 822 3418 patriam
853 3333 986 3411 deserit,
1013 3343 1050 3400 ut
1079 3334 1147 3402 alio
1177 3336 1270 3402 nullo
1299 3348 1482 3424 occupatus

384 3436 504 3502 affectu
516 3438 699 3518 praenobili
711 3447 746 3502 et
760 3437 877 3503 divino
900 3457 936 3501 se
959 3440 1093 3504 addicat
1121 3439 1305 3507 ministerio
1331 3446 1385 3508 cui
1401 3443 1483 3510 vires

384 3561 461 3606 suas
472 3543 642 3626 vitamque
653 3540 942 3626 devoveatQuare
958 3543 1146 3609 mirandum
1159 3563 1226 3611 non
1242 3555 1294 3610 est
1308 3547 1337 3611 si
1352 3547 1482 3613 heroica

358 3652 359 3656 ’
383 3645 486 3711 virtus
502 3645 648 3711 virorum
665 3645 923 3729 huiusmodl,qul
947 3648 1171 3730 appetitiones
1185 3651 1294 3714 carnis
1310 3669 1480 3716 assuevere

383 3748 512 3832 spiritui
524 3747 687 3830 subigere,
702 3768 743 3812 ea
753 3749 862 3814 valeat
879 3750 998 3814 iterare
1019 3752 1173 3834 prodigia
1202 3772 1261 3837 per
1276 3773 1364 3837 quae
1381 3755 1479 3839 Spiri-

382 3859 437 3916 tus
462 3851 612 3930 Domini,
631 3852 831 3917 docentibus
862 3851 1046 3935 Apostolis,
1069 3857 1242 3922 renovavit
1267 3855 1388 3924 faeiem
1418 3865 1477 3922 ter·

383 3973 448 4034 rae,
462 3962 496 4019 et
525 3953 559 4018 in
576 3955 719 4038 populos
741 3956 895 4020 sedentes
911 3957 945 4021 in
963 3956 1108 4022 tenebris
1134 3957 1253 4024 etl'udit
1275 3957 1388 4026 lumen
1403 3959 1478 4025 fidei

384 4077 555 4140 nunquam
566 4055 949 4142 deiecturum-Itaque
958 4061 1174 4126 vehementer
1184 4070 1343 4146 optamus
1355 4085 1393 4128 ac
1404 4081 1477 4145 sup·

382 4161 484 4244 plices
499 4181 519 4224 a
536 4159 611 4226 Deo
627 4160 773 4244 petimus
798 4171 843 4240 ut,
871 4165 1040 4232 saeviente
1064 4164 1142 4230 licet
1158 4165 1386 4252 improborum
1401 4165 1475 4231 odio

382 4265 540 4329 adversus
566 4263 690 4328 clerum
721 4272 755 4329 et
789 4265 961 4349 religiosas
1001 4267 1206 4349 sodalitates,
1242 4268 1474 4356 quamplurimi

383 4366 531 4429 existant
553 4365 957 4452 Apostoliciviri,quiacti
973 4373 1090 4455 spiritu
1113 4371 1238 4440 Christi
1253 4375 1288 4439 in
1326 4374 1471 4440 Africam
1504 4368 1509 4377 ’
