3172 4874
389 392 441 444 DE
458 389 699 445 counmouu
716 389 911 444 OPIFICUM.
1129 389 1201 459 209

90 564 263 631 enitantur
284 567 423 646 ratione,
450 586 593 651 quorum
618 587 670 632 res
702 566 823 652 agitur,
844 566 1037 652 proletarii:
1059 545 1204 651 cumque
1268 581 1349 672 '4ng

90 667 217 752 religio,
233 679 270 736 ut
282 671 381 737 initio
395 669 557 750 diximus,
566 669 696 736 malum
707 669 831 755 pellere
841 669 992 736 funditus
1008 669 1080 736 sola
1088 671 1206 755 possit,
1274 680 1340 740 reor.

89 770 173 836 illud
190 783 346 860 reputent
361 773 517 854 universi,
532 775 566 840 in
589 773 709 859 primis
725 772 902 840 instaurari
930 793 1040 840 mores
1054 773 1206 840 christia·

89 896 152 940 nos
177 887 344 962 oportere,
367 880 440 946 sine
463 879 584 965 quibus
608 899 649 946 ea
673 881 746 964 ipsa
771 899 865 946 arma
889 879 1096 965 prudentiae,
1118 901 1205 965 quae

90 979 242 1046 maxime
257 991 420 1066 putantur
441 984 572 1063 idonea,
594 1003 714 1068 parurn
740 983 877 1049 suntad
894 983 1035 1049 salutem
1053 984 1204 1050 valitura.

88 1121 134 1132 —
155 1084 213 1152 Ad
238 1085 427 1154 Ecclesiam
451 1090 543 1172 quod
567 1097 710 1173 spectat,
733 1087 914 1154 desiderari
940 1107 1076 1172 operam
1109 1107 1204 1154 suam
1230 1092 1382 1198 fflli

89 1185 183 1250 nullo
217 1196 372 1273 tempore
404 1191 565 1275 nulloque
589 1192 695 1258 modo
717 1193 815 1270 sinet,
836 1200 933 1257 tanto
958 1191 1035 1275 plus
1064 1190 1206 1256 allatura
1231 1165 1381 1281 risnel,

89 1287 287 1370 adiumenti,
302 1301 432 1376 quanto
449 1295 514 1359 sibi
530 1293 638 1360 maior
652 1294 688 1359 in
704 1296 838 1378 mendo
853 1294 989 1360 libertas
1004 1294 1182 1379 contigerit
1198 1318 1207 1361 :
1230 1275 1328 1380 me.
1350 1271 1384 1376 ’ᾗ

89 1393 191 1477 idque
202 1398 407 1463 nominatim
420 1399 620 1484 intelligant,
630 1419 774 1484 quorum
789 1419 909 1466 munus
925 1407 975 1466 cst
987 1398 1087 1465 saluti
1097 1398 1205 1482 publi·
1229 1391 1357 1497 ml:

88 1516 149 1562 cae
164 1499 349 1566 consulere.
373 1503 560 1568 Intendant
576 1523 696 1568 omnes
720 1503 825 1569 animi
847 1503 1097 1587 industriaeque
1118 1502 1205 1568 vires
1230 1507 1272 1556 tu.

89 1601 232 1666 ministri
244 1623 433 1671 sacrorum:
447 1607 619 1692 vobisque,
625 1607 844 1673 Venerabiles
854 1607 997 1686 Fratres,
1006 1606 1205 1673 auctoritate

88 1707 326 1786 praeeuntibus
344 1717 379 1774 et
395 1711 565 1795 exemplo,
581 1719 718 1794 sumpta
732 1731 778 1776 ex
794 1709 981 1794 Evangelio
1000 1709 1205 1776 documenta

87 1808 177 1873 vitae
192 1809 387 1877 hominibus
402 1832 447 1879 ex
464 1817 557 1880 omni
568 1816 685 1881 ordine
697 1814 865 1880 inculcare
877 1834 919 1879 ne
927 1814 1099 1880 desinant:
1109 1815 1202 1880 omni

87 1931 155 1993 qua
169 1926 315 1996 possunt
333 1937 398 2001 ope
419 1938 481 2001 pro
497 1918 606 1983 salute
621 1919 821 2003 populorum
838 1920 1055 1996 contendant,
1070 1917 1203 2001 potissi·

86 2037 250 2103 mumque
263 2023 423 2088 studeant
439 2031 474 2088 et
490 2024 575 2088 tueri
587 2023 621 2087 in
639 2043 685 2102 se,
700 2033 735 2088 et
750 2023 898 2088 excitare
913 2023 947 2086 in
963 2022 1047 2101 aliis,
1061 2025 1202 2090 summis

85 2121 187 2188 iuxta
197 2133 300 2208 atque
319 2123 452 2202 infimis,
467 2126 620 2191 omnium
631 2126 804 2192 dominam
816 2146 856 2190 ac
868 2126 1018 2208 reginam
1029 2126 1199 2206 virtutum,
1264 2173 1380 2234 Episcopi

84 2226 271 2294 caritatem.
282 2229 412 2313 Optata
426 2231 550 2313 quippe
565 2229 656 2294 salus
666 2229 880 2314 expectanda
892 2227 1071 2312 praecipue
1086 2239 1137 2294 est
1152 2249 1198 2294 ex
1225 2245 1286 2337 αξη
1300 2233 1378 2280 τίνω

85 2351 211 2414 magna
236 2331 398 2398 effusione
422 2333 784 2400 caritatiszcristianae
808 2333 956 2398 caritatis
972 2331 1199 2416 intelligimus,
1224 2305 1363 2421 {urm

84 2451 174 2514 quae
190 2435 293 2502 totius
309 2437 486 2522 Evangelii
502 2438 753 2521 compendiaria
768 2438 826 2502 lex
849 2444 909 2516 est,
924 2454 1077 2521 quaeque
1091 2444 1198 2502 semet
1222 2409 1361 2528 fflss'ffl‘

83 2537 195 2619 ipsam
227 2560 290 2624 pro
323 2540 465 2606 aliorum
498 2541 686 2606 commodis
717 2560 850 2624 semper
878 2539 1042 2605 devovere
1071 2548 1201 2624 parata,
1221 2527 1358 2647 mlh

82 2650 203 2706 contra
218 2642 332 2708 saeculi
349 2642 564 2708 insolentiam
581 2654 682 2728 atque
704 2643 964 2708 immoderatum
980 2660 1130 2708 amorem
1147 2642 1198 2707 sui
1223 2646 1362 2752 brutana,

82 2744 271 2811 certissima
302 2757 354 2814 est
379 2747 507 2813 homini
538 2748 731 2814 antidotus:
755 2747 850 2813 cuius
871 2746 1005 2812 virtutis
1023 2755 1136 2829 partes
1159 2764 1198 2811 ac
1225 2721 1375 2835 edwea-

83 2847 291 2917 lineamenta
317 2852 433 2918 divina
457 2851 581 2918 Paulus
605 2852 793 2938 Apostolus
816 2852 856 2916 iis
879 2851 988 2918 verbis
1011 2850 1198 2935 expressit:
1225 2825 1375 2932 Zssdffl‘f

87 2949 221 3019 Caritas
228 2956 362 3038 patr'ens
376 2968 432 3035 est,
457 2956 597 3042 benegna
610 2966 681 3023 cst:
697 2978 759 3022 non
781 2953 913 3040 quaerit
926 2975 1008 3040 quae
1022 2976 1084 3020 sua
1099 2963 1199 3022 sunt:

84 3056 197 3122 ornnr‘a
210 3058 329 3143 suffert
338 3085 351 3126 .·
365 3059 477 3126 omnia
491 3061 660 3145 sustinet(
674 3061 695 3144 ).

130 3159 332 3228 Divinorum
347 3183 522 3230 munerum
540 3165 710 3248 auspicem
726 3184 766 3229 ac
782 3161 1037 3228 benevolentiae
1053 3161 1199 3227 Nostrae

86 3271 207 3330 testem
224 3266 320 3332 vobis
336 3266 717 3352 singulis,Venerabiles
734 3267 878 3346 Fratres,
893 3274 927 3332 et
943 3264 1042 3332 Clero
1057 3262 1199 3347 populo·

87 3387 153 3449 que
167 3379 280 3435 vestro
306 3371 528 3455 apostolicam
552 3371 820 3438 benedictionem
844 3377 1057 3454 peramanter
1076 3367 1111 3433 in
1128 3365 1199 3434 Do-

88 3471 181 3538 mino
196 3474 420 3558 impertimus.

132 3575 262 3644 Datum
289 3578 432 3659 Rornae,
446 3580 536 3664 apud
563 3579 598 3646 S.
615 3579 762 3660 Petrum,
774 3579 832 3645 dic
856 3592 892 3661 15
912 3577 1006 3653 Maii,
1020 3575 1087 3642 An.
1107 3573 1199 3658 1891,

89 3679 309 3748 Pontificatus
327 3682 444 3750 Nostri
461 3683 734 3768 Decimoquarto.

801 3800 898 3868 LEO
921 3799 985 3866 PP.
1009 3799 1111 3866 XIII.

120 3982 139 4016 1.
153 3969 242 4025 lCor.,
256 3980 316 4026 xttl,
328 3983 375 4031 4·7.

140 4547 217 4596 Aera
232 4545 335 4595 Leonis
351 4547 424 4596 xiil.
