3250 4876
366 359 439 448 306
515 373 730 428 sctocurro
758 361 779 390 ⁴⁴
798 371 1068 424 sausssrrvuu
1094 373 1283 438 Quooonu
1303 405 1325 435 „

364 552 522 636 exempla
532 551 655 616 imitari
669 550 888 628 consueverit,
897 549 1094 616 deditomni
1104 559 1256 634 tempore
1266 549 1472 614 documenta

364 657 523 722 maxima.
540 654 704 722 Ullumne
718 635 952 720 aerumnarum
969 663 1020 718 est
1035 673 1151 737 genus,
1165 654 1218 718 cui
1234 672 1301 717 non
1319 652 1472 717 Ecclesia

363 779 554 826 succurrere
570 760 694 824 nedum
704 759 831 844 pietate
844 765 1004 836 materna,
1019 759 1079 823 sed
1095 757 1275 824 excellenti
1290 755 1469 841 prudentia

363 863 604 947 vigilantiaque
628 861 820 928 studuerit?
845 861 899 926 Ita
923 861 995 926 eius
1010 861 1225 946 potissimum
1250 861 1353 944 opert
1368 869 1471 942 atque

363 967 573 1046 auctoritate,
598 976 656 1033 aut
680 967 801 1032 saltem
825 965 977 1043 consilio,
1000 965 1117 1049 gratia,
1142 961 1258 1042 tutela,
1279 973 1472 1046 opportuna

362 1071 462 1136 variis
476 1068 726 1138 calamitatibus
755 1068 875 1134 solatia
901 1069 1028 1154 ubique
1051 1069 1202 1154 gentium
1231 1068 1367 1132 inventa
1382 1077 1472 1144 sunt,

183 1169 337 1276 lm&
362 1173 421 1238 sed
437 1173 477 1238 iis
493 1174 527 1238 in
543 1173 741 1260 locisplura,
753 1173 786 1238 in
798 1170 920 1258 quibus
935 1171 1107 1238 florentior
1120 1169 1280 1248 Ecclesia,
1292 1171 1471 1234 virtutum·

180 1295 237 1359 refe
256 1287 336 1358 reddi·
361 1297 426 1360 que
440 1277 697 1342 christianarum
715 1277 827 1342 studia
843 1276 980 1346 maiora
997 1275 1144 1360 Insignis
1158 1274 1222 1340 hac
1245 1273 1346 1340 laude
1361 1273 1471 1352 Italia,

183 1349 336 1467 22¹1}ss
360 1401 448 1467 quae
463 1379 563 1447 fidem
589 1381 801 1460 catholicam,
816 1400 877 1466 per
903 1400 1075 1465 prospera,
1091 1399 1151 1464 per
1164 1379 1315 1458 adversa,
1330 1379 1471 1444 inteme-

182 1479 336 1596 {⁶⁸5⁸qu
361 1493 468 1551 ratam
498 1486 685 1563 retinendo,
715 1483 781 1552 suit
818 1483 911 1550 omni
948 1495 1061 1550 aetate
1098 1483 1335 1548 beneficiorum
1372 1483 1472 1547 huius

179 1585 259 1705 2²55ss
269 1599 335 1690 „gg
360 1591 491 1675 generis
506 1589 674 1656 uberrime
688 1589 792 1656 ferax.
811 1589 863 1654 Eo
879 1589 987 1673 magis
1009 1587 1229 1652 inhumanum
1241 1597 1342 1673 atque
1358 1587 1472 1652 italica

184 1705 250 1764 lesis-
360 1703 461 1778 gente
476 1693 666 1776 indignum,
681 1693 872 1776 praeripere
888 1691 1059 1757 Ecclesiae
1070 1691 1216 1756 voluisse
1230 1689 1471 1757 beneficentiae

361 1797 516 1882 publicae
542 1796 749 1862 facultatem.
775 1833 819 1848 -
845 1795 1080 1864 Obtenderant
1105 1795 1241 1880 quidem
1272 1795 1472 1861 interversos

361 1902 487 1968 reditus
512 1901 643 1967 maleve
673 1899 822 1968 locatos:
849 1901 907 1966 sed
939 1900 1000 1966 lux
1027 1899 1185 1977 veritatis,
1212 1899 1302 1964 unde
1332 1899 1471 1964 minime

360 2006 554 2084 voluissent,
583 2005 703 2090 erupit.
736 2005 896 2071 instituta
926 2005 970 2069 de
999 2004 1288 2071 administratione
1318 2003 1472 2088 quaestio

360 2110 630 2177 criminationem
646 2109 732 2174 ialso
747 2108 926 2174 confictam
942 2107 1118 2192 splendide
1133 2107 1298 2172 refutavit.

216 2233 336 2280 Proresra-
408 2213 501 2279 Inter
525 2233 612 2298 quae
637 2213 797 2278 velutad
824 2212 1045 2278 cumulandas
1062 2211 1197 2276 iniurias
1223 2211 1313 2276 aliud
1330 2213 1471 2277 accessit

185 2293 337 2412 wlff
363 2318 580 2384 commissum
607 2319 731 2397 audax,
745 2337 825 2402 quo,
846 2318 904 2401 qui
929 2336 1037 2382 rerum
1065 2316 1212 2381 civilium
1238 2317 1421 2400 potiuntur,
1438 2317 1472 2380 in

178 2415 268 2530 m
276 2409 339 2529 ἧς
363 2422 471 2508 ipsam
489 2423 534 2488 rei
559 2443 672 2488 sacrae
696 2421 1023 2488 administrationem
1040 2421 1198 2485 invasere.
1216 2419 1336 2498 Facile,
1359 2419 1472 2486 Vene-

185 2535 254 2636 m
264 2527 338 2634 Tffl'
363 2521 484 2586 rabiles
501 2523 643 2600 Fratres,
666 2521 854 2604 intelligitis
878 2540 946 2605 quo
962 2531 1090 2604 spectet
1107 2521 1236 2586 oratio:
1252 2522 1295 2586 ad
1319 2539 1358 2584 ea
1374 2521 1471 2586 nimi·

187 2654 231 2695 ras.
364 2644 447 2702 rum,
462 2644 549 2709 quae
558 2634 675 2690 contra
691 2623 914 2689 venerabilem
926 2624 1061 2688 fratrem
1079 2623 1247 2688 Aloisium
1265 2623 1472 2706 Episcopum

364 2730 532 2794 titularem
546 2729 787 2808 Troadensem,
803 2729 1020 2795 Ordinarium
1032 2729 1251 2813 Aquaevivae
1263 2737 1297 2792 et
1312 2726 1473 2792 Altamu·

365 2853 430 2911 rae,
456 2833 507 2898 his
534 2834 614 2918 ipsis
639 2833 817 2918 postremis
843 2835 1014 2898 mensibus
1039 2833 1188 2916 aggressi
1215 2841 1292 2896 sunt
1315 2839 1473 2897 statuere.

365 2936 472 3002 Aetas
488 2956 540 3000 res
555 2937 699 3000 universi
715 2937 926 3020 cogniscitis:
943 2938 1087 3022 primum
1102 2937 1273 3021 Episcopo
1285 2935 1473 3001 Troadensi

365 3040 580 3105 interdictum
605 3041 778 3126 utriusque
804 3041 976 3106 Ecclesiae
1002 3041 1121 3106 bonis:
1139 3051 1211 3106 tum
1238 3041 1347 3120 ipsum
1363 3043 1471 3122 gradu

367 3153 517 3208 motum:
543 3144 682 3210 aedibus
712 3145 875 3210 eiectum:
905 3145 1071 3229 simulque
1097 3163 1211 3210 earum
1244 3143 1472 3208 Ecclesiarum

367 3245 515 3312 delatum
533 3246 627 3313 alteri
643 3249 802 3332 regimen,
818 3249 956 3332 perinde
979 3269 1018 3312 ac
1035 3267 1086 3312 res
1110 3255 1230 3330 agatur
1245 3265 1335 3311 mere
1358 3245 1476 3324 civilis,

366 3353 506 3416 omnino
530 3351 564 3416 in
589 3353 717 3418 ditione
740 3353 944 3436 arbitrioque
969 3351 1080 3436 posita
1106 3350 1262 3435 politicae
1286 3353 1476 3435 potestatis.

367 3455 446 3540 Quo
463 3455 551 3520 facto
573 3477 640 3520 non
668 3465 846 3540 perruptae
870 3455 979 3521 solum
1007 3455 1179 3520 Ecclesiae
1203 3453 1294 3538 leges
1310 3463 1397 3532 sunt,
1412 3457 1475 3520 sed

367 3561 440 3644 ipsa
455 3557 618 3644 pontificii
636 3561 751 3625 Nostri
778 3559 942 3644 primatus
970 3560 1084 3624 nativa
1107 3559 1179 3623 iura
1199 3559 1333 3626 violata
1351 3560 1476 3643 Itaque

305 3677 309 3685 '
367 3685 434 3730 non
451 3665 523 3730 sine
536 3683 661 3746 magno
676 3683 801 3747 angore
817 3663 921 3728 animi
930 3663 1166 3746 conquerimur
1175 3661 1279 3726 talem
1296 3663 1450 3728 iniuriam
1468 3689 1477 3731 r

367 3768 476 3844 simul,
502 3787 589 3851 quae
615 3767 678 3831 hac
703 3786 803 3850 super
827 3787 862 3829 re
888 3767 1039 3849 pervim
1066 3765 1201 3830 decreta
1224 3774 1363 3850 gestave
1385 3778 1477 3844 sunt,

213 3911 344 3959 md,
369 3872 597 3955 improbamus
627 3879 729 3958 atque
759 3869 960 3953 Apostolica
986 3870 1186 3935 auctoritate
1211 3869 1388 3934 reiicimus.
1413 3870 1475 3935 Ad

188 3976 346 4088 agunta
370 3971 505 4038 Clerum
539 3970 769 4053 populumque
804 3989 917 4033 earum
951 3969 1177 4034 Ecclesiarum
1214 3971 1306 4051 quod
1344 3969 1480 4048 attinet,

184 4087 290 4159 forster
315 4091 344 4134 en
369 4080 528 4153 utrosque
543 4071 576 4133 in
595 4071 744 4135 Domino
771 4088 957 4148 monemus,
972 4069 1091 4153 quida
1113 4089 1149 4133 se
1164 4067 1313 4153 postulet
1328 4067 1477 4136 officium

192 4147 345 4266 {5539st
369 4175 455 4240 serio
466 4173 680 4256 perpendere.
696 4173 792 4239 Sicut
807 4193 949 4256 aequum
963 4181 1024 4252 est,
1034 4172 1193 4256 politicae
1208 4173 1368 4256 potestati
1383 4173 1478 4240 dicto

193 4270 244 4312 Μ’·
370 4279 545 4342 audientes
568 4295 641 4340 esse
667 4277 700 4340 in
726 4296 835 4341 rerum
865 4295 988 4360 genere
1012 4277 1172 4356 civilium,
1196 4275 1246 4342 ita
1261 4275 1295 4342 in
1322 4277 1363 4340 iis
1388 4297 1474 4362 quae

370 4380 518 4463 regimen
535 4378 721 4444 animarum
749 4381 920 4464 attingunt
935 4401 1002 4446 non
1028 4380 1083 4444 alii
1108 4389 1249 4465 possunt
1271 4381 1474 4462 auctoritati,
