3230 4874
412 371 482 424 120
611 367 791 420 Ettstotn
810 358 829 384 ‘¹
850 367 1043 418 REDDl'l'AE
1057 368 1148 420 Milli
1167 367 1266 420 SUNT
1284 401 1303 428 „

451 555 572 639 ltaque
587 555 706 620 eodem
722 553 836 619 studio
851 553 987 620 curandi
1005 553 1175 636 religionis
1202 553 1339 632 bonum,
1364 571 1427 635 quo
1440 552 1487 615 du·

406 659 491 725 citur
507 657 634 726 Sancta
651 658 757 725 Sedes
772 658 807 723 in
825 659 969 740 negotiis
985 657 1125 743 agendis
1141 656 1358 739 colendisque
1383 655 1489 720 mutuis

229 799 303 846 Hm
311 813 382 858 ψ,
404 762 521 828 officiis
545 782 622 828 cum
651 761 834 828 rectoribus
866 761 1050 838 civitatum,
1076 763 1242 828 ducantur
1268 759 1368 825 etiam
1395 757 1489 824 fideles

223 859 381 976 222³&
405 876 539 952 oportet
554 867 588 932 in
604 866 736 932 actibus
751 886 819 932 non
835 867 939 931 modo
955 865 1104 950 privatae
1116 867 1206 932 vitae
1222 865 1393 931 sedetiam
1403 864 1489 948 publi·

227 981 381 1084 wisza·
405 991 472 1038 cae.
488 1009 531 1022 -
548 969 772 1055 Quapropter,
786 970 843 1034 ubi
860 971 894 1035 id
911 971 1084 1055 postulent
1099 969 1270 1055 religionis
1287 968 1490 1042 rationes‚nec

223 1095 308 1155 genu
323 1109 380 1142 cau·
406 1076 474 1142 ulla
489 1075 578 1141 iusta
593 1095 632 1140 ac
648 1073 824 1158 peculiaris
840 1095 958 1140 caussa
974 1075 1146 1158 impediat,
1170 1093 1231 1158 par
1256 1083 1307 1138 est
1335 1082 1372 1138 ut
1398 1070 1491 1134 fideles

228 1169 264 1210 '⁴'
405 1179 448 1244 ad
464 1197 534 1244 rem
551 1177 720 1262 publicam
737 1178 977 1260 capessendam
994 1177 1158 1242 accedant
1170 1187 1336 1241 uteorum
1350 1173 1491 1238 industn'a

404 1295 439 1348 et
455 1283 654 1351 auctoritate
680 1283 908 1349 institutiones
935 1303 974 1349 ac
1002 1282 1092 1366 leges
1119 1283 1161 1346 ad
1190 1281 1337 1347 iustitiae
1361 1297 1490 1343 norman

405 1385 594 1470 exigantur,
606 1407 645 1452 ac
655 1385 825 1471 religionis
840 1387 975 1470 spiritus
990 1396 1025 1452 et
1041 1383 1191 1452 benefica
1206 1383 1256 1450 uis
1272 1385 1306 1450 in
1325 1384 1490 1450 universam

406 1490 452 1554 rei
468 1489 622 1573 publicae
638 1509 837 1574 compagem
854 1489 980 1556 influat.

258 1615 382 1676 imprimis
452 1591 605 1658 lamvero
631 1593 721 1676 quod
749 1593 792 1658 ad
807 1593 1000 1684 catholicos
1024 1591 1145 1658 attinet
1161 1593 1218 1678 qui
1238 1592 1271 1657 in
1289 1591 1408 1658 Galliis
1422 1599 1492 1661 sunt,

228 1675 344 1781 mm
405 1695 629 1762 dubitandum
658 1715 725 1764 non
755 1705 807 1762 est
832 1697 913 1780 quin
938 1706 1164 1782 opportunum
1191 1716 1230 1762 ac
1258 1697 1404 1761 salutare
1426 1711 1491 1776 opus

406 1800 531 1882 gesturi
561 1800 637 1878 sint,
666 1801 704 1879 si,
733 1819 898 1885 perpensa
928 1801 1120 1866 conditione
1150 1799 1183 1866 in
1214 1819 1283 1884 qua
1315 1799 1491 1883 iampridem

406 1919 520 1967 eorum
548 1903 656 1988 patria
680 1913 841 1984 versatur,
865 1924 940 1969 eam
968 1875 1071 1970 velini
1098 1903 1181 1968 inire
1208 1903 1299 1969 viam
1326 1922 1412 1988 quae
1435 1902 1491 1965 illos

406 2006 450 2072 ad
466 2005 624 2086 nobilem,
638 2028 739 2093 quern
755 2007 839 2088 dixi,
855 2007 956 2073 finem
972 2007 1165 2094 expeditius
1191 2016 1225 2073 et
1251 2007 1418 2074 efficacius
1438 2024 1491 2088 per·

406 2112 516 2176 ducat.

275 2227 382 2300 purtim
450 2215 508 2280 Ad
537 2215 628 2280 hunc
656 2235 743 2300 opus
773 2213 993 2294 efficiendum,
1027 2215 1169 2281 multum
1210 2214 1363 2281 conferre
1403 2219 1491 2298 potest

231 2287 383 2393 mite
407 2319 540 2402 sapiens
564 2329 598 2386 et
625 2337 763 2384 concors
791 2317 1036 2404 Episcoporum
1064 2319 1162 2398 actio,
1188 2319 1333 2386 multum
1363 2317 1490 2382 fidelium

226 2405 382 2526 ΕΝἭ
408 2421 555 2508 ipsorum
572 2424 758 2506 prudentia,
774 2423 955 2507 plurimum
971 2423 1118 2507 denique
1131 2425 1182 2490 vis
1208 2423 1281 2507 ipsa
1298 2420 1491 2507 progredien-

228 2524 320 2584 gimo.
408 2527 451 2592 tis
466 2525 596 2592 aetatis.
613 2525 753 2593 Interim
768 2546 857 2605 vero,
873 2547 948 2593 cum
966 2528 1146 2592 necessitas
1173 2525 1289 2592 tuendi
1317 2525 1491 2609 religionem

408 2640 442 2695 et
457 2630 630 2713 principia,
645 2629 767 2714 quibus
783 2630 915 2696 socialis
932 2631 1016 2697 ordo
1031 2631 1229 2709 continetur,
1244 2649 1344 2696 curas
1370 2632 1402 2694 in
1417 2643 1492 2712 prae·

407 2753 483 2799 sens
507 2732 541 2799 in
569 2753 605 2798 se
627 2743 801 2799 convertat
827 2735 973 2799 virorum
1000 2735 1162 2814 omnium,
1191 2734 1315 2819 quibus
1347 2734 1492 2798 humanae

407 2838 576 2905 societatis
600 2837 691 2902 salus
716 2837 809 2904 cordi
836 2847 896 2917 est,
924 2839 1064 2922 expedit
1090 2857 1305 2923 summopere
1330 2848 1368 2902 ut
1393 2830 1492 2901 Gallici

408 2938 522 3004 fideles
546 2939 582 3004 in
610 2959 713 3007 unum
739 2941 950 3008 consentiant
976 2952 1011 3008 ct
1035 2943 1122 3008 hanc
1145 2941 1209 3008 sibi
1236 2941 1492 3026 provinciamsu·

408 3042 560 3128 scipiant,
590 3042 623 3110 in
655 3063 721 3129 qua
751 3054 906 3111 actuosas
932 3045 1018 3111 vires
1048 3065 1088 3110 ac
1118 3046 1226 3110 zelum
1258 3043 1493 3128 magnanimum

409 3157 597 3214 exerceant

247 3286 385 3334 plum,
453 3250 521 3336 Qui
537 3252 660 3318 vellent
678 3251 865 3318 Ecclesiam
881 3252 1034 3336 viresque
1048 3251 1231 3318 catholicas
1244 3253 1276 3317 in
1289 3253 1396 3318 aciem
1408 3263 1493 3330 angu-

234 3345 385 3452 ssss‘ffm'
409 3355 545 3422 stiorem
555 3356 720 3422 deducere
731 3356 896 3440 iisqueuti
908 3358 951 3421 ad
963 3359 1228 3423 concertationes
1238 3356 1357 3422 studiis
1367 3352 1492 3439 partium

233 3465 322 3571 w
345 3481 386 3512 ra·
410 3461 549 3541 excitas,
577 3459 612 3525 hi
643 3469 829 3525 averterent
860 3459 1010 3525 animum
1048 3480 1069 3525 a
1106 3460 1314 3544 cogitatione
1347 3461 1492 3524 bonorum

299 3557 305 3570 ⁶
410 3565 635 3629 maximorum
652 3564 694 3628 ad
721 3583 808 3647 quae
831 3565 918 3629 vires
940 3563 1014 3628 illas
1038 3566 1188 3630 converti
1212 3571 1369 3648 oportet;
1392 3563 1493 3627 frustra

409 3669 483 3735 illas
497 3671 712 3737 absumerent
722 3671 850 3737 nullum
864 3671 980 3737 salutis
992 3671 1044 3738 vel
1057 3672 1183 3756 gloriae
1192 3671 1337 3737 fructum
1351 3669 1491 3739 edituus

407 3794 543 3858 gravem
560 3775 704 3860 denique
719 3774 877 3842 inferrent
902 3775 1021 3842 illustri
1047 3775 1220 3841 Gallorum
1249 3773 1376 3840 nationi
1401 3765 1492 3854 perni-

407 3877 501 3954 ciem,
516 3877 663 3942 sinentes
674 3879 709 3943 in
725 3897 764 3942 ea
777 3878 929 3943 imminui
940 3899 980 3945 ea
995 3898 1127 3944 summa
1138 3879 1219 3944 recti
1235 3879 1371 3962 verique
1385 3867 1489 3959 princi·

406 3981 471 4064 pia,
487 4001 527 4045 ea
538 4001 640 4064 opera
655 3981 790 4066 egregia
815 3991 850 4047 et
876 3982 1059 4047 catholicas
1086 3981 1295 4061 traditiones,
1310 3999 1395 4066 quae
1409 3969 1488 4060 quasi

405 4083 594 4150 communis
609 4085 719 4167 gentis
746 4083 922 4150 thesaurus
938 4085 1068 4150 validas
1095 4085 1142 4149 illi
1169 4105 1302 4170 semper
1327 4080 1489 4168 praebuere

405 4187 490 4252 vires
506 4197 539 4252 et
555 4186 724 4270 praeclara
739 4187 847 4252 laudis
861 4199 1067 4252 ornamenta.

448 4291 604 4356 Ceterum
623 4289 704 4354 mihi
720 4300 810 4356 certa
826 4311 907 4374 spes
920 4292 1006 4357 inest
1019 4291 1089 4358 sore
1101 4303 1138 4358 ut
1152 4291 1336 4359 Galliarum
1346 4281 1485 4354 catholici

403 4412 545 4476 quorum
560 4403 769 4474 compertum
786 4405 836 4460 est
853 4396 1015 4460 eximium
1031 4395 1201 4481 religionis
1223 4395 1367 4462 studium
1387 4401 1417 4457 et
1434 4387 1486 4450 sin·
