3172 4874
301 750 348 811 ad
370 750 547 811 carolum
570 749 817 823 chesnetong,
841 751 1053 808 senatorem

462 916 694 990 reipublicae
716 915 891 976 Gallicae.

277 1077 342 1138 ua
363 1072 757 1137 COMMENDANDA
779 1073 1074 1136 carnoucrs
1535 1029 1576 1047 '‘

120 1304 138 1330 ι,
527 1231 826 1294 consonum.
1195 1310 1203 1324 ·

120 1301 1203 1450 humanans-samm

317 1523 420 1590 UAE
437 1521 546 1586 Nobis
562 1521 713 1586 maxime
729 1523 762 1585 in
779 1522 904 1604 optatis
920 1531 1016 1588 erant
1028 1533 1062 1588 ct
1078 1526 1232 1607 apprime
1319 1553 1349 1600 η

118 1520 307 1838 {aL-(ig
337 1631 586 1716 respondebant
601 1630 844 1713 expectationi,
861 1649 963 1713 quam
978 1631 1085 1696 Nobis
1106 1632 1230 1697 fecerat
1296 1603 1375 1712 fidi!

119 1747 307 1904 mur}
338 1738 421 1804 fides
443 1759 482 1803 ac
513 1738 622 1822 pietas
650 1747 708 1802 tua
735 1757 917 1821 eorumque
940 1740 997 1823 qui
1022 1750 1134 1806 tecum
1150 1760 1229 1806 con·
1294 1763 1408 1824 sonipes

335 1848 440 1932 gressi
466 1856 554 1924 sunt,
584 1866 624 1909 ea
640 1845 783 1910 libenter
816 1847 1041 1930 comperimus
1069 1868 1230 1933 expressa
1255 1821 1408 1942 {2⁸:⁰¹2}ssss

120 1962 247 2040 litteris,
261 1979 346 2044 quas
361 1968 421 2023 tuo
438 1965 472 2022 et
488 1957 593 2021 totius
610 1967 798 2022 conventus
824 1959 878 2023 cui
905 1958 1076 2042 praefuisti
1093 1962 1229 2027 nomine
1254 1942 1407 2047 amm

119 2075 161 2138 ad
188 2073 262 2138 Nos
285 2069 418 2136 dedisti.
448 2067 502 2132 Ac
533 2087 614 2132 sane
640 2066 723 2133 nihil
748 2069 923 2133 iucundius
950 2071 1059 2136 Nobis
1079 2073 1229 2140 accidere
1254 2072 1381 2166 ξῖξζω
1425 2142 1429 2150 ,

118 2191 250 2268 poterat
261 2197 364 2264 quam
376 2175 630 2241 consensionem
643 2175 829 2258 intelligere
844 2186 878 2239 et
890 2195 1069 2242 commune
1079 2181 1227 2246 studium

117 2301 265 2358 vestrum
289 2291 323 2354 in
350 2287 559 2372 exequendis
585 2287 739 2353 alacriter
759 2288 898 2370 (nedum
921 2288 1121 2373 obsequiose
1136 2292 1227 2356 cxci·

117 2402 264 2487 piendis)
293 2402 505 2468 documentis
535 2411 568 2466 et
593 2401 849 2478 hortationibus,
872 2419 958 2484 quae
989 2401 1033 2465 ad
1065 2403 1225 2467 tuendam

116 2511 317 2579 catholicam
328 2512 514 2588 veritatem,
529 2514 571 2575 ad
593 2513 826 2595 praecavenda
847 2513 1026 2594 impiorum
1043 2512 1227 2594 molimina,

116 2627 160 2691 ad
169 2628 352 2691 curandam
362 2623 571 2708 singulorum
582 2624 735 2702 salutem,
746 2626 957 2710 solidamque
968 2627 1224 2710 prosperitatem

116 2733 315 2799 familiarum
332 2741 367 2798 et
382 2732 534 2816 gentium
544 2733 718 2796 christiani
735 2733 880 2797 nominis
891 2754 936 2797 ex
951 2733 1014 2800 hac
1027 2733 1226 2818 Apostolica

116 2847 205 2916 Sede
234 2847 498 2931 prodierunt-
519 2845 570 2910 At
592 2864 673 2929 prae
690 2847 809 2911 ceteris
833 2846 1111 2913 iucundissimum
1142 2847 1224 2913 iilud
1309 2881 1404 2930 Gaudes

117 2955 225 3020 Nobis
250 2953 365 3020 extitit
381 2953 472 3037 quod
488 2954 725 3037 agnoverimus
748 2974 807 3018 vos
830 2954 931 3019 etiam
948 2957 1076 3040 optime
1091 2975 1225 3038 perspe·
1251 2940 1279 2986 ‘³‘
1313 2943 1402 2990 ”lim

1251 3000 1353 3056 virium,
1369 3003 1404 3048 ad

116 3066 217 3141 xisse,
231 3079 333 3146 quam
350 3080 485 3125 necesse
501 3061 589 3125 sitin
608 3063 873 3144 praesentiarum
884 3074 921 3129 ut
936 3064 1092 3129 catholici
1108 3083 1225 3128 omnes
1251 3073 1401 3165 {iwic-

115 3171 316 3237 consociatis
331 3170 453 3234 animis
464 3170 657 3254 viribusque
665 3169 806 3250 collatis,
821 3173 916 3254 quasi
929 3171 1081 3237 conferto
1090 3171 1226 3254 agmine
1250 3179 1326 3224 crata
1363 3180 1402 3224 to·

116 3301 177 3364 pro
195 3278 390 3362 integritate
416 3276 504 3356 fidei,
533 3299 596 3363 pro
621 3279 791 3363 religionis
821 3281 957 3358 iuribus,
987 3300 1049 3364 pro
1072 3279 1226 3344 libertate
1251 3241 1313 3344 brun.
1328 3244 1402 3284 ‘ma'

117 3392 289 3457 Ecclesiae
326 3397 461 3454 strenue
497 3389 680 3455 decertent.
714 3390 896 3456 Laetitiam
929 3411 1030 3476 porro
1063 3389 1225 3456 Nostram
1278 3457 1297 3503 S
1381 3459 1386 3468 ,

116 3498 266 3566 cumulat
278 3498 398 3562 initum
415 3516 435 3561 a
450 3497 546 3561 vobis
562 3498 773 3582 propositum
794 3499 989 3564 connitendi
1015 3509 1053 3561 ut
1068 3497 1123 3562 hic
1138 3500 1226 3564 salu·
1252 3461 1405 3563 mmihi

116 3609 197 3675 taris
212 3607 411 3673 concordiae
427 3605 563 3689 spiritus
588 3608 621 3670 in
638 3606 811 3671 universos
826 3606 916 3672 cives
931 3614 1060 3671 vestros
1075 3607 1226 3672 effunda-
1252 3577 1317 3681 ffss‘
1330 3578 1405 3682 Ἓξ

116 3730 180 3798 tur,
194 3729 296 3803 atque
306 3727 343 3782 ut
351 3719 508 3783 omnibus
524 3737 720 3801 persuasum
738 3719 781 3782 sit
797 3716 1066 3800 amplitudinem,
1087 3737 1179 3802 opes,
1194 3728 1229 3783 et
1253 3696 1401 3754 effusumiri.

116 3833 257 3917 gloriam
267 3831 395 3915 patriae
410 3841 542 3895 vestrae
558 3831 591 3893 in
609 3850 778 3896 summum
791 3830 902 3895 vocari
914 3831 1093 3896 discrimen
1109 3832 1137 3895 si
1154 3831 1229 3897 istic

116 3945 283 4014 catholica
294 3942 411 4025 religio
425 3939 594 4006 defecerit.
610 3979 653 3990 -
670 3941 785 4024 Quare
797 3952 831 4008 et
845 3941 975 4006 nobiles
985 3943 1089 4008 animi
1102 3963 1231 4022 sensus,

117 4079 202 4145 quos
218 4074 297 4141 prae
309 4054 404 4129 vobis
425 4052 528 4132 fertis,
538 4054 659 4119 merita
671 4072 831 4118 ornamus
849 4053 957 4132 laude,
967 4062 1002 4120 et
1024 4056 1193 4139 supplices
1209 4077 1230 4120 a

117 4173 195 4237 Deo
206 4169 352 4254 petimus
368 4173 405 4230 ur
420 4184 485 4247 ope
507 4165 677 4250 praesenti
694 4165 837 4249 inceptis
861 4176 896 4231 et
918 4167 1097 4232 conatibus
1112 4165 1230 4232 vestris

116 4283 282 4372 propitius
312 4279 467 4362 adspiret.
486 4277 600 4343 Huius
631 4287 745 4343 autem
772 4279 876 4344 divini
906 4279 1027 4344 favoris
1058 4279 1228 4363 auspicem

115 4393 352 4482 Apostolicam
379 4393 654 4460 benedictionem
684 4392 755 4471 tibi,
785 4393 908 4458 dilecte
939 4393 994 4474 rili,
1015 4393 1137 4460 nobilis
1170 4390 1229 4469 vir,
