3230 4874
288 412 339 461 DE
358 409 536 461 SEDANDO
555 409 843 462 DISCORDIARUM
864 409 1014 460 STUDIO.
1157 409 1205 481 43

101 606 217 663 remus,
232 587 268 650 in
291 595 464 668 comperto
476 595 528 649 est
552 605 610 649 eos
636 583 743 648 lucem
769 584 890 662 odisse,
904 605 944 648 ac
961 584 1060 648 malle
1085 603 1204 650 caecos
1258 601 1358 688 ὢν

101 710 169 754 esse
184 701 218 756 et
233 711 409 756 caecorum
426 690 538 756 duces.
554 725 598 738 -
613 689 710 773 Quae
736 709 811 754 cum
830 689 938 752 Nobis
954 689 1101 753 dolenda
1117 699 1204 766 sunt,
1277 677 1362 757 189⁰·'

99 805 225 858 tumeo
243 793 327 859 fiunt
355 794 524 859 acerbiora
551 794 642 878 quod
667 794 719 856 his
743 795 1025 870 contentionibus,
1041 791 1205 857 deflendis
1248 807 1383 868 lnterquos

98 897 222 980 oppido
233 907 268 962 et
284 897 443 980 ingloriis,
458 907 616 980 expertes
638 917 705 960 non
733 897 800 961 sint
825 897 1038 961 ecclesiastici
1063 897 1201 980 quidam
1227 866 1382 986 ss‘ssffffl„

98 1000 154 1064 viri
171 999 271 1066 officii
289 1002 511 1076 immemores,
526 1003 684 1084 quodque
699 1002 845 1066 deterius
861 1011 922 1076 est,
938 1001 1082 1084 religiosi
1106 1003 1203 1064 soda-
1227 986 1379 1092 ζζῗζῗξζχ

98 1102 143 1166 les
158 1116 331 1187 spectatae
348 1105 477 1188 pridem
496 1104 572 1168 fidei
600 1115 634 1169 et
658 1105 891 1169 observantiae
916 1105 949 1167 in
967 1104 1201 1186 Apostolicam
1224 1103 1381 1224 ξίηζξὶξῑίνὲῥ

98 1205 229 1287 Sedem,
245 1210 302 1292 qui
319 1207 405 1272 clam
432 1209 483 1273 vel
512 1210 624 1292 palam
649 1228 786 1294 operam
814 1207 999 1285 conserunt,
1017 1217 1053 1272 ut
1077 1208 1202 1271 malum
1228 1237 1282 1294 squ,
1319 1233 1381 1284 repe-

97 1311 158 1376 hoc
173 1313 300 1378 insidat
316 1314 450 1396 penitus
466 1313 632 1396 latiusque
658 1323 771 1376 manet
797 1313 949 1376 maxima
964 1331 1040 1376 cum
1057 1313 1204 1394 pernicie
1229 1295 1288 1329 rm.

97 1437 326 1498 supremarum
345 1417 516 1482 Ecclesiae
543 1419 710 1482 rationum
727 1427 760 1480 et
785 1415 922 1499 patriae.
941 1416 997 1482 Sic
1021 1415 1114 1480 inscii
1141 1415 1204 1478 sor·

97 1541 153 1584 san
170 1534 204 1586 et
221 1523 452 1604 imprudentes
468 1523 629 1586 dexterae
644 1522 814 1605 punientis
831 1521 895 1586 Dei
912 1521 1101 1586 administri
1118 1517 1202 1584 fiunt

98 1627 150 1706 qui
167 1627 260 1709 pacis
277 1627 489 1692 nunciandae
518 1627 634 1691 divino
657 1627 793 1690 nomine
810 1627 1030 1690 ministerium
1048 1613 1202 1689 inierant.

140 1732 234 1796 Haec
248 1727 358 1795 Nobis
368 1732 658 1796 considerantibus
670 1731 846 1814 aptissima
866 1732 1009 1815 tempori
1034 1731 1105 1794 visa
1124 1741 1202 1794 sunt
1305 1767 1380 1815 md,

96 1853 178 1917 quae
188 1833 332 1916 legimus
345 1835 378 1897 in
390 1834 506 1898 litteris
522 1819 599 1910 tuis,
613 1833 735 1917 quibus
750 1835 832 1898 scite
842 1854 881 1898 ac
894 1835 1040 1898 dilucide
1055 1853 1201 1909 caussas,
1227 1825 1286 1871 Μ’
1319 1841 1379 1872 ⁶0¹⁸·
1414 1887 1419 1908 ,

1226 1885 1325 1930 menda?

95 1938 159 2002 vim
175 1948 209 2003 et
224 1937 389 2021 originem
406 1938 617 2020 explicavisti
634 1937 742 2002 malae
757 1937 856 2002 huius
872 1939 965 2014 labis,
976 1959 1062 2020 quae
1076 1939 1201 2020 Hispa·
1225 1945 1367 2050 ⁸¹:322&oe

96 2042 181 2106 niam
198 2041 316 2116 inficit,
329 2061 416 2125 quae
432 2062 477 2106 ex
493 2063 533 2106 ea
548 2043 616 2106 sint
633 2043 812 2106 metuenda
834 2043 970 2119 damna,
984 2045 1138 2124 quaequt
1154 2042 1200 2105 illi
1224 2063 1378 2133 sarrsuorge-

94 2149 285 2213 adhibenda
301 2148 457 2212 remedia.
475 2185 516 2196 -
534 2148 658 2212 Facere
681 2147 807 2212 idcirco
821 2149 897 2210 'non
926 2166 1104 2228 possumus
1118 2148 1199 2228 quin
1225 2123 1319 2175 tunm,

95 2251 210 2315 merita
225 2248 404 2316 efferamus
421 2250 520 2314 laude
536 2251 685 2314 studium
710 2270 778 2333 quo
805 2249 972 2313 constanti
988 2249 1199 2313 obsecundas
1226 2279 1295 2340 „pm
1320 2291 1379 2342 „m

93 2353 307 2420 sollicitudini
326 2353 480 2431 Nostrae,
499 2355 738 2436 Hispanosque
754 2353 868 2418 fideles
892 2373 1047 2416 revocare
1061 2364 1198 2418 conten·
1221 2343 1380 2460 wlff,

94 2459 141 2521 dis
155 2461 199 2524 ad
215 2461 391 2525 caritatem
408 2457 601 2543 perlectam,
612 2466 850 2542 summamque
860 2459 1049 2521 animorum
1062 2457 1200 2520 coniun·
1222 2459 1382 2564 mm

94 2563 245 2642 ctionem,
269 2583 371 2646 quam
403 2563 589 2627 necessaria
613 2563 784 2627 Ecclesiae
809 2573 963 2645 tempora
986 2570 1022 2625 et
1046 2559 1197 2625 districta
1225 2579 1378 2648 ansipran-

94 2663 262 2730 christiani
279 2666 359 2730 civis
375 2665 486 2730 officia
499 2666 681 2750 postulant.
700 2665 789 2730 Hinc
805 2666 906 2728 etiam
924 2665 1012 2728 laeta
1028 2685 1088 2746 spe
1103 2673 1198 2728 tene·
1225 2638 1380 2744 {22²5ssssss

96 2787 165 2831 mur
190 2771 262 2834 fore
287 2781 323 2834 ut
347 2770 519 2853 egregium
547 2789 631 2854 opus
658 2781 765 2847 tuum,
787 2768 1037 2834 connitentibus
1063 2769 1138 2833 aliis
1164 2769 1198 2832 in
1226 2761 1314 2804 rantes.

94 2874 287 2957 episcopatu
304 2874 469 2954 iratribus,
485 2876 649 2958 imprimis
664 2896 743 2940 vero
768 2876 961 2958 adspirante
978 2875 1062 2952 Deo,
1076 2895 1116 2938 ac
1132 2875 1197 2939 sus·

94 2973 299 3060 fragantibus
314 2981 440 3043 sanctis
456 2979 679 3062 praestitibus
695 2979 790 3062 queis
806 2981 876 3043 iure
891 2979 1054 3061 gloriatur
1071 2979 1197 3063 Hispa·

94 3081 154 3160 nia,
170 3093 306 3165 optatos
336 3083 459 3148 habeat
488 3093 650 3162 eventus;
682 3103 803 3166 nempe
835 3092 870 3147 ut
893 3083 1048 3147 catholici
1072 3104 1200 3162 omnes,

94 3182 284 3251 Pastoribus
299 3188 474 3251 audientes
490 3188 591 3264 dicto,
606 3188 754 3251 humana
769 3190 887 3272 quavis
903 3188 1049 3252 utilitate
1064 3189 1199 3271 postha-

93 3287 170 3366 bita,
184 3290 320 3354 iuvenili
338 3291 485 3372 quodam
498 3291 600 3354 animi
617 3291 755 3373 impetu,
767 3291 871 3374 digno
884 3291 1047 3354 maiorum
1063 3309 1199 3355 suorum

94 3389 165 3472 fide,
180 3404 214 3458 et
230 3395 516 3458 consociatissima
542 3394 715 3458 voluntate
740 3393 919 3460 convolent
945 3395 1040 3478 quasi
1064 3395 1199 3475 agmine
1251 3451 1254 3460 .

93 3493 178 3560 lacto
208 3499 250 3562 ad
282 3519 496 3562 communem
525 3500 686 3563 tuendam
719 3509 868 3576 matrem,
897 3499 1094 3572 Ecclesiam,
1110 3479 1198 3582 quae

92 3601 191 3662 tantis
208 3602 369 3684 premitur
384 3603 552 3666 aerumnis
579 3612 613 3665 et
641 3602 684 3665 ab
711 3601 864 3666 hostibus
880 3615 949 3666 tam
968 3601 1086 3666 multis*
1098 3612 1132 3666 et
1148 3603 1198 3666 in·

93 3697 190 3768 sensis
206 3707 239 3768 in
257 3716 424 3770 certamen
442 3707 628 3771 adducitur.
653 3743 699 3754 -—
720 3706 796 3769 Hac
811 3727 871 3788 spe
887 3706 961 3770 steti
978 3715 1098 3770 testem
1115 3708 1199 3771 dile-

94 3806 210 3872 ctionis
224 3811 370 3875 Nostrae
383 3810 617 3893 Apostolicam
631 3811 900 3874 benedictionem
914 3811 1198 3889 tibi,Venerabilis

94 3907 215 3992 Frater,
230 3933 291 3978 nec
307 3935 373 3978 non
391 3916 480 3978 clero
496 3927 529 3978 et
546 3915 671 3998 populo
699 3923 777 3978 tuae
800 3915 993 3998 vigilantiae
1009 3915 1197 3980 commissis

93 4027 300 4089 peramanter
316 4019 348 4081 in
367 4017 517 4082 Domino
534 4019 753 4100 impertimus.

135 4115 260 4184 Datum
279 4123 410 4185 Rornae
429 4122 519 4203 apud
541 4120 574 4186 S.
586 4121 721 4186 Petrum
735 4121 791 4185 die
812 4137 854 4185 20
874 4121 989 4186 Martii
1006 4124 1097 4202 1890,
1111 4124 1197 4186 Pon·

95 4215 234 4287 tilicatus
247 4225 363 4289 Nostri
380 4243 470 4288 anno
485 4225 618 4288 decimo
634 4225 740 4289 tertio.

668 4428 763 4494 LEO
788 4429 850 4494 ΡΡ.
875 4429 976 4494 ΧΙΙΙ.
