3194 4872
370 341 414 416 82
649 361 831 414 enrsroun
860 347 881 378 “
901 361 943 412 m
972 361 1153 414 nnunnns
1173 397 1192 427 „

367 527 462 592 Haec
479 529 561 607 Nos,
576 547 709 593 summa
725 526 829 590 animi
846 525 1067 608 aegritudine,
1082 546 1102 590 a
1117 525 1319 609 quibusdam
1334 547 1402 592 non
1425 529 1467 592 ita

364 642 442 696 ante
472 633 672 715 accepimus,
702 632 759 714 qui
790 649 903 694 coram
932 647 992 693 nec
1030 629 1103 694 sine
1137 630 1282 696 lacrimis
1310 632 1466 697 eiusmodi

363 735 536 800 infamiam
567 745 601 801 et
627 735 876 801 deformitatem
902 742 1157 816 spectaverunt:
1183 754 1259 800 cum
1285 735 1325 799 iis
1360 747 1465 801 autem

363 840 462 922 plane
491 841 671 905 cohaerent
709 858 797 923 quae
827 857 847 902 a
882 836 1016 919 nuperis
1050 837 1188 904 Africae
1217 839 1466 922 aequinoctialis

361 944 632 1026 exploratoribus
648 953 725 1008 sunt
750 951 892 1006 narrata
910 939 1000 1024 Quin
1025 942 1128 1006 etiam
1149 942 1290 1008 istorum
1306 964 1350 1006 ex
1381 946 1467 1009 testi·

363 1046 476 1111 monio
491 1055 525 1111 et
541 1045 607 1111 fide
623 1054 833 1129 compertum
850 1053 999 1128 apparet,
1015 1043 1058 1108 ad
1075 1055 1194 1128 quater
1209 1055 1351 1110 centena
1368 1045 1467 1110 millia

361 1152 407 1216 sic
423 1151 575 1216 homines
592 1149 681 1216 afros
696 1150 796 1214 vendi
813 1147 940 1226 solitos,
964 1166 1122 1230 pecorum
1139 1148 1253 1228 instar,
1267 1151 1446 1232 quotannis
1460 1170 1468 1226 ;

359 1275 500 1339 quorum
512 1255 688 1320 dimidiam
704 1251 834 1318 circiter
850 1261 982 1335 partem
999 1253 1042 1315 de
1058 1251 1120 1316 viis
1136 1253 1326 1336 asperrimis
1342 1252 1465 1336 langui·

358 1362 420 1423 dos
435 1360 611 1423 concidere
626 1357 740 1441 ibique
754 1357 889 1421 interire
904 1377 912 1434 ;
929 1365 976 1432 ut,
999 1374 1080 1420 sane
1101 1356 1144 1420 ad
1172 1352 1350 1422 dicendum
1368 1376 1465 1440 quam

359 1465 461 1541 triste,
487 1464 578 1528 velut
603 1460 728 1528 iactam
752 1482 797 1527 ex
825 1459 965 1525 residuis
993 1460 1125 1525 ossibus
1151 1461 1306 1526 semitam
1332 1481 1373 1526 ea
1397 1461 1467 1526 loca

358 1576 573 1650 peragrantes
595 1566 838 1650 dispiciant-
855 1563 940 1648 Quis
966 1583 1032 1628 non
1060 1574 1230 1630 tantarum
1259 1565 1465 1630 miseriarum

358 1671 563 1754 cogitatione
578 1675 778 1735 moveatur?
794 1669 868 1734 Nos
883 1669 1039 1752 equidem
1056 1669 1113 1752 qui
1130 1688 1306 1753 personam
1323 1672 1467 1754 gerimus

359 1775 493 1852 Christi,
527 1774 749 1838 amantissimi
784 1773 936 1838 omnium
976 1773 1128 1856 gentium
1179 1773 1392 1856 sospitatoris
1436 1783 1466 1839 ct

179 1848 329 1952 carellam
358 1879 606 1962 Redemptoris,
621 1878 745 1960 quique
760 1877 847 1942 adeo
860 1877 1024 1942 laetamur
1036 1877 1078 1942 de
1088 1875 1239 1959 plurimis
1249 1878 1467 1962 gloriosisque

178 1967 329 2076 ξξῇζῗῗζζ
359 1983 528 2048 Ecclesiae
544 1983 733 2064 promeritis
749 1983 782 2046 in
798 2001 901 2046 omne
912 2001 1019 2064 genus
1035 2000 1262 2059 aerumnosos,
1278 1981 1337 2046 vix
1353 2001 1467 2065 possu-

178 2085 239 2147 usae
250 2091 329 2144 mm·
358 2107 430 2150 mus
447 2086 557 2170 eloqui
568 2096 696 2169 quanta
712 2087 926 2151 miseratione
942 2106 1022 2170 erga
1043 2084 1118 2149 illas
1133 2083 1296 2150 afficimur
1312 2085 1463 2150 infelicis-

178 2151 210 2188 les
253 2160 330 2190 omnes

178 2203 247 2248 enm
265 2205 328 2250 tum·-
356 2193 457 2256 simas
472 2200 600 2275 gentes,
615 2200 743 2273 quanta
758 2190 909 2256 caritatis
925 2189 1148 2272 amplitudine
1163 2190 1206 2254 ad
1217 2209 1274 2253 eas
1286 2191 1465 2273 pandimus

171 2267 273 2380 lllri‘ssr
285 2277 331 2368 'll
356 2297 499 2372 brachia,
515 2314 616 2379 quam
633 2293 848 2359 vehementer
863 2295 1018 2377 cupimus
1033 2293 1149 2356 omnia
1165 2292 1247 2375 ipsis
1263 2313 1363 2376 posse
1388 2293 1465 2358 alle·

176 2382 329 2487 jssmm'
356 2413 511 2467 vamenta
527 2411 560 2466 et
573 2400 722 2465 subsidia
745 2401 925 2484 impertire,
939 2420 981 2465 co
1007 2400 1181 2482 proposito
1205 2409 1251 2478 ut,
1266 2401 1366 2464 simul
1390 2419 1463 2465 cum

354 2508 512 2570 servitute
536 2505 711 2570 hominum
742 2505 901 2569 servitute
940 2503 1186 2586 superstitionis
1225 2522 1378 2583 excussa,
1408 2504 1462 2568 uni

354 2631 498 2693 veroque
511 2612 595 2688 Deo,
611 2610 674 2674 sub
686 2608 810 2674 Christi
834 2608 1033 2673 suavissimo
1060 2610 1149 2692 iugo,
1172 2611 1303 2692 possint
1328 2610 1462 2674 tandem

353 2717 483 2793 servire,
513 2716 647 2780 divinae
677 2715 873 2780 hereditatis
895 2715 1069 2780 nobiscum
1106 2715 1294 2799 participes.
1323 2715 1463 2782 Utinam

353 2840 479 2896 omnes,
505 2819 708 2902 quicumque
733 2819 873 2902 imperio
901 2826 935 2882 et
964 2828 1132 2901 potestate
1164 2819 1381 2897 antecedunt,
1410 2820 1459 2884 vel

353 2925 424 2986 iura
439 2923 591 3004 gentium
604 2933 639 2987 et
650 2922 869 2986 humanitatis
885 2932 1002 2987 sancta
1019 2943 1102 3002 esse¹
1114 2922 1241 3001 volunt,
1256 2925 1308 2988 vel
1334 2925 1462 3008 religio-

355 3030 405 3092 nis
420 3027 607 3092 catholicae
622 3026 836 3091 incrementis
853 3045 897 3090 ex
909 3027 1023 3090 animo
1039 3027 1186 3104 student,
1201 3027 1326 3110 ubique
1341 3047 1467 3104 omnes,

353 3132 566 3196 hortantibus
593 3129 789 3213 rogantibus
815 3129 933 3208 Nobis,
959 3131 1002 3194 ad
1028 3129 1193 3194 eiusmodi
1233 3141 1465 3205 mercaturam,

354 3256 420 3319 qua
447 3235 538 3300 nulla
569 3233 749 3298 inhonesta
779 3235 886 3316 magis
917 3243 950 3298 et
978 3233 1148 3312 scelerata,
1169 3235 1466 3318 comprimendam,

354 3338 607 3422 prohibendam,
634 3337 901 3419 extinguendam
930 3338 1030 3402 enixe
1046 3337 1245 3420 conspirent.
1262 3375 1306 3388 -
1323 3339 1466 3416 Interea,

213 3507 281 3551 Vim
303 3521 328 3551 a·
355 3447 435 3508 dum
452 3443 578 3505 acriore
593 3441 803 3524 ingeniorum
820 3449 853 3504 et
880 3461 1020 3524 operum
1045 3460 1142 3506 cursu
1171 3461 1258 3506 nova
1285 3440 1403 3506 itinera
1421 3440 1464 3504 ad

193 3567 315 3624 portaticos
355 3551 473 3614 airicas
489 3558 603 3626 terras,
612 3567 700 3612 nova
722 3547 923 3612 commercia
939 3547 1156 3626 instruuntur,
1173 3550 1380 3614 contendant
1402 3548 1465 3611 viri

177 3626 211 3670 ad
251 3627 328 3670 zelum
490 3653 529 3668 ..
815 3653 823 3667 .
942 3652 950 3668 .
1059 3653 1066 3666 .
1127 3653 1134 3666 .
1259 3654 1267 3667 .

199 3686 312 3729 adana.
355 3653 539 3739 apostolici,
555 3662 600 3732 ut,
615 3653 727 3736 quoad
746 3652 864 3716 mellus
881 3651 950 3717 fien
976 3661 1091 3735 possit,
1108 3663 1152 3718 srt
1166 3653 1268 3718 saluti
1294 3671 1463 3718 servorum

179 3745 329 3848 '“Zlassf'i
355 3757 569 3840 libertatique
584 3756 785 3821 consultum.
803 3757 881 3822 Huc
897 3757 959 3840 ipsi
983 3757 1049 3821 alio
1065 3757 1233 3840 praesidio
1246 3757 1339 3822 nullo
1348 3775 1465 3838 reapse

188 3863 305 3980 We?
354 3865 538 3949 proficient,
554 3859 750 3939 nisi‚divina
765 3862 874 3944 gratia
899 3862 1057 3939 roborati,
1071 3863 1135 3926 toti
1163 3863 1283 3927 sintin
1311 3863 1463 3928 dissemi-

263 4043 264 4046 Ἴ
306 3957 310 3966 ’
356 3970 468 4033 nanda
500 3966 565 4032 lide
595 3974 708 4030 nostra
739 3965 950 4029 sanctissima
973 3984 1079 4047 eaque
1109 3965 1305 4030 laboriosius
1330 3967 1363 4030 in
1389 3967 1463 4031 dies

355 4072 476 4137 alenda
489 4092 497 4150 ;
508 4071 602 4134 cuius
618 4079 669 4134 est
683 4067 810 4132 fructus
833 4067 972 4151 insignis
987 4077 1024 4132 ut
1040 4068 1229 4133 libertatem
1247 4070 1328 4133 mire
1352 4071 1463 4134 conci·

356 4177 414 4241 liet
429 4197 469 4239 ac
484 4175 592 4257 pariat
605 4194 671 4256 qua
683 4171 834 4238 Christus
845 4193 902 4235 nos
911 4171 1125 4255 liberavit(¹).
1144 4173 1271 4255 ltaque,
1287 4182 1459 4258 tamquam

354 4281 387 4344 in
399 4278 569 4360 speculum
580 4277 711 4341 virtutis
721 4276 1117 4359 apostolicae,inspiciant
1128 4297 1302 4342 monemus
1313 4278 1344 4342 in
1354 4277 1459 4342 vitam

1368 4379 1452 4388 ἡ

380 4443 399 4476 r.
414 4428 504 4482 Galat..
517 4437 552 4479 tv,
564 4441 599 4486 31·
