3230 4874
1014 358 1094 379 „ss

569 473 893 556 urrunnun
932 473 1376 560 Aposronrcnn
1464 440 1488 581 ξ

309 1272 328 1318 5
608 1254 641 1318 N
669 1273 826 1336 supremo
853 1273 921 1337 quo
948 1255 1117 1340 fungimur
1144 1258 1332 1323 ministerio
1357 1257 1434 1322 nihil
1462 1257 1496 1320 rei

341 1406 345 1416 .
383 1349 389 1361 '
448 1313 564 1543 [T
628 1355 831 1421 christianae
855 1360 1085 1440 opportunius,
1112 1361 1193 1424 nihil
1220 1360 1331 1427 Nobis
1358 1370 1498 1446 expeten-

312 1495 327 1524 ιι
347 1480 392 1524 π
628 1461 709 1525 dum
726 1459 835 1542 magis
851 1479 1035 1538 censemus,
1050 1483 1151 1546 quam
1169 1473 1206 1528 ut
1218 1465 1357 1530 iuvenes
1368 1461 1495 1529 exomni

240 1553 391 1658 ,1„‘,¹,¹,f,{s,j,
627 1565 763 1646 regione
790 1564 823 1629 in
847 1572 971 1629 sortem
999 1565 1139 1630 Domini
1162 1568 1282 1646 vocati,
1308 1587 1376 1632 non
1401 1573 1496 1630 sancta

240 1657 336 1710 ΜΨ·
353 1657 391 1703 ””·
416 1667 524 1732 solum
540 1668 629 1732 vitae
645 1667 830 1750 disciplina,
845 1669 904 1731 sed
922 1669 1050 1732 sincera
1066 1669 1167 1734 etiarn
1183 1669 1362 1754 solidaque
1380 1667 1497 1734 scientia

240 1717 334 1762 stitulis
368 1717 392 1762 ei

239 1775 340 1886 gurg?
352 1790 391 1822 ιτ·
416 1773 640 1848 instituantur,
657 1781 693 1834 ut
708 1789 769 1854 pro
781 1771 832 1835 sui
849 1772 995 1836 muneris
1011 1773 1139 1837 ratione
1159 1773 1283 1856 ubique
1308 1775 1370 1838 lux
1391 1769 1495 1842 mundi,

236 1894 372 1953 precipuas
414 1875 587 1939 salterrae
602 1893 674 1937 esse
697 1875 837 1957 possint,
862 1875 1055 1959 bonumque
1081 1875 1162 1941 illud
1188 1877 1402 1955 fermentum,
1423 1875 1498 1940 cuius

238 1959 389 2072 ⁸,Z',ss,{¹,‘,',.
415 1979 518 2042 virtus
534 1978 619 2041 inter
635 1975 749 2042 fideles
764 1979 806 2042 ad
824 1988 949 2042 rectam
965 1979 1130 2044 sentiendi
1141 1980 1345 2064 vivendique
1355 1982 1496 2046 rationem

239 2072 308 2118 “im-
414 2081 629 2147 diffundatur.
645 2081 731 2146 Cum
747 2081 836 2146 enirn
855 2083 1004 2148 Ecclesia
1020 2083 1063 2148 sit
1090 2104 1231 2168 regnum
1252 2107 1272 2148 a
1293 2085 1428 2152 Christo
1442 2081 1497 2146 Do·

415 2186 506 2250 mino
521 2184 699 2250 fundatum
715 2186 748 2250 in
773 2185 915 2252 salutern
932 2187 1023 2252 omni
1050 2189 1208 2266 credenti,
1238 2189 1282 2252 sit
1313 2191 1499 2254 columnari

403 2289 656 2374 firmammtum
681 2288 841 2366 veritatis,
867 2299 1000 2370 oportet
1015 2300 1052 2356 ut
1067 2290 1179 2356 valida
1203 2291 1237 2355 in
1265 2291 1425 2356 ministris
1445 2283 1497 2352 suis

413 2396 634 2460 instrumenta
650 2393 782 2472 habeat,
797 2393 918 2477 quibus
933 2396 1112 2458 commode
1138 2396 1245 2478 possit
1271 2395 1430 2460 salutaria
1448 2407 1494 2455 sua

413 2518 550 2563 munera
566 2498 712 2581 explere,
728 2506 761 2563 et
784 2497 816 2560 in
834 2495 1055 2562 fundamento
1070 2498 1219 2564 veritatis
1245 2519 1285 2562 ac
1311 2499 1452 2564 iustitiae
1470 2493 1493 2556 in

411 2621 479 2684 quo
495 2603 567 2685 ipsa
583 2601 765 2666 constituta
777 2611 837 2677 est,
852 2599 997 2666 vicissirn
1014 2599 1100 2666 filios
1117 2623 1204 2682 suos,
1219 2622 1407 2687 omnesque
1420 2618 1496 2665 accc·

411 2707 528 2770 dentes
550 2707 592 2770 ad
620 2724 664 2781 se,
691 2725 750 2788 per
776 2705 996 2770 ministerium
1025 2725 1194 2772 sacrorum
1221 2709 1380 2784 virorum,
1402 2701 1495 2770 stabili

411 2811 539 2874 ratione
555 2809 678 2893 ubique
694 2811 904 2876 constituere.
919 2847 964 2860 -
983 2809 1212 2894 Quamobrem
1240 2831 1415 2897 nunquam
1438 2808 1495 2872 Nos

410 2932 505 2977 curas
536 2912 677 2977 Nostras
707 2913 740 2976 in
773 2913 835 2978 hoc
865 2933 951 2997 opus
981 2913 1130 2980 conferre
1154 2915 1444 2998 praetermisimus,
1467 2917 1495 2973 ut

410 3035 532 3098 nempe
557 3015 727 3079 domicilia
753 3016 996 3082 ecclesiasticae
1022 3018 1218 3102 disciplinae
1240 3017 1493 3102 solidaequedo·

408 3120 534 3184 ctrinae
560 3119 687 3184 clericis
717 3139 785 3183 non
817 3121 951 3186 urbanis
978 3121 1098 3199 solum,
1123 3122 1301 3187 sedetiam
1318 3132 1493 3186 exterarum

407 3224 609 3288 dioecesium
641 3223 673 3285 in
705 3221 769 3286 hac
798 3223 887 3288 alma
918 3225 999 3289 urbe
1030 3235 1191 3309 paterent,
1215 3227 1247 3289 in
1265 3244 1333 3310 qua
1351 3217 1494 3303 Principis

406 3327 649 3410 Apostolorum
682 3325 850 3390 Cathedra
881 3328 992 3410 posita
1019 3338 1078 3407 est,
1103 3330 1244 3412 purique
1264 3327 1375 3392 sontes
1390 3323 1494 3389 eddo·

407 3432 530 3494 ctrinas
546 3430 746 3495 hauriendas
762 3430 871 3496 Nobis
886 3431 1104 3514 vigilantibus
1128 3430 1249 3516 cuique
1272 3429 1381 3512 parati
1406 3431 1492 3496 sunt;

407 3536 589 3618 Nostrique
604 3535 750 3598 muneris
766 3536 1027 3619 omnitempore
1050 3555 1123 3600 esse
1138 3536 1310 3610 duximus,
1335 3536 1375 3598 iis
1398 3524 1495 3596 doni·

405 3637 488 3702 ciliis
501 3656 568 3701 non
585 3638 687 3702 modo
703 3637 911 3717 liberalitate,
935 3638 994 3703 sed
1023 3638 1221 3702 auctoritate
1249 3639 1350 3703 etiarn
1376 3637 1493 3720 praesto

405 3760 486 3818 esse,
509 3739 565 3804 ubi
582 3751 751 3806 maturum
767 3749 901 3824 tempus
917 3741 1025 3805 visum
1041 3751 1102 3816 cst,
1117 3752 1154 3804 ut
1181 3741 1228 3805 eis
1256 3739 1406 3824 legitimo
1429 3748 1491 3799 esse

405 3841 484 3919 iure,
499 3844 543 3908 ad
560 3843 756 3908 canonicam
774 3843 917 3908 sormam
933 3843 1163 3909 tribueremus.

229 3939 381 4046 acsffllgffi
451 3947 506 4011 Ex
522 3947 714 4010 huiusmodi
731 3958 844 4011 autern
861 3947 1022 4012 institutis
1038 3946 1150 4012 studia
1178 3946 1303 4012 Nostra
1330 3947 1391 4009 boc
1416 3951 1489 4006 tem·

227 4058 358 4112 conditum,
405 4071 485 4134 pore
502 4051 622 4115 merito
637 4050 786 4132 postulat
806 4050 898 4127 illud,
920 4051 1011 4134 quod
1037 4049 1118 4115 olim
1145 4051 1278 4136 collegii
1305 4048 1434 4115 nomine
1454 4039 1489 4106 ad

407 4154 440 4220 S.
458 4153 568 4218 Caroli
585 4153 618 4215 in
644 4154 726 4218 urbe
753 4154 947 4230 excitatum,
975 4153 1110 4217 iuvenes
1137 4153 1274 4219 clericos
1300 4149 1487 4218 dioecesium

261 4266 382 4313 insubria
406 4255 536 4322 Galliae
562 4254 826 4338 Transpadanae
856 4275 915 4320 seu
953 4257 1230 4342 Longobardicae
1255 4277 1355 4342 quam
1381 4253 1489 4318 vocant

227 4325 338 4370 alumnis
468 4359 474 4371 .
525 4358 533 4372 .
641 4359 647 4372 .
705 4359 711 4372 .
752 4357 760 4373 .
800 4358 843 4374 ..
956 4360 963 4374 .
1192 4361 1199 4376 .
1431 4356 1437 4370 ·

220 4383 372 4441 sarmarum,
407 4376 667 4439 regionissacns
678 4358 861 4441 drserplrnrs
871 4361 1072 4427 erudiendos
1081 4373 1223 4444 exceprt.
1240 4361 1315 4426 Hoc
1327 4358 1487 4440 collegrum
