<?xml version="1.0" encoding="UTF-8"?>
<!DOCTYPE html PUBLIC "-//W3C//DTD XHTML 1.0 Transitional//EN"
    "http://www.w3.org/TR/xhtml1/DTD/xhtml1-transitional.dtd">
<html xmlns="http://www.w3.org/1999/xhtml" xml:lang="en" lang="en">
 <head>
  <title>
</title>
<meta http-equiv="Content-Type" content="text/html;charset=utf-8" />
  <meta name='ocr-system' content='tesseract 3.04.00' />
  <meta name='ocr-capabilities' content='ocr_page ocr_carea ocr_par ocr_line ocrx_word'/>
</head>
<body>
  <div class='ocr_page' id='page_1' title='image "./sanctissimidomi03xiiigoog_0261.png"; bbox 0 0 3336 4870; ppageno 0'>
   <div class='ocr_carea' id='block_1_1' title="bbox 653 517 1141 767">
    <p class='ocr_par' dir='ltr' id='par_1_1' title="bbox 343 468 1141 1040">
     <span class='ocr_line' id='line_1_1' title="bbox 718 517 1082 603; baseline -0.008 0.955"><span class='ocrx_word' id='word_1_1' title='bbox 718 517 1082 603; x_wconf 75' lang='lat' dir='ltr'>annocunro</span> 
     </span>
     <span class='ocr_line' id='line_1_2' title="bbox 653 705 1141 767; baseline -0.004 -2.165"><span class='ocrx_word' id='word_1_2' title='bbox 653 707 700 764; x_wconf 80' lang='lat' dir='ltr'>ad</span> <span class='ocrx_word' id='word_1_3' title='bbox 724 707 757 767; x_wconf 91' lang='lat' dir='ltr'>s.</span> <span class='ocrx_word' id='word_1_4' title='bbox 782 706 823 764; x_wconf 77' lang='lat' dir='ltr'>a.</span> <span class='ocrx_word' id='word_1_5' title='bbox 850 705 1141 765; x_wconf 70' lang='lat' dir='ltr'>acarnanas.</span> 
     </span>
    </p>
   </div>
   <div class='ocr_carea' id='block_1_2' title="bbox 513 875 1292 938">
    <p class='ocr_par' dir='ltr' id='par_1_2' title="bbox 513 875 1292 938">
     <span class='ocr_line' id='line_1_3' title="bbox 513 875 1292 938; baseline -0.001 -2"><span class='ocrx_word' id='word_1_6' title='bbox 513 877 578 936; x_wconf 88' lang='lat' dir='ltr'>DE</span> <span class='ocrx_word' id='word_1_7' title='bbox 601 877 794 937; x_wconf 82' lang='lat' dir='ltr'><strong>MISERA</strong></span> <span class='ocrx_word' id='word_1_8' title='bbox 816 875 1128 938; x_wconf 82' lang='lat' dir='ltr'>CONDITthlE</span> <span class='ocrx_word' id='word_1_9' title='bbox 1153 875 1292 936; x_wconf 85' lang='lat' dir='ltr'>SEDIS</span> 
     </span>
    </p>
   </div>
   <div class='ocr_carea' id='block_1_3' title="bbox 169 1300 1457 1726">
    <p class='ocr_par' dir='ltr' id='par_1_3' title="bbox 202 1300 1457 1589">
     <span class='ocr_line' id='line_1_4' title="bbox 244 1300 1456 1384; baseline -0.007 -15"><span class='ocrx_word' id='word_1_10' title='bbox 244 1347 257 1384; x_wconf 67' lang='lat'><em>4</em></span> <span class='ocrx_word' id='word_1_11' title='bbox 1117 1309 1264 1363; x_wconf 90' lang='lat' dir='ltr'>vestrum</span> <span class='ocrx_word' id='word_1_12' title='bbox 1304 1300 1456 1382; x_wconf 87' lang='lat' dir='ltr'><strong>itemque</strong></span> 
     </span>
     <span class='ocr_line' id='line_1_5' title="bbox 202 1385 1457 1556; baseline -0.009 -82"><span class='ocrx_word' id='word_1_13' title='bbox 202 1385 281 1494; x_wconf 53' lang='lat' dir='ltr'><strong><em>w</em></strong></span> <span class='ocrx_word' id='word_1_14' title='bbox 396 1408 477 1556; x_wconf 80' lang='lat' dir='ltr'>A</span> <span class='ocrx_word' id='word_1_15' title='bbox 556 1403 708 1468; x_wconf 85' lang='lat' dir='ltr'>ordinem</span> <span class='ocrx_word' id='word_1_16' title='bbox 726 1403 971 1486; x_wconf 89' lang='lat' dir='ltr'>Episcoporurn</span> <span class='ocrx_word' id='word_1_17' title='bbox 993 1402 1158 1466; x_wconf 90' lang='lat' dir='ltr'>hodierna</span> <span class='ocrx_word' id='word_1_18' title='bbox 1185 1402 1239 1465; x_wconf 90' lang='lat' dir='ltr'>die</span> <span class='ocrx_word' id='word_1_19' title='bbox 1260 1401 1457 1485; x_wconf 83' lang='lat' dir='ltr'>suppleturi,</span> 
     </span>
     <span class='ocr_line' id='line_1_6' title="bbox 557 1505 1455 1589; baseline -0.002 -19"><span class='ocrx_word' id='word_1_20' title='bbox 557 1507 655 1570; x_wconf 88' lang='lat' dir='ltr'>valde</span> <span class='ocrx_word' id='word_1_21' title='bbox 670 1507 812 1570; x_wconf 90' lang='lat' dir='ltr'>velimus</span> <span class='ocrx_word' id='word_1_22' title='bbox 829 1508 999 1589; x_wconf 83' lang='lat' dir='ltr'>pacatiore</span> <span class='ocrx_word' id='word_1_23' title='bbox 1025 1525 1085 1571; x_wconf 91' lang='lat' dir='ltr'>vos</span> <span class='ocrx_word' id='word_1_24' title='bbox 1109 1505 1315 1588; x_wconf 88' lang='lat' dir='ltr'>laetioreque</span> <span class='ocrx_word' id='word_1_25' title='bbox 1339 1505 1455 1569; x_wconf 89' lang='lat' dir='ltr'>animo</span> 
     </span>
    </p>

    <p class='ocr_par' dir='ltr' id='par_1_4' title="bbox 169 1598 1456 1726">
     <span class='ocr_line' id='line_1_7' title="bbox 169 1598 1456 1726; baseline -0.005 -48"><span class='ocrx_word' id='word_1_26' title='bbox 169 1598 283 1726; x_wconf 47' lang='lat' dir='ltr'>posssssss}</span> <span class='ocrx_word' id='word_1_27' title='bbox 292 1655 320 1701; x_wconf 63' lang='lat' dir='ltr'>d,</span> <span class='ocrx_word' id='word_1_28' title='bbox 557 1607 662 1686; x_wconf 85' lang='lat' dir='ltr'>affari,</span> <span class='ocrx_word' id='word_1_29' title='bbox 677 1609 851 1692; x_wconf 87' lang='lat' dir='ltr'>nihilque</span> <span class='ocrx_word' id='word_1_30' title='bbox 843 1631 875 1673; x_wconf 87' lang='lat' dir='ltr'>rn</span> <span class='ocrx_word' id='word_1_31' title='bbox 897 1609 987 1673; x_wconf 90' lang='lat' dir='ltr'>hunc</span> <span class='ocrx_word' id='word_1_32' title='bbox 1003 1610 1124 1687; x_wconf 91' lang='lat' dir='ltr'>locum,</span> <span class='ocrx_word' id='word_1_33' title='bbox 1141 1609 1204 1672; x_wconf 92' lang='lat' dir='ltr'>nisi</span> <span class='ocrx_word' id='word_1_34' title='bbox 1226 1605 1316 1691; x_wconf 89' lang='lat' dir='ltr'>quod</span> <span class='ocrx_word' id='word_1_35' title='bbox 1337 1609 1456 1672; x_wconf 83' lang='lat' dir='ltr'>audire</span> 
     </span>
    </p>
   </div>
   <div class='ocr_carea' id='block_1_4' title="bbox 168 1711 1458 1844">
    <p class='ocr_par' dir='ltr' id='par_1_5' title="bbox 168 1711 1458 1844">
     <span class='ocr_line' id='line_1_8' title="bbox 168 1711 1458 1844; baseline -0.008 -58"><span class='ocrx_word' id='word_1_36' title='bbox 168 1715 320 1844; x_wconf 36' lang='grc' dir='ltr'>Ιξξζῖζξὲζαθ</span> <span class='ocrx_word' id='word_1_37' title='bbox 347 1717 472 1791; x_wconf 89' lang='lat' dir='ltr'>liberet,</span> <span class='ocrx_word' id='word_1_38' title='bbox 484 1711 611 1777; x_wconf 82' lang='lat' dir='ltr'>afferre.</span> <span class='ocrx_word' id='word_1_39' title='bbox 632 1751 672 1762; x_wconf 88' lang='lat'>-</span> <span class='ocrx_word' id='word_1_40' title='bbox 689 1713 739 1777; x_wconf 87' lang='lat' dir='ltr'>At</span> <span class='ocrx_word' id='word_1_41' title='bbox 755 1735 834 1778; x_wconf 91' lang='lat' dir='ltr'>vero</span> <span class='ocrx_word' id='word_1_42' title='bbox 850 1714 907 1798; x_wconf 91' lang='lat' dir='ltr'>qui</span> <span class='ocrx_word' id='word_1_43' title='bbox 924 1733 1103 1798; x_wconf 89' lang='lat' dir='ltr'>possumus</span> <span class='ocrx_word' id='word_1_44' title='bbox 1120 1714 1153 1776; x_wconf 91' lang='lat' dir='ltr'>in</span> <span class='ocrx_word' id='word_1_45' title='bbox 1171 1723 1240 1777; x_wconf 88' lang='lat' dir='ltr'>tarn</span> <span class='ocrx_word' id='word_1_46' title='bbox 1266 1733 1386 1795; x_wconf 89' lang='lat' dir='ltr'>aspero</span> <span class='ocrx_word' id='word_1_47' title='bbox 1407 1712 1458 1776; x_wconf 88' lang='lat' dir='ltr'>la·</span> 
     </span>
    </p>
   </div>
   <div class='ocr_carea' id='block_1_5' title="bbox 169 1818 1459 1902">
    <p class='ocr_par' dir='ltr' id='par_1_6' title="bbox 169 1818 1459 1902">
     <span class='ocr_line' id='line_1_9' title="bbox 169 1818 1459 1902; baseline 0 -22"><span class='ocrx_word' id='word_1_48' title='bbox 169 1832 270 1880; x_wconf 66' lang='lat' dir='ltr'>viores</span> <span class='ocrx_word' id='word_1_49' title='bbox 280 1833 320 1878; x_wconf 84' lang='lat' dir='ltr'>se-</span> <span class='ocrx_word' id='word_1_50' title='bbox 345 1821 546 1902; x_wconf 90' lang='lat' dir='ltr'>boriosoque</span> <span class='ocrx_word' id='word_1_51' title='bbox 561 1824 677 1883; x_wconf 85' lang='lat' dir='ltr'>statu?</span> <span class='ocrx_word' id='word_1_52' title='bbox 699 1819 936 1896; x_wconf 86' lang='lat' dir='ltr'>Circumstant,</span> <span class='ocrx_word' id='word_1_53' title='bbox 954 1830 990 1883; x_wconf 92' lang='lat' dir='ltr'>ut</span> <span class='ocrx_word' id='word_1_54' title='bbox 1010 1819 1140 1897; x_wconf 89' lang='lat' dir='ltr'>videtis,</span> <span class='ocrx_word' id='word_1_55' title='bbox 1166 1818 1256 1882; x_wconf 90' lang='lat' dir='ltr'>mala</span> <span class='ocrx_word' id='word_1_56' title='bbox 1277 1827 1380 1901; x_wconf 90' lang='lat' dir='ltr'>atque</span> <span class='ocrx_word' id='word_1_57' title='bbox 1407 1818 1459 1880; x_wconf 92' lang='lat' dir='ltr'>in-</span> 
     </span>
    </p>
   </div>
   <div class='ocr_carea' id='block_1_6' title="bbox 170 1893 1457 2010">
    <p class='ocr_par' dir='ltr' id='par_1_7' title="bbox 170 1893 1457 2010">
     <span class='ocr_line' id='line_1_10' title="bbox 170 1893 320 1951; baseline -0.02 -13"><span class='ocrx_word' id='word_1_58' title='bbox 170 1893 197 1938; x_wconf 85' lang='lat' dir='ltr'>di</span> <span class='ocrx_word' id='word_1_59' title='bbox 217 1908 231 1938; x_wconf 86' lang='lat' dir='ltr'>a</span> <span class='ocrx_word' id='word_1_60' title='bbox 250 1897 320 1951; x_wconf 76' lang='lat' dir='ltr'>capta</span> 
     </span>
     <span class='ocr_line' id='line_1_11' title="bbox 171 1921 1457 2010; baseline -0.005 -19"><span class='ocrx_word' id='word_1_61' title='bbox 171 1951 307 2010; x_wconf 56' lang='lat' dir='ltr'>„fresam</span> <span class='ocrx_word' id='word_1_62' title='bbox 346 1923 526 1989; x_wconf 87' lang='lat' dir='ltr'>commoda</span> <span class='ocrx_word' id='word_1_63' title='bbox 541 1923 660 1986; x_wconf 88' lang='lat' dir='ltr'>eadem</span> <span class='ocrx_word' id='word_1_64' title='bbox 678 1941 765 2005; x_wconf 90' lang='lat' dir='ltr'>quae</span> <span class='ocrx_word' id='word_1_65' title='bbox 780 1923 990 2004; x_wconf 90' lang='lat' dir='ltr'>undeviginti</span> <span class='ocrx_word' id='word_1_66' title='bbox 1006 1933 1086 1986; x_wconf 90' lang='lat' dir='ltr'>ante</span> <span class='ocrx_word' id='word_1_67' title='bbox 1101 1923 1208 2000; x_wconf 89' lang='lat' dir='ltr'>annis,</span> <span class='ocrx_word' id='word_1_68' title='bbox 1233 1930 1333 2004; x_wconf 86' lang='lat' dir='ltr'>capta</span> <span class='ocrx_word' id='word_1_69' title='bbox 1350 1921 1457 1998; x_wconf 87' lang='lat' dir='ltr'>Urbe,</span> 
     </span>
    </p>
   </div>
   <div class='ocr_carea' id='block_1_7' title="bbox 347 2025 1457 2212">
    <p class='ocr_par' dir='ltr' id='par_1_8' title="bbox 347 2025 1457 2212">
     <span class='ocr_line' id='line_1_12' title="bbox 347 2025 1456 2108; baseline -0.005 -16"><span class='ocrx_word' id='word_1_70' title='bbox 347 2033 526 2091; x_wconf 86' lang='lat' dir='ltr'>consecuta</span> <span class='ocrx_word' id='word_1_71' title='bbox 555 2035 653 2089; x_wconf 90' lang='lat' dir='ltr'>sunt:</span> <span class='ocrx_word' id='word_1_72' title='bbox 681 2026 750 2088; x_wconf 91' lang='lat' dir='ltr'>imo</span> <span class='ocrx_word' id='word_1_73' title='bbox 776 2045 911 2090; x_wconf 88' lang='lat' dir='ltr'>evasere</span> <span class='ocrx_word' id='word_1_74' title='bbox 943 2026 1164 2091; x_wconf 85' lang='lat' dir='ltr'>diuturnitate</span> <span class='ocrx_word' id='word_1_75' title='bbox 1200 2025 1363 2108; x_wconf 88' lang='lat' dir='ltr'>graviora,</span> <span class='ocrx_word' id='word_1_76' title='bbox 1393 2043 1456 2086; x_wconf 90' lang='lat' dir='ltr'>nec</span> 
     </span>
     <span class='ocr_line' id='line_1_13' title="bbox 348 2127 1457 2212; baseline -0.002 -20"><span class='ocrx_word' id='word_1_77' title='bbox 348 2137 486 2212; x_wconf 87' lang='lat' dir='ltr'>apparet</span> <span class='ocrx_word' id='word_1_78' title='bbox 499 2147 599 2210; x_wconf 90' lang='lat' dir='ltr'>quem</span> <span class='ocrx_word' id='word_1_79' title='bbox 612 2127 680 2192; x_wconf 90' lang='lat' dir='ltr'>sint</span> <span class='ocrx_word' id='word_1_80' title='bbox 695 2127 851 2194; x_wconf 87' lang='lat' dir='ltr'>habitura</span> <span class='ocrx_word' id='word_1_81' title='bbox 875 2129 1023 2206; x_wconf 88' lang='lat' dir='ltr'>modum,</span> <span class='ocrx_word' id='word_1_82' title='bbox 1036 2128 1063 2192; x_wconf 91' lang='lat' dir='ltr'>si</span> <span class='ocrx_word' id='word_1_83' title='bbox 1076 2127 1232 2194; x_wconf 87' lang='lat' dir='ltr'>voluntas</span> <span class='ocrx_word' id='word_1_84' title='bbox 1243 2127 1457 2192; x_wconf 88' lang='lat' dir='ltr'>inimicorum</span> 
     </span>
    </p>
   </div>
   <div class='ocr_carea' id='block_1_8' title="bbox 348 2231 1459 2416">
    <p class='ocr_par' dir='ltr' id='par_1_9' title="bbox 348 2231 1459 2416">
     <span class='ocr_line' id='line_1_14' title="bbox 348 2231 1459 2317; baseline -0.003 -20"><span class='ocrx_word' id='word_1_85' title='bbox 348 2243 525 2317; x_wconf 83' lang='lat' dir='ltr'>spectetur,</span> <span class='ocrx_word' id='word_1_86' title='bbox 550 2233 670 2316; x_wconf 89' lang='lat' dir='ltr'>quibus</span> <span class='ocrx_word' id='word_1_87' title='bbox 695 2233 798 2316; x_wconf 89' lang='lat' dir='ltr'>longo</span> <span class='ocrx_word' id='word_1_88' title='bbox 823 2254 977 2298; x_wconf 91' lang='lat' dir='ltr'>successu</span> <span class='ocrx_word' id='word_1_89' title='bbox 1014 2234 1157 2298; x_wconf 88' lang='lat' dir='ltr'>crevisse</span> <span class='ocrx_word' id='word_1_90' title='bbox 1190 2234 1333 2310; x_wconf 76' lang='lat' dir='ltr'>animoS,</span> <span class='ocrx_word' id='word_1_91' title='bbox 1357 2231 1459 2296; x_wconf 89' lang='lat' dir='ltr'>nimis</span> 
     </span>
     <span class='ocr_line' id='line_1_15' title="bbox 348 2332 1459 2416; baseline -0.001 -20"><span class='ocrx_word' id='word_1_92' title='bbox 348 2335 467 2397; x_wconf 86' lang='lat' dir='ltr'>acerbe</span> <span class='ocrx_word' id='word_1_93' title='bbox 497 2333 698 2416; x_wconf 86' lang='lat' dir='ltr'>experimur.</span> <span class='ocrx_word' id='word_1_94' title='bbox 728 2371 771 2383; x_wconf 95' lang='lat'><em>-</em></span> <span class='ocrx_word' id='word_1_95' title='bbox 807 2333 926 2398; x_wconf 88' lang='lat' dir='ltr'>Testes</span> <span class='ocrx_word' id='word_1_96' title='bbox 950 2335 1039 2410; x_wconf 84' lang='lat' dir='ltr'>estis,</span> <span class='ocrx_word' id='word_1_97' title='bbox 1066 2332 1286 2400; x_wconf 86' lang='lat' dir='ltr'>Venerabiles</span> <span class='ocrx_word' id='word_1_98' title='bbox 1313 2333 1459 2408; x_wconf 86' lang='lat' dir='ltr'>Fratres,</span> 
     </span>
    </p>
   </div>
   <div class='ocr_carea' id='block_1_9' title="bbox 192 2435 1458 2522">
    <p class='ocr_par' dir='ltr' id='par_1_10' title="bbox 192 2435 1458 2522">
     <span class='ocr_line' id='line_1_16' title="bbox 192 2435 1458 2522; baseline -0.001 -23"><span class='ocrx_word' id='word_1_99' title='bbox 192 2465 324 2510; x_wconf 63' lang='lat' dir='ltr'>aaaron·</span> <span class='ocrx_word' id='word_1_100' title='bbox 348 2438 439 2522; x_wconf 88' lang='lat' dir='ltr'>quali</span> <span class='ocrx_word' id='word_1_101' title='bbox 455 2457 507 2500; x_wconf 90' lang='lat' dir='ltr'>res</span> <span class='ocrx_word' id='word_1_102' title='bbox 520 2435 668 2502; x_wconf 83' lang='lat' dir='ltr'>ferantur</span> <span class='ocrx_word' id='word_1_103' title='bbox 683 2456 790 2516; x_wconf 90' lang='lat' dir='ltr'>cursu,</span> <span class='ocrx_word' id='word_1_104' title='bbox 806 2449 934 2521; x_wconf 87' lang='lat' dir='ltr'>quanta</span> <span class='ocrx_word' id='word_1_105' title='bbox 949 2439 993 2504; x_wconf 90' lang='lat' dir='ltr'>sit</span> <span class='ocrx_word' id='word_1_106' title='bbox 1016 2438 1049 2502; x_wconf 92' lang='lat' dir='ltr'>in</span> <span class='ocrx_word' id='word_1_107' title='bbox 1068 2437 1229 2502; x_wconf 88' lang='lat' dir='ltr'>Pontifice</span> <span class='ocrx_word' id='word_1_108' title='bbox 1241 2437 1400 2502; x_wconf 87' lang='lat' dir='ltr'>violando</span> <span class='ocrx_word' id='word_1_109' title='bbox 1410 2455 1458 2499; x_wconf 87' lang='lat' dir='ltr'>ex</span> 
     </span>
    </p>
   </div>
   <div class='ocr_carea' id='block_1_10' title="bbox 170 2524 1460 2642">
    <p class='ocr_par' dir='ltr' id='par_1_11' title="bbox 170 2524 1460 2642">
     <span class='ocr_line' id='line_1_17' title="bbox 170 2524 1460 2642; baseline -0.005 -32"><span class='ocrx_word' id='word_1_110' title='bbox 170 2524 323 2642; x_wconf 48' lang='grc' dir='ltr'>ῗξαηῗξξξζ</span> <span class='ocrx_word' id='word_1_111' title='bbox 349 2563 416 2606; x_wconf 87' lang='lat' dir='ltr'>una</span> <span class='ocrx_word' id='word_1_112' title='bbox 430 2552 525 2625; x_wconf 89' lang='lat' dir='ltr'>parte</span> <span class='ocrx_word' id='word_1_113' title='bbox 537 2543 687 2620; x_wconf 86' lang='lat' dir='ltr'>audacia,</span> <span class='ocrx_word' id='word_1_114' title='bbox 701 2562 746 2606; x_wconf 89' lang='lat' dir='ltr'>ex</span> <span class='ocrx_word' id='word_1_115' title='bbox 770 2542 874 2607; x_wconf 86' lang='lat' dir='ltr'>altera</span> <span class='ocrx_word' id='word_1_116' title='bbox 891 2543 1083 2624; x_wconf 86' lang='lat' dir='ltr'>impunitas.</span> <span class='ocrx_word' id='word_1_117' title='bbox 1099 2543 1219 2627; x_wconf 89' lang='lat' dir='ltr'>Neque</span> <span class='ocrx_word' id='word_1_118' title='bbox 1244 2541 1384 2607; x_wconf 90' lang='lat' dir='ltr'>dubium</span> <span class='ocrx_word' id='word_1_119' title='bbox 1405 2549 1460 2603; x_wconf 89' lang='lat' dir='ltr'>est</span> 
     </span>
    </p>
   </div>
   <div class='ocr_carea' id='block_1_11' title="bbox 173 2640 1459 2934">
    <p class='ocr_par' dir='ltr' id='par_1_12' title="bbox 173 2640 1459 2934">
     <span class='ocr_line' id='line_1_18' title="bbox 173 2640 1459 2727; baseline 0.002 -26"><span class='ocrx_word' id='word_1_120' title='bbox 173 2645 211 2687; x_wconf 68' lang='lat' dir='ltr'>aa</span> <span class='ocrx_word' id='word_1_121' title='bbox 229 2641 321 2701; x_wconf 56' lang='lat' dir='ltr'>detuit·</span> <span class='ocrx_word' id='word_1_122' title='bbox 349 2663 434 2726; x_wconf 91' lang='lat' dir='ltr'>quae</span> <span class='ocrx_word' id='word_1_123' title='bbox 450 2642 588 2706; x_wconf 91' lang='lat' dir='ltr'>consilia</span> <span class='ocrx_word' id='word_1_124' title='bbox 605 2645 796 2724; x_wconf 83' lang='lat' dir='ltr'>agitentur:</span> <span class='ocrx_word' id='word_1_125' title='bbox 812 2653 993 2727; x_wconf 89' lang='lat' dir='ltr'>erumpunt</span> <span class='ocrx_word' id='word_1_126' title='bbox 1008 2645 1099 2708; x_wconf 89' lang='lat' dir='ltr'>enirn</span> <span class='ocrx_word' id='word_1_127' title='bbox 1116 2645 1274 2726; x_wconf 92' lang='lat' dir='ltr'>undique,</span> <span class='ocrx_word' id='word_1_128' title='bbox 1289 2652 1323 2707; x_wconf 90' lang='lat' dir='ltr'>et</span> <span class='ocrx_word' id='word_1_129' title='bbox 1345 2640 1459 2706; x_wconf 90' lang='lat' dir='ltr'>multi·</span> 
     </span>
     <span class='ocr_line' id='line_1_19' title="bbox 350 2747 1459 2831; baseline 0 -21"><span class='ocrx_word' id='word_1_130' title='bbox 350 2749 428 2831; x_wconf 91' lang='lat' dir='ltr'>plici</span> <span class='ocrx_word' id='word_1_131' title='bbox 453 2747 616 2810; x_wconf 84' lang='lat' dir='ltr'>tactorum</span> <span class='ocrx_word' id='word_1_132' title='bbox 642 2747 835 2813; x_wconf 90' lang='lat' dir='ltr'>testimonio</span> <span class='ocrx_word' id='word_1_133' title='bbox 860 2748 1110 2813; x_wconf 88' lang='lat' dir='ltr'>convincuntur.</span> <span class='ocrx_word' id='word_1_134' title='bbox 1136 2747 1271 2813; x_wconf 89' lang='lat' dir='ltr'>Scilicet</span> <span class='ocrx_word' id='word_1_135' title='bbox 1298 2748 1459 2812; x_wconf 87' lang='lat' dir='ltr'>adversus</span> 
     </span>
     <span class='ocr_line' id='line_1_20' title="bbox 349 2849 1459 2934; baseline -0.003 -19"><span class='ocrx_word' id='word_1_136' title='bbox 349 2852 503 2915; x_wconf 87' lang='lat' dir='ltr'>instituta</span> <span class='ocrx_word' id='word_1_137' title='bbox 518 2851 698 2914; x_wconf 89' lang='lat' dir='ltr'>christiana</span> <span class='ocrx_word' id='word_1_138' title='bbox 711 2852 897 2916; x_wconf 87' lang='lat' dir='ltr'>acerbiores</span> <span class='ocrx_word' id='word_1_139' title='bbox 913 2853 1064 2934; x_wconf 92' lang='lat' dir='ltr'>quotidie</span> <span class='ocrx_word' id='word_1_140' title='bbox 1089 2861 1289 2916; x_wconf 89' lang='lat' dir='ltr'>exercentur</span> <span class='ocrx_word' id='word_1_141' title='bbox 1316 2849 1459 2915; x_wconf 90' lang='lat' dir='ltr'>inimici-</span> 
     </span>
    </p>
   </div>
   <div class='ocr_carea' id='block_1_12' title="bbox 169 2954 1459 3147">
    <p class='ocr_par' dir='ltr' id='par_1_13' title="bbox 169 2954 1456 3147">
     <span class='ocr_line' id='line_1_21' title="bbox 205 2954 1456 3038; baseline -0.002 -19"><span class='ocrx_word' id='word_1_142' title='bbox 205 2965 326 3026; x_wconf 82' lang='lat' dir='ltr'>Querirur</span> <span class='ocrx_word' id='word_1_143' title='bbox 350 2956 470 3032; x_wconf 89' lang='lat' dir='ltr'>tiae,c</span> <span class='ocrx_word' id='word_1_144' title='bbox 452 2954 632 3018; x_wconf 72' lang='lat' dir='ltr'>constricta</span> <span class='ocrx_word' id='word_1_145' title='bbox 657 2957 786 3019; x_wconf 90' lang='lat' dir='ltr'>romani</span> <span class='ocrx_word' id='word_1_146' title='bbox 824 2955 995 3020; x_wconf 88' lang='lat' dir='ltr'>Pontificis</span> <span class='ocrx_word' id='word_1_147' title='bbox 1029 2959 1257 3038; x_wconf 77' lang='lat' dir='ltr'>oppressaque</span> <span class='ocrx_word' id='word_1_148' title='bbox 1291 2954 1456 3019; x_wconf 90' lang='lat' dir='ltr'>libertate</span> 
     </span>
     <span class='ocr_line' id='line_1_22' title="bbox 169 3027 1459 3147; baseline -0.004 -24"><span class='ocrx_word' id='word_1_149' title='bbox 169 3027 326 3147; x_wconf 45' lang='lat' dir='ltr'>misma</span> <span class='ocrx_word' id='word_1_150' title='bbox 353 3057 482 3122; x_wconf 88' lang='lat' dir='ltr'>Idcirco</span> <span class='ocrx_word' id='word_1_151' title='bbox 496 3063 613 3120; x_wconf 91' lang='lat' dir='ltr'>contra</span> <span class='ocrx_word' id='word_1_152' title='bbox 634 3077 762 3122; x_wconf 87' lang='lat' dir='ltr'>sacram</span> <span class='ocrx_word' id='word_1_153' title='bbox 786 3058 883 3123; x_wconf 89' lang='lat' dir='ltr'>Sedis</span> <span class='ocrx_word' id='word_1_154' title='bbox 910 3057 1131 3141; x_wconf 88' lang='lat' dir='ltr'>Apostolicae</span> <span class='ocrx_word' id='word_1_155' title='bbox 1151 3067 1354 3140; x_wconf 86' lang='lat' dir='ltr'>potestatem</span> <span class='ocrx_word' id='word_1_156' title='bbox 1375 3057 1459 3119; x_wconf 91' lang='lat' dir='ltr'>inci·</span> 
     </span>
    </p>
   </div>
   <div class='ocr_carea' id='block_1_13' title="bbox 273 3161 1459 3350">
    <p class='ocr_par' dir='ltr' id='par_1_14' title="bbox 273 3161 1459 3350">
     <span class='ocr_line' id='line_1_23' title="bbox 273 3161 1459 3245; baseline -0.004 -18"><span class='ocrx_word' id='word_1_157' title='bbox 273 3179 282 3196; x_wconf 91' lang='lat'><strong>·</strong></span> <span class='ocrx_word' id='word_1_158' title='bbox 351 3161 412 3227; x_wconf 91' lang='lat' dir='ltr'>tari</span> <span class='ocrx_word' id='word_1_159' title='bbox 429 3161 622 3244; x_wconf 89' lang='lat' dir='ltr'>opinionem</span> <span class='ocrx_word' id='word_1_160' title='bbox 640 3162 846 3245; x_wconf 87' lang='lat' dir='ltr'>popularem,</span> <span class='ocrx_word' id='word_1_161' title='bbox 863 3163 1092 3245; x_wconf 88' lang='lat' dir='ltr'>invidiamque</span> <span class='ocrx_word' id='word_1_162' title='bbox 1109 3162 1335 3226; x_wconf 90' lang='lat' dir='ltr'>multitudinis</span> <span class='ocrx_word' id='word_1_163' title='bbox 1347 3161 1459 3244; x_wconf 90' lang='lat' dir='ltr'>quoti·</span> 
     </span>
     <span class='ocr_line' id='line_1_24' title="bbox 351 3266 1458 3350; baseline -0.003 -19"><span class='ocrx_word' id='word_1_164' title='bbox 351 3269 451 3332; x_wconf 88' lang='lat' dir='ltr'>diana</span> <span class='ocrx_word' id='word_1_165' title='bbox 466 3267 633 3331; x_wconf 91' lang='lat' dir='ltr'>dictorum</span> <span class='ocrx_word' id='word_1_166' title='bbox 650 3267 837 3349; x_wconf 79' lang='lat' dir='ltr'>petulantia</span> <span class='ocrx_word' id='word_1_167' title='bbox 858 3269 995 3350; x_wconf 91' lang='lat' dir='ltr'>impune</span> <span class='ocrx_word' id='word_1_168' title='bbox 1012 3266 1212 3330; x_wconf 89' lang='lat' dir='ltr'>inflammari</span> <span class='ocrx_word' id='word_1_169' title='bbox 1229 3267 1391 3330; x_wconf 89' lang='lat' dir='ltr'>videmus.</span> <span class='ocrx_word' id='word_1_170' title='bbox 1414 3301 1458 3313; x_wconf 93' lang='lat'><em>-</em></span> 
     </span>
    </p>
   </div>
   <div class='ocr_carea' id='block_1_14' title="bbox 353 3370 1459 3454">
    <p class='ocr_par' dir='ltr' id='par_1_15' title="bbox 353 3370 1459 3454">
     <span class='ocr_line' id='line_1_25' title="bbox 353 3370 1459 3454; baseline -0.005 -18"><span class='ocrx_word' id='word_1_171' title='bbox 353 3370 569 3453; x_wconf 87' lang='lat' dir='ltr'>Iamquehuc</span> <span class='ocrx_word' id='word_1_172' title='bbox 585 3381 723 3436; x_wconf 90' lang='lat' dir='ltr'>ventum</span> <span class='ocrx_word' id='word_1_173' title='bbox 740 3382 800 3449; x_wconf 86' lang='lat' dir='ltr'>est,</span> <span class='ocrx_word' id='word_1_174' title='bbox 817 3381 853 3435; x_wconf 90' lang='lat' dir='ltr'>ut</span> <span class='ocrx_word' id='word_1_175' title='bbox 875 3373 907 3434; x_wconf 93' lang='lat' dir='ltr'>in</span> <span class='ocrx_word' id='word_1_176' title='bbox 924 3371 1012 3434; x_wconf 89' lang='lat' dir='ltr'>hac&#39;</span> <span class='ocrx_word' id='word_1_177' title='bbox 1003 3391 1077 3454; x_wconf 90' lang='lat' dir='ltr'>rpsa</span> <span class='ocrx_word' id='word_1_178' title='bbox 1102 3370 1228 3448; x_wconf 52' lang='lat' dir='ltr'>urbes</span> <span class='ocrx_word' id='word_1_179' title='bbox 1219 3390 1252 3433; x_wconf 91' lang='lat' dir='ltr'>rn</span> <span class='ocrx_word' id='word_1_180' title='bbox 1275 3376 1459 3452; x_wconf 87' lang='lat' dir='ltr'>conspectu</span> 
     </span>
    </p>
   </div>
   <div class='ocr_carea' id='block_1_15' title="bbox 171 3449 1460 3568">
    <p class='ocr_par' dir='ltr' id='par_1_16' title="bbox 171 3449 1460 3568">
     <span class='ocr_line' id='line_1_26' title="bbox 171 3449 1460 3568; baseline -0.004 -29"><span class='ocrx_word' id='word_1_181' title='bbox 171 3449 328 3568; x_wconf 36' lang='lat' dir='ltr'>illim?</span> <span class='ocrx_word' id='word_1_182' title='bbox 352 3494 456 3559; x_wconf 90' lang='lat' dir='ltr'>prope</span> <span class='ocrx_word' id='word_1_183' title='bbox 485 3473 618 3552; x_wconf 90' lang='lat' dir='ltr'>Nostr0‚</span> <span class='ocrx_word' id='word_1_184' title='bbox 641 3474 807 3557; x_wconf 87' lang='lat' dir='ltr'>impietati</span> <span class='ocrx_word' id='word_1_185' title='bbox 833 3474 932 3538; x_wconf 90' lang='lat' dir='ltr'>liceat</span> <span class='ocrx_word' id='word_1_186' title='bbox 958 3474 1154 3557; x_wconf 86' lang='lat' dir='ltr'>religionem</span> <span class='ocrx_word' id='word_1_187' title='bbox 1185 3472 1273 3538; x_wconf 77' lang='lat' dir='ltr'>IESU</span> <span class='ocrx_word' id='word_1_188' title='bbox 1300 3473 1460 3537; x_wconf 75' lang='lat' dir='ltr'>CHRISTI</span> 
     </span>
    </p>
   </div>
   <div class='ocr_carea' id='block_1_16' title="bbox 175 3566 1462 3674">
    <p class='ocr_par' dir='ltr' id='par_1_17' title="bbox 175 3566 1462 3674">
     <span class='ocr_line' id='line_1_27' title="bbox 175 3566 1462 3674; baseline 0.001 -37"><span class='ocrx_word' id='word_1_189' title='bbox 175 3566 359 3674; x_wconf 48' lang='grc' dir='ltr'>66ξῇΜῇ</span> <span class='ocrx_word' id='word_1_190' title='bbox 351 3579 473 3660; x_wconf 79' lang='lat' dir='ltr'>insigni</span> <span class='ocrx_word' id='word_1_191' title='bbox 466 3577 676 3662; x_wconf 89' lang='lat' dir='ltr'>eademque</span> <span class='ocrx_word' id='word_1_192' title='bbox 691 3580 829 3661; x_wconf 87' lang='lat' dir='ltr'>perenni</span> <span class='ocrx_word' id='word_1_193' title='bbox 846 3579 966 3642; x_wconf 87' lang='lat' dir='ltr'>iniuria</span> <span class='ocrx_word' id='word_1_194' title='bbox 994 3577 1163 3655; x_wconf 89' lang='lat' dir='ltr'>lacessere,</span> <span class='ocrx_word' id='word_1_195' title='bbox 1190 3576 1374 3641; x_wconf 89' lang='lat' dir='ltr'>honoribus</span> <span class='ocrx_word' id='word_1_196' title='bbox 1396 3576 1462 3639; x_wconf 92' lang='lat' dir='ltr'>vir-</span> 
     </span>
    </p>
   </div>
   <div class='ocr_carea' id='block_1_17' title="bbox 176 3679 1462 3818">
    <p class='ocr_par' dir='ltr' id='par_1_18' title="bbox 176 3679 1462 3818">
     <span class='ocr_line' id='line_1_28' title="bbox 176 3679 1462 3818; baseline -0.005 -69"><span class='ocrx_word' id='word_1_197' title='bbox 176 3685 329 3818; x_wconf 43' lang='lat' dir='ltr'>&#39;mezi</span> <span class='ocrx_word' id='word_1_198' title='bbox 353 3685 417 3748; x_wconf 89' lang='lat' dir='ltr'>tuti</span> <span class='ocrx_word' id='word_1_199' title='bbox 433 3683 556 3748; x_wconf 87' lang='lat' dir='ltr'>debitis</span> <span class='ocrx_word' id='word_1_200' title='bbox 582 3684 743 3748; x_wconf 89' lang='lat' dir='ltr'>desertori</span> <span class='ocrx_word' id='word_1_201' title='bbox 759 3683 915 3748; x_wconf 92' lang='lat' dir='ltr'>catholici</span> <span class='ocrx_word' id='word_1_202' title='bbox 942 3683 1088 3746; x_wconf 90' lang='lat' dir='ltr'>nominis</span> <span class='ocrx_word' id='word_1_203' title='bbox 1116 3701 1182 3745; x_wconf 91' lang='lat' dir='ltr'>non</span> <span class='ocrx_word' id='word_1_204' title='bbox 1208 3681 1281 3744; x_wconf 91' lang='lat' dir='ltr'>sine</span> <span class='ocrx_word' id='word_1_205' title='bbox 1304 3679 1462 3788; x_wconf 88' lang='lat' dir='ltr'>insolenti</span> 
     </span>
    </p>
   </div>
   <div class='ocr_carea' id='block_1_18' title="bbox 177 3786 1463 3965">
    <p class='ocr_par' dir='ltr' id='par_1_19' title="bbox 177 3786 1463 3965">
     <span class='ocr_line' id='line_1_29' title="bbox 177 3786 747 3855; baseline -0.004 -3"><span class='ocrx_word' id='word_1_206' title='bbox 177 3809 256 3855; x_wconf 81' lang='lat' dir='ltr'>cretis.</span> <span class='ocrx_word' id='word_1_207' title='bbox 354 3786 580 3852; x_wconf 86' lang='lat' dir='ltr'>ostentatione</span> <span class='ocrx_word' id='word_1_208' title='bbox 594 3787 747 3851; x_wconf 89' lang='lat' dir='ltr'>decretis.</span> 
     </span>
     <span class='ocr_line' id='line_1_30' title="bbox 208 3886 1463 3965; baseline -0.006 -8"><span class='ocrx_word' id='word_1_209' title='bbox 208 3921 258 3965; x_wconf 59' lang='lat' dir='ltr'>Ha,</span> <span class='ocrx_word' id='word_1_210' title='bbox 281 3924 329 3964; x_wconf 54' lang='lat' dir='ltr'>aa.</span> <span class='ocrx_word' id='word_1_211' title='bbox 400 3891 464 3954; x_wconf 91' lang='lat' dir='ltr'>His</span> <span class='ocrx_word' id='word_1_212' title='bbox 490 3892 533 3955; x_wconf 86' lang='lat' dir='ltr'>de</span> <span class='ocrx_word' id='word_1_213' title='bbox 566 3891 691 3954; x_wconf 89' lang='lat' dir='ltr'>caussis</span> <span class='ocrx_word' id='word_1_214' title='bbox 727 3889 910 3954; x_wconf 88' lang='lat' dir='ltr'>catholicos</span> <span class='ocrx_word' id='word_1_215' title='bbox 943 3909 988 3953; x_wconf 88' lang='lat' dir='ltr'>ex</span> <span class='ocrx_word' id='word_1_216' title='bbox 1021 3888 1177 3953; x_wconf 89' lang='lat' dir='ltr'>omnibus</span> <span class='ocrx_word' id='word_1_217' title='bbox 1204 3887 1300 3951; x_wconf 90' lang='lat' dir='ltr'>terris</span> <span class='ocrx_word' id='word_1_218' title='bbox 1326 3886 1463 3951; x_wconf 88' lang='lat' dir='ltr'>assidua</span> 
     </span>
    </p>
   </div>
   <div class='ocr_carea' id='block_1_19' title="bbox 178 3985 1462 4084">
    <p class='ocr_par' dir='ltr' id='par_1_20' title="bbox 178 3985 1462 4084">
     <span class='ocr_line' id='line_1_31' title="bbox 178 3985 1462 4084; baseline -0.009 -17"><span class='ocrx_word' id='word_1_219' title='bbox 178 3985 330 4084; x_wconf 64' lang='lat'>³²⁴,⁵„„{,‘,2‘,&#39;&#39;&#39;</span> <span class='ocrx_word' id='word_1_220' title='bbox 354 3998 520 4081; x_wconf 85' lang='lat' dir='ltr'>quaedam</span> <span class='ocrx_word' id='word_1_221' title='bbox 545 4006 646 4074; x_wconf 91' lang='lat' dir='ltr'>tenet,</span> <span class='ocrx_word' id='word_1_222' title='bbox 672 3997 764 4062; x_wconf 91' lang='lat' dir='ltr'>velut</span> <span class='ocrx_word' id='word_1_223' title='bbox 789 3995 900 4061; x_wconf 85' lang='lat' dir='ltr'>fixa</span> <span class='ocrx_word' id='word_1_224' title='bbox 890 4016 923 4060; x_wconf 91' lang='lat' dir='ltr'>1n</span> <span class='ocrx_word' id='word_1_225' title='bbox 949 4007 1094 4079; x_wconf 90' lang='lat' dir='ltr'>pectore,</span> <span class='ocrx_word' id='word_1_226' title='bbox 1118 3993 1316 4058; x_wconf 91' lang='lat' dir='ltr'>sollicitudo.</span> <span class='ocrx_word' id='word_1_227' title='bbox 1341 3994 1462 4076; x_wconf 86' lang='lat' dir='ltr'>Neque</span> 
     </span>
    </p>
   </div>
   <div class='ocr_carea' id='block_1_20' title="bbox 179 4096 1461 4216">
    <p class='ocr_par' dir='ltr' id='par_1_21' title="bbox 179 4096 1461 4216">
     <span class='ocr_line' id='line_1_32' title="bbox 179 4096 1461 4216; baseline 0 -54"><span class='ocrx_word' id='word_1_228' title='bbox 179 4101 331 4216; x_wconf 55' lang='lat' dir='ltr'>&#39;l‘sspffl</span> <span class='ocrx_word' id='word_1_229' title='bbox 355 4103 444 4166; x_wconf 89' lang='lat' dir='ltr'>enim</span> <span class='ocrx_word' id='word_1_230' title='bbox 468 4111 609 4185; x_wconf 90' lang='lat' dir='ltr'>possunt</span> <span class='ocrx_word' id='word_1_231' title='bbox 636 4111 694 4165; x_wconf 87' lang='lat' dir='ltr'>aut</span> <span class='ocrx_word' id='word_1_232' title='bbox 721 4100 805 4164; x_wconf 88' lang='lat' dir='ltr'>ferre</span> <span class='ocrx_word' id='word_1_233' title='bbox 828 4100 946 4164; x_wconf 82' lang='lat' dir='ltr'>leviter</span> <span class='ocrx_word' id='word_1_234' title='bbox 968 4099 1116 4182; x_wconf 89' lang='lat' dir='ltr'>parentis</span> <span class='ocrx_word' id='word_1_235' title='bbox 1142 4096 1268 4180; x_wconf 89' lang='lat' dir='ltr'>publici</span> <span class='ocrx_word' id='word_1_236' title='bbox 1284 4097 1461 4180; x_wconf 85' lang='lat' dir='ltr'>indignam</span> 
     </span>
    </p>
   </div>
   <div class='ocr_carea' id='block_1_21' title="bbox 191 4199 1461 4286">
    <p class='ocr_par' dir='ltr' id='par_1_22' title="bbox 191 4199 1461 4286">
     <span class='ocr_line' id='line_1_33' title="bbox 191 4199 1461 4286; baseline -0.003 -18"><span class='ocrx_word' id='word_1_237' title='bbox 191 4218 316 4286; x_wconf 58' lang='lat' dir='ltr'>catholicus</span> <span class='ocrx_word' id='word_1_238' title='bbox 355 4205 593 4282; x_wconf 91' lang='lat' dir='ltr'>conditionem,</span> <span class='ocrx_word' id='word_1_239' title='bbox 627 4215 686 4268; x_wconf 90' lang='lat' dir='ltr'>aut</span> <span class='ocrx_word' id='word_1_240' title='bbox 721 4203 909 4268; x_wconf 86' lang='lat' dir='ltr'>libertatern</span> <span class='ocrx_word' id='word_1_241' title='bbox 935 4203 1164 4286; x_wconf 88' lang='lat' dir='ltr'>augustissimi</span> <span class='ocrx_word' id='word_1_242' title='bbox 1194 4199 1369 4264; x_wconf 90' lang='lat' dir='ltr'>ministerii</span> <span class='ocrx_word' id='word_1_243' title='bbox 1392 4220 1461 4264; x_wconf 90' lang='lat' dir='ltr'>non</span> 
     </span>
    </p>
   </div>
   <div class='ocr_carea' id='block_1_22' title="bbox 195 4275 1462 4390">
    <p class='ocr_par' dir='ltr' id='par_1_23' title="bbox 195 4275 1462 4390">
     <span class='ocr_line' id='line_1_34' title="bbox 195 4275 1462 4390; baseline -0.011 -8"><span class='ocrx_word' id='word_1_244' title='bbox 195 4275 311 4382; x_wconf 55' lang='lat' dir='ltr'>illillil.</span> <span class='ocrx_word' id='word_1_245' title='bbox 355 4328 469 4373; x_wconf 86' lang='lat' dir='ltr'>curare</span> <span class='ocrx_word' id='word_1_246' title='bbox 491 4309 526 4370; x_wconf 93' lang='lat' dir='ltr'>in</span> <span class='ocrx_word' id='word_1_247' title='bbox 552 4307 722 4390; x_wconf 92' lang='lat' dir='ltr'>Episcopo</span> <span class='ocrx_word' id='word_1_248' title='bbox 747 4308 935 4372; x_wconf 88' lang='lat' dir='ltr'>animarum</span> <span class='ocrx_word' id='word_1_249' title='bbox 963 4326 1171 4372; x_wconf 86' lang='lat' dir='ltr'>suarum—</span> <span class='ocrx_word' id='word_1_250' title='bbox 1189 4304 1362 4372; x_wconf 89' lang='lat' dir='ltr'>Consolari</span> <span class='ocrx_word' id='word_1_251' title='bbox 1386 4303 1462 4368; x_wconf 91' lang='lat' dir='ltr'>Nos</span> 
     </span>
    </p>
   </div>
   <div class='ocr_carea' id='block_1_23' title="bbox 354 4407 1462 4498">
    <p class='ocr_par' dir='ltr' id='par_1_24' title="bbox 354 4407 1462 4498">
     <span class='ocr_line' id='line_1_35' title="bbox 354 4407 1462 4498; baseline -0.004 -20"><span class='ocrx_word' id='word_1_252' title='bbox 354 4417 479 4498; x_wconf 87' lang='lat' dir='ltr'>pietate</span> <span class='ocrx_word' id='word_1_253' title='bbox 495 4411 637 4475; x_wconf 89' lang='lat' dir='ltr'>mirabili</span> <span class='ocrx_word' id='word_1_254' title='bbox 655 4411 872 4496; x_wconf 89' lang='lat' dir='ltr'>maximoque</span> <span class='ocrx_word' id='word_1_255' title='bbox 888 4411 1000 4478; x_wconf 92' lang='lat' dir='ltr'>studio</span> <span class='ocrx_word' id='word_1_256' title='bbox 1017 4429 1199 4494; x_wconf 86' lang='lat' dir='ltr'>numquam</span> <span class='ocrx_word' id='word_1_257' title='bbox 1216 4407 1462 4474; x_wconf 89' lang='lat' dir='ltr'>intermittunt:</span> 
     </span>
    </p>
   </div>
   <div class='ocr_carea' id='block_1_24' title="bbox 1427 512 1430 1156">
    <p class='ocr_par' dir='ltr' id='par_1_25' title="bbox 1427 512 1430 1156">
     <span class='ocr_line' id='line_1_36' title="bbox 1427 512 1430 1156; baseline 0 0"><span class='ocrx_word' id='word_1_258' title='bbox 1427 512 1430 1156; x_wconf 95' lang='lat' dir='ltr'> </span> 
     </span>
    </p>
   </div>
   <div class='ocr_carea' id='block_1_25' title="bbox 0 0 1683 4868">
    <p class='ocr_par' dir='ltr' id='par_1_26' title="bbox 0 0 1683 4868">
     <span class='ocr_line' id='line_1_37' title="bbox 0 0 1683 4868; baseline 0 0"><span class='ocrx_word' id='word_1_259' title='bbox 0 0 1683 4868; x_wconf 95' lang='lat' dir='ltr'> </span> 
     </span>
    </p>
   </div>
  </div>
 </body>
</html>
