3140 4866
444 363 515 458 284
794 388 914 440 runcx
941 389 1189 446 sustineus.

475 613 527 666 22.
544 613 754 668 morona
768 619 810 669 ad
832 619 1040 671 cardinalem
1055 621 1227 685 Mennim,
1246 539 1476 684 archiepiscop*

438 713 521 766 pum
536 701 919 756 westmonasteriensem
932 707 972 756 de
985 709 1085 758 rebus
1098 707 1255 760 Hibernis
1273 713 1306 760 et
1318 709 1443 760 llelltsn·

437 789 832 854 rinus-tsept.1soo.
1425 803 1482 845 ..ἰ

546 891 675 950 Pontifex
688 911 739 965 pro
761 894 886 966 acceptis
906 895 1007 951 litteris
1028 897 1134 964 gnum
1155 897 1214 966 egit
1228 909 1276 963 74.
1288 926 1322 936 -
1340 895 1445 966 Queritrr

510 971 633 1028 Romani
660 973 805 1030 Pontificis
827 984 894 1030 acta
914 975 951 1030 ab
974 973 1095 1030 inimicis
1120 975 1149 1029 in
1173 975 1345 1032 deteriorem
1362 983 1445 1046 partem

509 1063 627 1123 accepta
640 1067 681 1120 74.
696 1083 731 1094 -
744 1053 854 1110 Recolit
867 1053 976 1125 quidet
988 1070 1045 1126 quo
1065 1053 1162 1108 animo
1175 1053 1203 1108 in
1226 1057 1313 1110 rebus
1327 1053 1445 1110 Hibernis

509 1146 599 1198 nuper
611 1131 701 1202 egerit
714 1145 794 1198 74-
805 1133 878 1187 ltem
886 1133 984 1188 recolit
996 1131 1109 1202 qualem
1122 1132 1157 1187 de
1170 1134 1256 1188 rebus
1272 1133 1444 1188 Melitensibus

509 1225 574 1264 curn
594 1211 748 1266 Britanniae
771 1211 881 1280 Regina
902 1212 1120 1268 conventionem
1140 1211 1234 1268 inierit
1258 1225 1302 1282 75.
1323 1243 1356 1252 —
1376 1213 1446 1280 Qum

508 1288 657 1360 opiniones
670 1291 750 1346 falsae
762 1291 798 1346 de
821 1292 952 1346 Romano
967 1291 1113 1352 Pontifice.
1126 1292 1294 1348 stimulante
1306 1292 1378 1360 odio,
1388 1303 1445 1346 tem-

508 1383 557 1423 cee
578 1367 644 1430 sint.
657 1368 817 1440 prudentias
837 1379 866 1425 et
887 1369 989 1438 gratiae
1010 1369 1171 1426 Cardinalis
1183 1371 1314 1440 confidit,
1326 1381 1355 1427 ut
1366 1369 1446 1426 veritas

508 1463 575 1502 mox
587 1459 701 1520 superet
712 1449 872 1505 calumnias
885 1461 926 1520 75.

474 1545 527 1600 23.
561 1549 766 1600 LITTERAE
787 1549 1044 1603 atterentem
1068 1549 1111 1602 ed
1131 1550 1317 1617 Episcopus.
1337 1551 1446 1606 clerum

438 1637 600 1700 populum
626 1637 740 1688 ltslloe.
769 1637 817 1688 De
842 1639 926 1688 bello
951 1639 1103 1690 Eooleslre
1127 1639 1162 1689 ln
1185 1639 1287 1690 ltnlls
1311 1641 1443 1690 tltxto.-
1530 1701 1531 1714 χ

438 1723 476 1774 lo
488 1723 606 1774 octobr.
623 1725 753 1777 1090..
948 1765 977 1778 ...

543 1803 590 1857 Ad
614 1805 718 1860 Sedem
743 1763 907 1876 Am...
866 1819 991 1868 evectus,
1007 1765 1136 1860 Pontifex
1159 1763 1261 1861 dolet„
1260 1823 1321 1861 non
1305 1763 1447 1878 proprios

506 1880 627 1952 labores,
641 1883 693 1938 sed
712 1883 823 1939 ruinam
845 1883 909 1939 fidei
935 1885 1025 1939 ltaliae
1045 1884 1225 1940 minitantem
1243 1897 1289 1950 77.
1312 1915 1347 1926 -
1366 1887 1447 1938 ltenn

507 1975 607 2016 vocem
626 1961 738 2032 attollit,
750 1975 780 2018 ut
802 1963 839 2019 de
851 1963 976 2034 periculo
987 1979 1104 2034 gregem
1116 1975 1230 2019 moneat
1244 1977 1288 2033 77.
1304 1995 1339 2006 -
1351 1965 1374 2018 E
1385 1961 1447 2016 fartis

507 2055 565 2094 non
588 2041 669 2096 novis
694 2041 745 2096 sed
758 2043 858 2098 ordine
880 2043 1025 2112 congestis
1044 2059 1161 2114 scopum
1181 2043 1311 2099 hostium
1333 2039 1448 2098 Ecclesiae

506 2129 593 2182 eruet
617 2121 775 2190 praesertim
788 2133 929 2178 sectarum
951 2122 1176 2177 massonicnrum
1189 2121 1232 2189 78Ί
1251 2151 1291 2162 -
1312 2121 1447 2189 Principttt

506 2197 581 2254 civili
595 2199 763 2256 Pontificum
777 2202 891 2268 violato,
900 2202 929 2256 in
937 2201 1053 2257 ordines
1066 2201 1213 2270 religiosos
1223 2202 1367 2266 saevitum;
1377 2201 1448 2256 elenu

508 2277 622 2332 militari
630 2277 744 2350 cingulo
751 2279 903 2336 adstrictus
917 2281 1134 2351 matrimonium
1143 2281 1368 2338 ecclesiasticum
1377 2280 1448 2345 direp

508 2367 589 2423 tum;
609 2357 707 2428 religio
728 2375 746 2414 a
768 2359 881 2429 publica
901 2360 959 2415 vita
978 2361 1064 2428 exsul,
1087 2359 1115 2414 in
1129 2360 1239 2431 privata
1258 2361 1448 2426 frustreturper

508 2531 568 2570 rern
582 2516 671 2586 78-75ι
685 2547 719 2556 -
740 2517 854 2572 Securis
874 2517 911 2572 ad
933 2517 1059 2574 radicem
1081 2518 1169 2573 missa
1179 2533 1222 2588 79.
1235 2548 1272 2558 -
1286 2521 1357 2590 Quae
1373 2513 1448 2570 omnis

506 2609 562 2648 non
576 2595 641 2650 ideo
657 2597 751 2652 minus
761 2597 862 2652 odiosa
875 2597 942 2668 quia
954 2597 1017 2652 aliis
1031 2598 1059 2652 in
1072 2599 1236 2654 nationibus
1249 2600 1369 2654 saeviunt
1380 2597 1448 2649 Sn-

506 2673 616 2730 Nullibi
634 2686 694 2731 tam
715 2679 817 2732 acriter
836 2687 969 2748 urgentur
985 2693 1072 2748 quarn
1094 2677 1122 2732 in
1142 2694 1217 2732 nova
1232 2678 1327 2740 ltalia,
1341 2673 1446 2731 mimulos

505 2765 608 2822 agente
620 2767 698 2810 secta
710 2757 889 2812 tenebricosa
897 2757 977 2810 80.-
986 2757 1088 2812 Testes
1098 2757 1155 2812 sint
1163 2775 1254 2812 novus
1263 2757 1355 2812 codex
1365 2757 1446 2824 legun

505 2832 549 2886 lex
573 2833 609 2889 de
634 2837 767 2906 operibus
790 2837 854 2928 piis,
879 2833 992 2906 signum
1017 2846 1157 2907 apostatae
1181 2837 1324 2908 flagitiose
1336 2847 1447 2890 uectum

505 2913 596 2968 oratio
616 2932 705 2986 nuper
719 2933 736 2970 a
757 2917 887 2988 principe
907 2915 1127 2986 gubernantium
1141 2917 1254 2988 publice
1266 2917 1365 2972 habite
1377 2913 1447 2969 ioll-

505 3021 538 3030 -
552 2993 596 3046 Ex
608 2994 653 3048 hts
666 3012 731 3065 quae
750 2997 810 3066 jam
832 3005 995 3068 perpetrata
1017 3007 1091 3064 sunt,
1113 2997 1179 3052 licet
1201 2996 1345 3066 conjicere
1361 3001 1447 3076 quante

503 3073 580 3128 mala
593 3073 687 3128 adhuc
702 3073 793 3129 ltaliae
805 3084 914 3130 asceta
927 3073 1094 3130 immineant
1108 3075 1199 3129 81.-
1211 3074 1345 3130 Citantur
1360 3083 1416 3128 vote
1426 3067 1446 3120 ιι

503 3151 673 3206 massonicis
694 3153 882 3208 conventibus
902 3155 1008 3208 emissa
1028 3153 1126 3207 81.-
1148 3153 1220 3208 llaec
1239 3171 1300 3208 non
1313 3154 1397 3208 celare
1408 3145 1446 3202 sed

503 3241 618 3285 strenue
630 3231 776 3302 deprecari
791 3231 917 3286 Pastoris
930 3241 973 3286 est
986 3233 1029 3286 82.
1042 3261 1077 3270 -
1091 3231 1274 3287 solemnibus
1288 3231 1378 3286 verbis
1390 3228 1445 3281 Pon·

503 3308 570 3364 tifex
583 3321 683 3364 contra
696 3319 775 3364 tanta
796 3311 905 3364 scelera
925 3321 1098 3380 protestatur
1110 3311 1151 3366 82.
1165 3339 1200 3350 -
1214 3311 1279 3365 Deo
1299 3311 1365 3364 fisus
1376 3309 1446 3362 bono

504 3405 565 3442 rum
589 3389 679 3442 zelum
704 3387 831 3442 stimulat
856 3390 893 3443 ad
918 3389 1015 3444 omnia
1039 3389 1135 3444 media
1159 3399 1259 3444 contra
1285 3398 1444 3445 communen

503 3465 615 3520 hostem
640 3465 805 3521 adhibenda
829 3467 920 3534 83.-
944 3468 1068 3538 Populus
1093 3467 1162 3522 de
1155 3467 1315 3522 imminenti
1339 3461 1445 3538 periculo

503 3545 621 3600 sedulo'
615 3557 778 3615 insinutur,
791 3555 822 3601 ut
844 3564 895 3617 pro
916 3547 973 3602 tide
985 3549 1099 3616 timens
1111 3547 1249 3602 fortiter
1242 3542 1444 3624 impiisresistal
1528 3605 1529 3620 ¹

502 3625 593 3692 8.—3
617 3625 742 3680 Prodant
760 3625 909 3681 credentes
931 3627 1064 3681 virtutem
1085 3624 1262 3682 conscientia
1281 3623 1367 3680 debiti
1386 3615 1443 3674 sacti

501 3715 593 3758 ortam
607 3706 697 3770 84-
711 3705 877 3760 Pastoribus
890 3705 969 3772 uniti,
988 3715 1138 3776 segregent
1151 3721 1182 3760 se
1204 3721 1320 3794 prorsus
1337 3720 1355 3757 a
1366 3699 1444 3758 sectis,

500 3783 633 3853 operibus
646 3784 729 3839 bonis
739 3785 834 3839 devoti
845 3787 924 3851 84-
933 3785 1180 3854 Ephemeridibus,
1191 3800 1341 3854 omnisque
1349 3791 1443 3851 genero

499 3861 622 3933 scriptis,
636 3863 724 3934 impia
737 3863 843 3934 scripta
856 3863 1015 3918 obtundant
1026 3865 1105 3930 84-
1114 3863 1229 3919 Litteris
1237 3875 1343 3917 nostris
1351 3853 1442 3918 imbuti,

499 3943 591 3997 sciant
605 3943 713 4013 aliquid
735 3961 787 4014 pro
808 3944 924 3998 nomine
947 3942 1052 3998 Christi
1066 3943 1188 3999 tolerare
1201 3943 1289 4008 84.—
1303 3933 1441 4008 Religionis

498 4019 630 4086 inimica,
644 4038 688 4076 res
705 4023 796 4078 ltaliae
806 4023 883 4078 bono
896 4021 993 4076 sociali
1007 4031 1035 4076 et
1048 4023 1164 4092 politico
1177 4038 1260 4092 aeque
1273 4020 1441 4074 adversentur

499 4103 589 4168 85-
613 4100 760 4156 imminuti
780 4116 883 4168 mores,
903 4098 974 4154 ordo
996 4100 1135 4169 turbatus,
1157 4117 1226 4170 opes
1247 4098 1404 4168 dissipatae
1413 4107 1440 4144 ιι

498 4188 584 4234 sectae
597 4179 958 4236 massonicaeineluctabile
970 4195 1042 4248 opus
1056 4179 1146 4248 85-
1160 4181 1268 4242 Status.
1280 4175 1390 4240 familie,
1407 4169 1438 4222 di·

497 4257 583 4326 vitia,
605 4257 667 4312 sine
688 4259 826 4328 religione
846 4258 1002 4314 consistere
1023 4269 1168 4328 nequeunt
1190 4259 1284 4326 85.—
1247 4255 1438 4308 -Bonatun

499 4335 609 4404 privata
630 4347 691 4390 tum
704 4337 818 4407 publica
837 4355 854 4392 a
876 4334 1013 4404 religione
1024 4335 1141 4392 fluentia
1152 4344 1353 4392 enumerantur
1363 4328 1437 4384 86.-

501 4413 657 4482 Religionis
675 4417 854 4486 naufragium
873 4415 1023 4486 dupliciter
1044 4416 1136 4471 ltaliae
1156 4415 1305 4472 exitiosum
1316 4414 1392 4478 foret,
1402 4419 1437 4460 ιιι
1527 4451 1528 4460 .
