3250 4876
199 401 251 452 DE
269 400 491 452 PRAECIPUIS
508 399 644 450 ClVlUM
663 399 982 454 CHRISTIANORUM
1001 401 1173 454 OFFlCllS.
1225 400 1245 472 7

134 583 172 646 in
188 601 287 647 verae
299 579 468 664 religionis
479 580 571 646 cultu
583 581 819 665 constantique
830 590 1084 665 praeceptorum
1095 581 1246 647 christia·
1278 590 1420 681 ma,

132 706 257 750 norum
288 685 442 749 custodia
469 685 620 749 maxime
646 686 862 768 reperiuntur,
894 685 1046 769 quotidie
1076 685 1246 751 obscurari
1312 681 1378 738 ¹⁸⁹²

132 789 313 853 hominum
324 787 494 853 oblivione
505 797 563 852 aut
576 787 711 853 fastidio
726 789 902 866 cernimus,
917 788 964 852 ita
980 787 1048 852 iere
1063 797 1110 867 ut,
1119 797 1247 872 quanto
1274 789 1368 910 affl
1377 803 1427 894 52⁰

133 901 216 957 sunt
230 912 344 956 earum
357 912 465 956 rerum
477 892 682 957 incrementa
692 893 828 970 maiora,
837 911 924 975 quae
933 911 1054 974 corpus
1067 894 1248 975 attingunt,
1273 909 1384 956 scirem
1391 923 1427 954 re.

134 1005 235 1061 tanto
249 1017 374 1073 earum,
389 1017 476 1078 quae
500 997 661 1072 animum,
678 995 784 1061 maior
796 996 949 1060 videatur
968 1016 1114 1061 occasus.
1133 997 1248 1062 Immi-
1274 973 1428 1080 mum}
1469 1057 1474 1070 ,

136 1108 243 1164 nutae
273 1099 523 1182 plurImumque
552 1099 748 1164 debilitatae
786 1097 863 1164 fidei
894 1099 1095 1165 christianae
1126 1121 1250 1183 magna
1275 1087 1422 1206 diffluas?

138 1201 340 1287 significatio
355 1213 405 1267 est
421 1203 455 1266 in
472 1205 511 1266 iis
533 1203 615 1285 ipsis
630 1203 767 1280 iniuriis,
782 1221 868 1286 quae
884 1202 1051 1266 catholico
1067 1203 1194 1268 nomini
1215 1204 1249 1267 in
1275 1205 1420 1253 sollicitudo.

140 1307 331 1390 luceatque
348 1309 381 1371 in
397 1307 503 1371 oculis
519 1307 693 1370 hominum
711 1307 810 1370 nimis
826 1301 928 1390 saepe
942 1305 1130 1372 inseruntur
1144 1333 1151 1373 ι
1167 1327 1250 1392 quas
1284 1375 1289 1385 ,
1307 1315 1367 1385 lere
1389 1314 1429 1384 1123

138 1411 277 1494 quidem
293 1409 418 1476 cultrix
435 1411 606 1493 religionis
620 1419 715 1474 aetas
736 1410 830 1474 nullo
853 1419 954 1493 pacto
970 1411 1110 1478 tulisset.
1125 1449 1169 1462 -
1187 1411 1251 1475 His
1275 1375 1428 1480 ζῖἷῖῗίιίῗὲ

137 1515 185 1578 de
199 1515 326 1578 caussis
343 1515 536 1581 incredibile
551 1513 644 1580 dictu
661 1524 720 1591 est,
736 1526 864 1596 quanta
881 1515 1057 1581 hominum
1071 1515 1253 1581 multitudo
1274 1493 1370 1598 {ff
1400 1494 1431 1538 ¹⁷·

138 1620 176 1683 in
198 1629 353 1684 aeternae
376 1620 494 1684 salutis
509 1619 702 1684 discrimine
717 1630 869 1706 ¹nersetur
882 1644 890 1684 ε
905 1621 965 1686 sed
993 1621 1145 1686 civitates
1160 1621 1254 1704 ipsae
1310 1663 1371 1708 m,
1383 1663 1431 1708 dis,

139 1731 244 1806 atque
259 1723 399 1806 imperia
410 1724 468 1788 diu
485 1721 666 1788 incolumia
678 1741 751 1786 esse
767 1743 834 1788 non
851 1733 1002 1805 possunt,
1016 1723 1095 1807 quia
1112 1721 1255 1788 labenti·
1279 1722 1433 1794 ‘'²2⁹⁸''le-

138 1829 205 1893 bus
235 1827 397 1893 institutis
431 1828 648 1911 moribusque
672 1827 872 1905 christianis,
902 1828 1053 1892 maxima
1084 1827 1254 1892 societatis
1281 1795 1431 1887 rim-⁶²⁸

138 1933 310 1998 humanae
320 1932 540 1996 fundamenta
552 1951 646 1996 ruere
662 1951 797 1996 necesse
809 1941 870 1997 est.
881 1931 1133 2016 Tranquillitati
1143 1932 1255 2016 publi·
1281 1915 1349 2020 W]

138 2055 202 2102 cae
228 2046 331 2120 atque
357 2037 465 2101 ordini
491 2038 618 2102 tuendo
642 2035 714 2099 sola
740 2035 791 2098 vis
821 2034 1040 2118 relinquitur:
1064 2037 1114 2100 vis
1138 2045 1252 2100 autem
1282 2011 1435 2116 d;,f,·”'',„2,{]

138 2142 241 2210 valde
256 2151 308 2206 est
332 2139 474 2218 infirma,
490 2140 657 2223 praesidio
682 2139 852 2222 religionis
878 2141 1031 2204 detracto
1046 2164 1054 2204 z
1068 2141 1255 2224 eademque
1283 2129 1434 2247 ffugdbrfisu‘

141 2247 294 2312 servituti
311 2247 491 2330 patiendae
506 2264 607 2329 quam
620 2244 833 2309 obedientiae
848 2245 966 2327 aptior,
981 2246 1069 2327 gerit
1081 2245 1114 2308 in
1130 2265 1166 2308 se
1182 2245 1256 2327 ipsa
1283 2247 1434 2293 vincumtu-

143 2367 341 2433 magnarum
357 2349 647 2433 perturbationum
670 2347 798 2412 inclusa
823 2348 960 2412 semina.
977 2347 1103 2414 Graves
1127 2369 1257 2413 memo·
1279 2314 1434 2425 Ξαωνῖἶῗῗῖἱ

145 2465 222 2518 ratu
245 2475 339 2520 casus
364 2453 533 2520 saeculum
559 2454 656 2518 tulit:
682 2471 742 2516 nec
768 2452 849 2515 satis
874 2451 979 2533 liquet
1003 2471 1084 2515 num
1102 2471 1168 2516 non
1185 2452 1253 2516 sint
1282 2439 1358 2530 ζζζῖζ
1394 2425 1432 2470 ‘²⁰'

144 2557 401 2642 pertimescendi
416 2577 520 2641 pares.
537 2593 581 2607 —
597 2557 718 2639 ltaque
733 2565 867 2638 tempus
890 2555 1000 2637 ipsum
1018 2564 1133 2620 monet
1149 2573 1254 2619 reme·
1300 2593 1389 2651 ΟΜ,
1407 2597 1435 2638 u,

141 2664 210 2742 dia,
226 2667 314 2729 unde
325 2672 469 2747 oportet,
483 2681 662 2745 quaererer
677 2659 833 2725 videlicet
849 2659 1065 2724 christianam
1088 2661 1254 2724 sentiendi
1284 2654 1435 2771 {xmp

139 2768 334 2853 agendique
349 2768 514 2832 rationem
531 2769 563 2830 in
580 2767 649 2830 vita
665 2765 804 2848 privata,
826 2766 859 2828 in
875 2763 1032 2828 omuibus
1056 2764 1257 2848 reipublicae
1284 2777 1342 2817 vara
1358 2772 1433 2842 lurra.

139 2872 305 2957 partibus,
319 2873 514 2936 restituere:
529 2870 621 2955 quod
638 2880 690 2934 est
706 2888 810 2932 unum
827 2869 870 2931 ad
887 2866 1044 2951 pellenda
1060 2869 1158 2948 mala,
1167 2890 1255 2953 quae
1283 2836 1380 2937 mm
1390 2837 1437 2935 pff)

140 2987 312 3063 premunt,
332 2978 375 3042 ad
392 2976 601 3061 prohibenda
625 2974 782 3058 pericula,
797 2991 885 3059 quae
901 2973 1107 3057 impendent,
1122 2975 1254 3058 aptissi-
1283 2951 1435 3055 mmm,
1477 2993 1481 3002 ’

145 3103 247 3148 suurn.
267 3083 306 3146 ln
323 3082 357 3146 id
383 3101 454 3160 nos,
472 3081 692 3146 Venerabiles
719 3079 861 3155 Fratres,
877 3079 1070 3143 incumbere
1095 3099 1179 3161 opus
1195 3087 1258 3159 est,
1279 3069 1410 3129 pientiam,

145 3185 182 3249 id
197 3186 349 3250 maxima
364 3203 432 3268 qua
452 3203 630 3268 possumus
646 3182 862 3248 contentione
878 3181 1108 3264 industriaque
1123 3183 1258 3246 conari:
1283 3229 1322 3274 „s
1331 3229 1435 3274 mm,

146 3289 285 3372 eiusque
312 3291 357 3353 rei
383 3292 508 3367 caussa,
533 3308 737 3372 quamquam
769 3288 844 3351 aliis
872 3286 962 3364 locis,
993 3293 1030 3351 ut
1060 3305 1133 3350 sese
1162 3285 1258 3350 dedit
1283 3287 1436 3394 Poprssqlos-

144 3395 391 3479 opportunitas,
416 3394 538 3459 similia
564 3393 774 3470 tradidimus,
806 3391 888 3457 utile
913 3401 1027 3455 tamen
1059 3391 1259 3455 arbitramur
1276 3349 1388 3454 {⁶:022
1404 3365 1435 3394 ’θ’

143 3479 262 3563 ess'ein
279 3498 331 3561 his
349 3497 486 3563 Litteris
501 3497 609 3580 magis
625 3496 798 3562 enucleate
813 3493 925 3560 officia
942 3493 1128 3559 describere
1143 3491 1257 3557 catho·
1284 3469 1412 3576 ζ’,ξῇξῗξξῖ

142 3603 308 3668 licorum:
331 3622 418 3685 quae
437 3599 556 3679 officia,
577 3601 604 3664 si
629 3611 783 3664 accurate
802 3609 984 3675 serventur,
1004 3596 1200 3662 mirabiliter
1215 3597 1258 3660 ad

143 3725 258 3771 rerum
279 3706 509 3770 communium
526 3705 668 3769 salutem
684 3703 807 3768 valent.
825 3703 1010 3766 Incidimus
1031 3701 1063 3765 in
1081 3699 1259 3764 vehemen-

144 3824 218 3878 tem
235 3829 377 3894 eamque
392 3829 497 3892 prope
512 3809 744 3893 quotidianam
761 3808 804 3872 de
820 3806 919 3871 rebus
939 3805 1097 3870 maximis
1119 3805 1258 3871 dimica·

144 3915 300 3982 tionem:
318 3914 352 3977 ἰη
367 3933 435 3997 qua
449 3911 682 3978 difficillimum
704 3921 755 3976 est
772 3931 839 3975 non
855 3910 964 3993 decipi
982 3909 1172 3993 aliquando¹
1189 3930 1257 3975 non

145 4038 268 4096 errare,
283 4038 350 4083 non
367 4019 481 4081 animo
497 4017 621 4082 multos
642 4016 868 4081 succumbere.
890 4015 1052 4078 Nostrum
1069 4022 1129 4086 est,
1148 4014 1261 4079 Vene-

147 4123 271 4188 rabiles
292 4123 435 4200 Fratres,
455 4123 637 4186 admonere
659 4140 838 4204 quemque,
852 4120 981 4196 docere,
997 4119 1167 4184 adh'ortari
1182 4139 1261 4183 con·

147 4229 322 4294 venienter
333 4227 486 4310 tempori,
501 4237 538 4291 ut
548 4225 639 4290 viam
651 4226 804 4289 veritatis
819 4245 910 4287 nemo
924 4223 1058 4288 deserat.

197 4331 282 4396 Esse
298 4331 332 4394 in
353 4351 414 4396 usu
435 4331 525 4395 vitae
549 4330 645 4414 plura
668 4350 707 4394 ac
733 4329 860 4393 maiora
886 4327 1126 4392 catholicorum
1142 4325 1262 4406 officia,
1362 4350 1364 4354 ¹

152 4457 255 4522 quam
266 4421 449 4520 eorum'qui
462 4435 530 4500 sint
539 4434 615 4500 fidei
626 4434 812 4498 catholicae
821 4443 880 4498 aut
890 4451 1064 4516 perperam
1077 4441 1261 4515 compotes,
