813 1219
79 323 229 418 fflICUT
245 325 333 343 acceptum
349 322 424 338 studium
440 322 530 339 habuimus
545 328 579 344 quo
594 324 623 340 No

110 352 133 389 S
150 340 154 397 ἰ
181 350 259 366 certiores
267 349 320 380 fecisti
329 353 387 379 mense
393 348 486 364 Novembri
492 349 581 380 superioris
591 355 624 380 ann

181 377 203 393 de
216 375 306 397 postulatis
316 378 350 392 turs
357 375 462 396 aliorumque
471 376 551 392 Bavariae
560 377 624 393 Antisti

182 405 218 419 tum
231 402 252 418 ad
267 401 338 423 Regiam
347 401 470 418 Celsitudinem
484 402 594 423 Luitpoldum
607 408 624 419 re

79 435 129 451 gnum
137 429 182 445 istud
195 431 286 449 regentem,
294 430 312 444 ut
325 428 383 448 gravia
395 430 513 445 removeantur
524 429 624 445 incommod.

79 456 137 477 quibus
145 455 183 471 istic
192 454 268 470 Ecclesia
276 453 352 473 afficitur,
360 454 384 470 ita
392 456 409 469 et
416 459 473 470 curam
482 454 590 475 probavimus
598 460 608 471 a
616 457 623 471 t

79 487 129 502 nuper
137 480 231 497 adhibitam
240 482 258 496 ut
267 480 315 496 nobis
323 479 411 500 exemplar
418 479 508 496 afferretur
513 481 593 504 rescripti,
598 486 624 501 qu

80 508 140 528 Regius
155 506 261 523 Administer
276 505 349 526 negotiis
364 505 481 522 ecclesiasticis
496 508 513 522 et
528 506 624 523 scholastici

78 533 175 555 praefectus,
187 532 257 548 nomine
270 531 352 552 Principis
366 526 477 551 Se'renissimi¹
490 532 578 553 respondit
590 532 624 553 peti

78 560 150 576 tionibus
164 558 223 574 vestris
237 558 258 573 ad
267 557 311 573 Eum
325 557 390 573 delatis.
398 566 420 569 —-
428 557 453 573 At
465 563 505 574 vero
515 558 607 574 dolendum
616 563 624 574 e

78 584 204 606 responsionem
218 583 264 599 illam
273 583 340 599 Nostris
353 583 446 604 vestrisque
459 584 522 604 optatis
534 584 624 605 neutiquam

78 615 172 632 congruere.
181 609 227 626 Nam
235 609 274 625 licet
282 609 346 630 Regius
355 609 461 625 Administer
471 610 488 625 iu
501 610 591 631 scriptione
603 615 622 626 su

78 636 203 659 perhumaniter
221 635 308 651 vobiscum
326 635 383 656 egerit,
398 635 480 656 vobisque
500 636 516 652 iu
531 636 624 657 quibusdam

78 667 155 679 assensus
169 666 233 677 morem
246 661 290 677 ultro
302 663 388 681 gesturum
401 661 516 682 spoponderit,
528 662 584 682 quoad
598 662 624 678 eiu

79 689 111 705 fieri
127 687 194 709 poterit,
207 687 224 703 in
238 686 313 708 pluribus
328 689 391 706 tamen,
405 687 458 708 iisque
473 688 575 708 gravissimis
590 693 624 709 qua

77 715 129 736 petita
135 714 203 730 fuerunt
211 713 237 729 vel
244 713 361 729 adsensionem
367 713 448 733 cohibuit,
454 713 480 729 vel
486 714 561 730 animum
567 719 624 735 prorsu

77 742 98 757 ab
111 741 131 757 iis
144 740 218 756 alienum
230 739 308 755 ostendit.
322 739 360 755 Imo
373 739 389 755 in
403 744 424 755 eo
437 739 539 756 documento
551 740 624 761 quaedar

78 767 183 788 proferuntur
191 770 234 786 quae
242 770 280 781 cum
286 765 370 781 catholica
376 765 453 781 doctrina
457 766 536 786 componi
545 771 621 787 nequeun

78 793 102 809 vel
118 791 201 813 principia
216 793 317 812 oppugnant
332 790 443 810 sanctissima,
458 796 502 812 quae
517 794 553 807 rata
568 797 624 813 sempe

77 818 135 835 habuit
144 817 220 834 Ecclesia
228 817 250 833 de
258 817 320 833 mutuis
328 822 385 833 sacrae
391 820 408 833 et
415 817 469 833 civilis
475 819 563 838 potestatis
571 818 624 834 iuribu

78 848 94 861 et
105 844 171 861 officiis.
180 843 219 859 Non
228 845 254 859 est
262 843 307 859 enim
315 843 436 864 ambigendum
449 844 490 864 quin
504 844 571 860 decreta
586 845 624 865 Ape

78 870 146 886 stolicae
154 869 203 886 Sedis
212 869 237 885 vel
246 868 371 885 Oecumenieae
379 869 450 889 Synodi,
457 869 473 885 in
480 869 500 885 iis
508 870 583 886 maxime
591 875 624 891 qua

78 897 98 913 ad
104 896 155 913 fldem
164 898 246 916 spectant,
251 897 311 915 suapte
320 897 379 911 natura
387 898 404 911 et
412 895 428 911 vi
436 900 496 911 omnes
503 896 525 911 ad
534 896 624 917 obsequiur

78 923 184 942 adstringant
192 921 220 942 qui
228 921 320 937 christiano
327 921 395 937 nomine
402 923 496 940 censentur,
502 927 533 938 net
541 922 624 942 quidquar

78 948 142 964 detrahi
150 948 172 964 de
180 951 237 963 eorum
246 949 330 967 potestate
338 947 351 962 si
360 947 406 967 regio
413 947 475 968 placito
481 947 542 964 fuerint
548 948 624 964 destituta

78 983 99 986 —
112 973 193 990 Divinum
206 973 251 989 enim
265 973 385 993 magisterium,
397 973 444 993 quod
458 978 468 989 a
480 973 548 990 Christo
559 973 622 990 Domin

78 1000 158 1016 traditum
172 999 203 1016 suit
213 998 302 1018 Ecclesiae¹
309 999 405 1015 sanctiones
418 999 454 1015 eius
465 999 486 1015 de
494 999 527 1015 fide
535 1001 552 1016 et
560 999 624 1015 moribu

78 1026 162 1042 immunes
169 1025 209 1041 facit
217 1031 227 1041 a
235 1030 305 1041 censura
313 1027 330 1041 et
338 1027 423 1045 potestate
429 1030 487 1041 eorum
494 1026 523 1046 qui
529 1026 552 1041 rei
557 1026 624 1046 publica

79 1054 158 1072 praesunt
170 1051 318 1068 administrandae.
326 1051 344 1067 Si
357 1056 405 1067 secus
419 1054 467 1071 esset,
475 1057 495 1067 ea
504 1051 542 1068 fidei
553 1052 623 1073 dogmat

79 1077 105 1093 vel
117 1080 207 1098 praecepta
220 1082 290 1096 morum,
300 1082 344 1097 quae
358 1079 439 1097 perpetuo
452 1082 492 1093 vera
504 1080 521 1093 et
533 1077 577 1094 iusta
590 1083 621 1093 sun

80 1103 167 1119 mutabilia
175 1103 233 1119 fierent
245 1108 268 1119 ex
276 1103 341 1119 diverso
350 1103 468 1123 imperantium
477 1103 545 1124 ingenio
552 1108 583 1124 pro
592 1106 624 1120 tem

124 1137 162 1148 exc-n
169 1137 219 1148 Lamus
226 1137 261 1149 xm,
539 1138 562 1149 m.
569 1144 583 1146 —
590 1138 606 1149 16.
