3140 4866
786 410 1157 585 EPISTotn

582 658 630 718 ad
654 660 835 720 Ioannem
858 661 1066 735 Baptistam
1090 663 1311 740 Paganuzzl,
1478 624 1482 633 ἢ

402 660 429 903 ἐξ
480 799 693 874 praesidem
714 801 917 862 comitatus
941 805 1128 876 generalis
1153 736 1481 878 ιιιιιιιιιιιιοιιῑιεῖῗ·1
1543 829 1544 878 l

538 952 870 1026 p¹⁸⁸¹⁰1³0⁵¹¹¹090rl
893 957 1153 1012 conventuum
1176 953 1349 1016 virorum
1461 940 1481 1013 i:

406 1181 427 1197 Α
704 1101 979 1163 catholicorum
1001 1103 1040 1160 tn
1064 1103 1183 1163 Italia.
1459 1180 1472 1205 .-

453 1251 519 1310 ιιιι
541 1250 805 1314 rusmruro
827 1249 1171 1313 convnuruun
1192 1253 1434 1316 ermom·
1458 1204 1479 1317 {2

399 1358 427 1397 '²
714 1399 890 1463 conum
913 1401 968 1462 ιιι
998 1401 1172 1462 mnus,

221 1723 355 1806 wilm
583 1699 767 1768 lRlFICE
791 1700 864 1766 Nos
879 1699 1060 1766 delectavit
1088 1699 1253 1782 perlatum
1287 1700 1398 1767 Nob'u
1414 1723 1483 1768 uun·
1544 1731 1545 1796 ι

255 1815 321 1873 ¹⁸⁹¹·
385 1695 572 2074 {Q}
601 1804 691 1926 cium
707 1806 750 1870 de
767 1825 855 1871 novo
871 1815 1043 1926 conventu
1064 1804 1304 1924 catinolieomm
1332 1825 1379 1926 err
1397 1807 1483 1872 ltalia
1544 1815 1545 1846 ³

248 1925 362 1987 emisa
600 1931 745 1976 virorum
772 1912 967 1994 propediem
999 1909 1176 1974 Vrcenttae
1200 1909 1336 1992 agendo
1368 1932 1402 1974 m
1417 1931 1481 1994 quo,

205 1999 318 2104 prm'ss'e
600 2015 739 2098 perinde
754 2024 856 2099 atque
872 2015 905 2078 in
923 2013 998 2078 aliis
1013 2013 1224 2097 praegressis,
1235 2013 1480 2096 dequaestioni·

208 2104 330 2267 *βιξὲξθω
386 2111 449 2178 bus
442 2125 579 2234 'agetur
592 2117 758 2202 rebusque
773 2118 988 2201 gravissimis,
989 2136 1076 2202 quae
1092 2125 1230 2182 naturae
1245 2117 1410 2182 huiusce
1400 2119 1479 2234 msti-

210 2357 254 2387 m
266 2357 290 2388 u.
384 2331 559 2408 acceptum
576 2325 748 2391 referimus
764 2326 877 2392 studio
893 2325 1068 2409 potissime
1084 2334 1118 2390 et
1130 2323 1302 2389 sedulitati
1314 2324 1479 2388 comitatus

383 2427 549 2508 generalis
558 2429 709 2494 coetibus
724 2429 816 2494 hisce
831 2429 993 2514 cogendis
1008 2427 1157 2508 addicto,
1180 2428 1233 2492 cui
1251 2427 1382 2492 naviter
1396 2427 1479 2510 impi-

383 2549 509 2614 greque
520 2531 705 2615 praesides;
732 2543 834 2616 atque
855 2533 920 2599 hoc
936 2532 1100 2616 imprimis
1116 2529 1207 2594 laudi
1219 2527 1318 2594 vobis
1333 2529 1479 2594 vertimus

383 2634 474 2712 quod
490 2634 690 2702 adnitamini
706 2646 744 2701 ut
755 2639 946 2720 quotannis,
958 2639 1002 2703 ad
1025 2633 1220 2718 exemplum
1246 2632 1388 2698 aliarum
1408 2651 1477 2716 gen·

383 2731 478 2814 tium,
487 2737 652 2806 eiusmodi
662 2750 846 2808 conventus
863 2741 1058 2816 habeantur,
1069 2736 1127 2822 qui
1142 2755 1247 2820 quum
1256 2737 1438 2800 ostendunt
1449 2743 1477 2798 et

383 2849 509 2920 augent
523 2842 660 2910 vitalem
669 2845 737 2910 vim
751 2844 828 2912 fidei
838 2864 926 2930 quae
935 2841 1222 2928 congredientium
1235 2839 1369 2902 animos
1384 2839 1476 2922 erigit,

382 2949 455 3008 tum
471 2945 652 3029 plurimum
665 2969 803 3015 caussae
825 2949 1001 3014 conferunt
1026 2943 1195 3029 religionis
1221 2949 1257 3004 et
1286 2942 1423 3024 patriae
1440 2975 1475 2988 -·
1545 3025 1546 3040 ἦ

238 3053 270 3099 ln
281 3053 359 3102 111⁶«
383 3045 497 3130 Quare
513 3070 716 3137 magnopere
742 3055 903 3139 expedire
933 3068 1108 3118 censemus
1124 3055 1161 3111 ut
1185 3044 1312 3126 ubique
1325 3046 1474 3127 gentium,

202 3115 339 3218 iatam?
304 3185 359 3219 ιιι-ι
382 3157 576 3233 praesertim
593 3157 729 3222 veroin
762 3157 870 3236 Italia,
891 3157 948 3222 ubi
972 3155 1134 3220 indictum
1160 3147 1335 3213 Ecclesiae
1363 3145 1473 3211 bellun

206 3235 360 3338 2251?ssss
381 3255 489 3322 acrius
509 3259 624 3338 saevit,
641 3261 797 3327 catholici
820 3261 881 3326 viri
913 3260 971 3344 qui
998 3255 1117 3322 ceteris
1133 3261 1306 3336 praestant
1325 3251 1474 3324 doctrina,

205 3349 271 3394 ‘W‘
274 3355 321 3396 Μ’·
380 3363 559 3441 prudentia
575 3375 608 3432 et
623 3367 737 3434 studio
753 3369 933 3452 religionis,
935 3387 981 3431 ex
989 3384 1057 3448 qua
1069 3369 1201 3428 tantum
1212 3355 1350 3422 obvenit
1359 3353 1474 3438 patriae

380 3461 492 3545 decus,
507 3469 628 3550 quasi
618 3489 652 3534 m
666 3469 848 3536 fraternam
874 3467 1151 3534 communitatem
1167 3457 1338 3526 coniuncti
1349 3455 1475 3522 consilia

380 3575 414 3631 et
433 3569 518 3634 vires
534 3575 727 3639 consocient
742 3594 830 3639 suas.
846 3574 961 3659 Quam
978 3566 1263 3636 consociationem
1279 3582 1321 3628 eo
1337 3569 1475 3645 spectare

379 3681 512 3753 oportet
527 3685 644 3742 utnon
662 3679 764 3744 modo
778 3677 813 3741 hi
827 3677 903 3742 lecti
915 3677 978 3740 viri
988 3671 1171 3739 solemnius
1186 3677 1221 3732 et
1233 3661 1474 3732 constantiusin

379 3790 481 3840 unum
497 3781 605 3845 coacti
622 3783 746 3848 tradita
761 3783 805 3847 ab
824 3780 977 3846 Ecclesia
990 3780 1192 3846 documenta
1208 3767 1435 3854 praeseferant
1448 3771 1475 3825 et

378 3878 477 3944 altius
492 3885 614 3948 animis
629 3884 789 3970 defigant,
804 3887 862 3950 sed
881 3885 983 3949 etiam
998 3879 1145 3946 efficiant
1166 3873 1298 3941 collatis
1314 3870 1429 3937 studiis
1443 3875 1474 3930 ut

377 3983 434 4052 illa
449 3987 586 4072 vulgata
612 3990 748 4072 passim,
779 3988 886 4055 indita
919 3984 1098 4062 mentibus,
1113 4001 1153 4045 ac
1167 3978 1302 4061 penitus
1318 3972 1473 4054 insculpta

377 4092 532 4158 cordibus
564 4092 727 4158 Italorum
743 4092 930 4169 hominum,
958 4107 1033 4154 eam
1065 4083 1198 4170 pariant
1213 4077 1472 4145 emendationem

377 4215 509 4262 morum
525 4215 702 4280 rerumque
718 4197 751 4261 in
779 4195 901 4260 melius
931 4191 1193 4264 conversionem,
1217 4203 1285 4268 qua
1311 4189 1472 4262 tantopere

376 4303 524 4365 humana
536 4300 679 4364 societas
696 4300 880 4382 indiget-
895 4295 1078 4361 Enimvero
1091 4290 1232 4356 adhaec
1248 4285 1341 4351 bona
1351 4297 1470 4362 compa·

377 4401 482 4464 randa
497 4401 670 4467 intendere
682 4403 911 4484 comperimus
927 4405 1129 4465 conventum
1147 4411 1253 4475 nuper
1267 4409 1328 4474 per
1353 4405 1408 4452 vos
1428 4385 1470 4445 in·
