3230 4874
409 352 459 438 46
615 373 730 424 errsr.
763 361 783 390 ⁴¹
804 373 883 424 nen
902 375 1026 426 uanur
1045 375 1284 426 nrscmnmrs
1303 412 1322 439 „

453 544 488 610 Si
515 546 598 610 haec
624 547 680 626 ita,
705 547 753 612 uti
780 557 949 632 optamus,
974 549 1155 628 evenerint,
1179 571 1261 615 sane
1276 550 1500 634 gratulandum

407 649 471 714 erit
487 649 688 716 Germaniae
713 653 903 734 pastoribus
926 655 1017 737 quod
1043 664 1077 719 et
1101 653 1256 738 publicae
1279 653 1501 737 tranquillitati

290 811 340 856 sm
360 817 383 858 a
408 773 469 834 pro
496 755 582 818 virili
615 767 709 838 parte
733 759 971 840 prospexerint
994 769 1028 823 et
1052 779 1151 822 verae
1174 759 1399 832 humanitatis,
1420 777 1502 840 quae

228 870 365 916 emersam·
407 857 539 956 civilem
555 858 660 924 vitam
676 861 783 940 decet,
797 880 950 926 caussam
967 863 1183 946 susceperint.
1198 863 1372 926 -Verum
1388 881 1451 924 non
1470 860 1501 922 in

228 929 380 1036 iisff'ssm.
409 960 472 1025 hoc
488 981 610 1044 genere
626 971 758 1028 tantum
776 963 996 1031 humanitatis
1024 986 1178 1030 caussam
1192 967 1278 1030 tueri
1287 966 1371 1030 solet
1395 964 1502 1028 Eccle·

225 1047 324 1161 222?
334 1049 379 1095 ⁸*
405 1066 454 1129 sia
472 1089 479 1132 :
496 1065 562 1130 alia
576 1085 712 1150 quoque
726 1077 805 1132 sunt
821 1087 908 1151 quae
923 1068 1103 1134 salutarem
1120 1071 1191 1134 eius
1211 1089 1312 1154 opem
1331 1069 1501 1152 postulant

405 1167 541 1233 Scilicet
578 1169 666 1232 illlus
704 1180 756 1234 est
798 1169 989 1237 institutum
1027 1173 1276 1238 sanctissimum
1293 1184 1330 1238 ut
1352 1173 1502 1236 barbaros

404 1273 571 1356 rudesque
586 1273 730 1357 populos
745 1273 898 1340 doctrina
915 1275 991 1340 fidei
1002 1277 1158 1341 erudiens
1189 1276 1407 1342 humanitatis
1429 1276 1500 1340 arti·

405 1377 467 1442 bus
491 1379 590 1442 simul
607 1377 761 1461 expoliat
787 1381 1003 1464 moribusque
1026 1383 1179 1447 civilibus
1204 1381 1349 1446 excolat
1379 1380 1500 1445 Eximii

224 1469 377 1598 ,κζ’
403 1483 502 1546 huius
518 1483 693 1546 ministerii
719 1485 832 1548 studio
848 1486 958 1568 plures
982 1487 1152 1552 laboribus
1176 1487 1370 1551 absumsere
1395 1485 1502 1560 vitam,

223 1599 376 1693 graffo·
403 1583 514 1666 plures
530 1606 607 1650 cum
623 1589 787 1670 sanguine
802 1589 1030 1672 profuderunt.
1044 1591 1211 1657 Sollicitat
1224 1592 1328 1656 modo
1338 1589 1501 1654 Ecclesiae

401 1697 553 1770 pastores
583 1691 748 1773 imprimis
778 1713 893 1758 eorum
925 1695 1074 1760 conditio
1113 1696 1233 1760 misera
1263 1695 1321 1777 qui
1355 1693 1500 1757 Africam

401 1793 586 1858 incolentes
609 1795 642 1858 in
659 1795 854 1862 servitutem
870 1799 996 1863 redacti
1012 1800 1139 1864 venalis
1156 1802 1261 1864 instar
1277 1798 1394 1864 mercis
1414 1801 1501 1860 m'an·

400 1897 489 1980 cipio
504 1899 576 1962 dari
592 1911 626 1964 et
642 1899 748 1984 accipi
764 1899 874 1966 solent
887 1902 976 1986 turpi
990 1912 1210 1968 mercatorum
1238 1911 1390 1985 quaestu.
1409 1897 1503 1982 Quae

400 2003 508 2067 Nobis
523 2002 622 2068 huius
638 2005 684 2070 rei
700 2024 778 2069 cura
805 2006 859 2084 sit,
882 2004 1002 2071 litteris
1029 2007 1162 2072 Nostris
1186 2017 1302 2090 aperte
1325 2004 1503 2070 declaravi-

223 2107 373 2214 ,3232052
400 2126 482 2172 mus.
499 2144 542 2158 --
558 2105 672 2190 Quum
687 2109 801 2192 itaque
810 2109 1031 2176 constitutum
1048 2111 1091 2177 sit
1101 2112 1145 2176 ab
1158 2109 1328 2194 imperiali
1344 2107 1502 2192 gubernio

222 2225 315 2274 erotica
344 2241 373 2298 3¹:
399 2209 611 2288 Germanic0,
635 2223 672 2278 ut
696 2214 738 2277 ad
765 2233 822 2276 eas
847 2213 1001 2296 regiones
1026 2213 1171 2292 Africae,
1194 2233 1280 2297 quas
1309 2221 1502 2296 patronatus

218 2290 302 2404 {2220
324 2286 371 2392 2³2}
399 2313 469 2378 iure
485 2323 606 2393 tuetur,
621 2314 733 2380 aditus
745 2325 861 2398 pateat
875 2318 1105 2382 sacerdotibus
1120 2317 1303 2394 catholicis,
1319 2315 1375 2399 qui
1396 2333 1504 2378 sacrm

219 2404 287 2454 Μ’·
400 2415 575 2482 missiones
595 2417 732 2495 obeunt,
758 2417 868 2484 lacere
892 2439 959 2484 non
986 2440 1165 2504 possumus
1191 2421 1273 2503 quin
1301 2431 1335 2483 te
1356 2417 1502 2499 aliosque

396 2519 615 2586 Venerabiles
641 2522 785 2601 Fratres,
817 2523 874 2607 qui
901 2522 1092 2590 Germanici
1126 2524 1262 2607 Imperii
1294 2521 1501 2588 dioecesibus

395 2637 564 2708 praesunt,
579 2627 682 2692 etiam
699 2640 800 2711 atque
816 2629 918 2693 etiam
935 2628 1116 2706 hortemur,
1132 2639 1170 2694 ut
1194 2628 1370 2713 inquiratis
1385 2625 1501 2690 sedulo

394 2749 436 2793 an
455 2729 487 2794 in
504 2729 593 2794 clero
610 2731 822 2805 Germanico,
837 2733 895 2816 qui
917 2734 1053 2817 egregia
1074 2735 1296 2810 constantiae,
1319 2731 1498 2815 patientiae

392 2843 425 2898 et
444 2833 632 2916 Apostolici
659 2835 720 2900 zeli
737 2837 891 2921 praebuit
918 2848 1126 2921 argumenta,
1154 2838 1256 2922 aliqui
1282 2838 1495 2901 videantura

391 2938 468 3003 Deo
484 2940 594 3004 vocati
612 2950 647 3005 ut
669 2939 802 3006 afflictis
818 2943 883 3006 illis
899 2942 1035 3006 Africae
1057 2941 1215 3027 gentibus
1231 2941 1340 3006 lucem
1356 2939 1495 3005 inserant

394 3039 578 3125 Evangelii.
595 3075 637 3088 -
664 3041 742 3127 Quo
759 3044 888 3109 facilius
903 3066 984 3110 vero
1008 3045 1042 3109 hi
1053 3046 1183 3128 possint
1208 3044 1349 3126 obsequi
1366 3040 1494 3106 vocanti

391 3143 475 3219 Deo,
492 3145 707 3213 vehementer
722 3159 879 3232 optamus
901 3159 948 3227 ut,
974 3159 1008 3213 te
1024 3149 1188 3232 imprimis
1204 3155 1343 3212 curante
1357 3145 1494 3228 aliisque

390 3247 582 3314 Germanici
601 3251 735 3336 Imperii
763 3254 950 3336 Episcopis,
975 3253 1173 3336 collatisque
1199 3251 1347 3316 fidelium
1368 3252 1492 3326 studiis,

219 3369 366 3438 ‚cantur
392 3349 583 3416 institutum
600 3356 774 3434 condatur,
788 3356 977 3438 quoclerici
993 3357 1172 3438 indigenae
1188 3357 1250 3419 rite
1261 3363 1494 3438 comparentur

211 3432 365 3535 ᾏῖωἶζζξῖ,
393 3457 434 3519 ad
461 3477 571 3521 sacras
594 3459 770 3524 missiones
786 3461 819 3523 in
845 3459 962 3524 Africa
978 3459 1161 3537 obeundas,
1184 3460 1227 3523 ad
1245 3459 1351 3522 instar
1364 3457 1492 3540 collegii

211 3547 364 3674 ἑζῇἑζζξρω
392 3559 424 3622 in
444 3560 581 3644 Belgico
596 3583 701 3648 regno
712 3564 898 3641 constituti,
914 3563 947 3626 in
964 3565 1054 3646 quod
1072 3564 1094 3626 ii
1111 3563 1316 3646 recipiuntur
1331 3565 1492 3646 quievan·

212 3666 349 3768 {ffatim
389 3663 533 3744 gelicum
551 3668 766 3748 praeconium
793 3667 826 3731 in
855 3667 991 3750 regione
1019 3666 1128 3749 Congi
1157 3667 1275 3752 facturi
1306 3677 1395 3732 sunt„
1419 3667 1492 3730 Hoc

258 3737 294 3783 μ’
391 3771 536 3848 pactolo
553 3784 712 3854 promptu
735 3792 816 3834 mox
845 3772 907 3835 erit
922 3771 1018 3854 quasi
1036 3769 1147 3835 nobile
1171 3772 1344 3853 quoddam
1366 3770 1490 3854 planta·

388 3873 484 3950 rium,
502 3876 591 3938 unde
607 3878 758 3959 excerpti
775 3875 931 3957 palmites
947 3894 1044 3938 verae
1059 3875 1149 3938 Vitis
1165 3896 1253 3956 quae
1265 3875 1419 3940 Christus
1434 3886 1489 3951 est,

385 3986 418 4041 et
435 3977 468 4040 in
486 3977 636 4042 Africam
650 3990 773 4044 terram
790 3978 942 4044 translati
970 3977 1114 4042 fructum
1143 3978 1325 4060 plurimum
1344 3977 1488 4051 afferent,

387 4101 426 4144 ac
443 4081 529 4146 ieras
539 4085 626 4147 inter
640 4094 758 4167 gentes
774 4083 948 4146 barbariae
972 4081 1086 4145 foedas
1102 4090 1136 4144 et
1156 4091 1373 4163 peccatorum
1389 4081 1486 4144 sordi·

385 4184 446 4248 bus
459 4187 585 4250 bonum
597 4186 721 4252 Christi
738 4186 876 4250 odorem
890 4181 1072 4248 effundent.
1082 4221 1125 4232 -
1138 4183 1370 4267 Quamobrem
1385 4181 1485 4248 Nobis

384 4298 577 4368 pergratum
595 4287 705 4366 iacies,
725 4285 938 4352 Venerabilis
954 4285 1080 4362 Frater,
1096 4286 1179 4350 side
1195 4287 1235 4349 iis
1250 4308 1340 4370 quae
1355 4309 1414 4370 per
1427 4285 1483 4350 has

383 4387 510 4452 litteras
526 4389 787 4470 significavimus
812 4389 895 4453 alios
923 4388 1113 4454 Germanici
1137 4390 1274 4473 Imperii
1300 4391 1481 4475 Episcopos
