3172 4874
214 388 265 436 AD
283 381 519 436 ARCHIEPISC·
541 382 588 432 ET
606 379 720 432 EPISC.
743 379 891 430 IMPERII
910 381 1123 433 AUSTRIACI.
1159 379 1225 453 157

107 563 239 630 timide.
257 559 357 626 Velle
372 567 484 623 autern
512 565 550 622 ut
572 573 731 620 romanus
749 552 907 618 Pontifex
931 554 1013 619 nulli
1035 555 1143 620 subsit
1164 554 1225 620 ho·
1259 570 1397 664 Malam

108 667 243 735 minum
273 663 403 738 ditioni,
428 661 486 725 sed
511 658 610 744 plene
641 658 697 724 sui
728 655 942 741 perfecteque
972 658 1015 723 sit
1046 658 1134 736 iuris,
1159 657 1224 724 hoc
1290 677 1355 735 1891.

108 789 236 856 nempe
261 765 410 832 officium
435 782 538 847 quum
565 761 608 828 ad
634 780 752 826 omnes
781 760 905 844 ubique
932 761 1083 844 gentium
1110 762 1225 827 catho-
1251 786 1402 855 venustam

108 877 205 955 licos,
237 892 304 938 non
335 870 379 934 ad
414 887 515 934 unam
546 875 683 950 gentem
715 864 875 948 aliquam,
905 874 1021 954 sancte
1050 866 1226 950 pertineat,
1250 846 1390 964 §imm

112 979 276 1064 Episcopi
302 974 427 1042 idcirco
457 971 588 1037 collatis
615 971 753 1034 videant
783 970 959 1034 sententiis
989 980 1092 1054 atque
1123 989 1225 1054 opera
1257 997 1261 1004 ·

112 1081 272 1157 efficiant,
296 1087 333 1142 ut
355 1074 504 1140 fidelium
529 1073 642 1138 studia
669 1073 702 1136 in
727 1092 802 1138 eam
827 1072 1046 1138 iustissimam
1071 1092 1224 1138 caussam

112 1193 226 1251 erecta
250 1190 413 1258 constent,
433 1179 633 1260 calcantque
658 1175 701 1242 ad
729 1177 860 1240 exitum
887 1174 1027 1242 feliciter
1055 1186 1225 1243 maturan-

117 1294 209 1358 dum.
226 1325 269 1337 -
286 1286 417 1351 Ibidem
437 1281 616 1348 commode
640 1279 755 1344 licebit
771 1279 948 1364 Episcopis
974 1280 1114 1347 consilia
1139 1283 1226 1346 inter
1251 1269 1387 1374 {mnia

113 1416 152 1462 se
167 1389 426 1465 communicare,
440 1387 536 1469 siqua
552 1383 729 1450 inciderint
744 1383 893 1449 ecclesiis
917 1384 985 1448 suis
1012 1384 1226 1467 impeditiora
1251 1388 1392 1439 ‘caelandas

114 1495 274 1580 negotia:
299 1490 412 1556 licebit
438 1487 550 1565 etiam,
574 1487 602 1551 si
627 1487 670 1552 de
694 1505 728 1549 re
755 1486 914 1570 quapiam
931 1487 1093 1570 expedire
1107 1488 1226 1565 visum,

115 1615 314 1666 communes
341 1594 468 1658 litteras
494 1599 528 1655 et
554 1597 631 1656 acta
655 1588 820 1672 evulgare.
844 1625 885 1637 -
914 1589 1001 1654 Item
1027 1589 1104 1654 cleri
1132 1591 1226 1655 insti·
1250 1599 1327 1646 clerus
1371 1602 1406 1648 ad

112 1701 232 1768 tuendi
260 1695 505 1780 excolendique
529 1714 618 1772 cura,
638 1693 706 1778 qua
732 1690 823 1756 nulla
841 1691 1011 1776 Episcopo
1039 1695 1146 1758 maior
1169 1713 1226 1758 ne·
1251 1665 1400 1766 iiiiii„

111 1825 179 1890 que
211 1803 353 1880 uberior,
379 1819 476 1866 suum
507 1800 542 1864 in
580 1795 885 1864 consultationibus
915 1797 1027 1862 locum
1064 1798 1226 1881 habebit;
1251 1779 1403 1891 {mm}

111 1905 403 1994 quemadmodum
429 1901 607 1987 disciplina
637 1911 671 1968 et
702 1901 804 1966 rectio
834 1900 1028 1966 clericorum
1060 1907 1161 1968 sacris
1191 1905 1225 1968 in

111 2011 303 2079 seminariis
336 2009 380 2074 ad
402 2005 620 2072 Tridentinae
651 2005 822 2088 exigenda
853 2025 997 2082 normas,
1024 2006 1224 2090 quibusnam

111 2118 294 2202 praecipue
321 2113 420 2178 rebus
444 2111 565 2178 alenda
595 2110 629 2174 in
661 2109 709 2174 eis
735 2111 844 2198 pietas
869 2122 903 2174 et
927 2130 1090 2192 generosa
1112 2112 1226 2190 virtus,

111 2241 282 2306 quaenam
310 2219 492 2284 maioribus
518 2215 689 2293 doctrinis,
712 2223 750 2279 ut
773 2225 996 2297 congruenter
1018 2217 1225 2298 temporibus

110 2328 265 2402 floreant,
288 2323 508 2387 incitamenta
538 2317 736 2395 adiicienda,
760 2317 794 2380 in
825 2317 985 2402 omnique
1009 2317 1099 2382 clero
1123 2339 1224 2402 quae-

111 2449 196 2496 nam
226 2429 269 2492 ad
301 2425 465 2510 ampliora
497 2423 686 2486 animorum
722 2420 814 2485 lucra
845 2421 913 2485 sint
942 2420 1159 2504 providenda.
1180 2459 1224 2471 -

110 2535 216 2620 Quod
244 2533 365 2598 attinet
391 2530 433 2595 ad
459 2547 578 2612 greges
605 2524 764 2604 fidelium,
780 2535 851 2591 tam
880 2526 995 2590 multis
1018 2526 1051 2589 in
1068 2524 1223 2608 periculis

108 2639 309 2722 insidiisque
324 2643 504 2712 versantes,
519 2630 695 2717 permagni
710 2632 861 2696 intererit
876 2632 968 2696 varia
983 2632 1121 2716 provehi
1145 2631 1222 2697 sub·

107 2743 196 2808 sidia
223 2761 309 2826 quae
335 2740 416 2823 ipsis
439 2758 512 2803 esse
534 2737 609 2802 usui
631 2736 782 2819 possint:
809 2736 853 2800 de
876 2736 998 2800 divinis
1023 2737 1121 2802 rebus
1144 2757 1221 2802 con·
1246 2702 1399 2830 {Idm

106 2849 223 2914 ciones
248 2854 282 2909 et
309 2843 510 2921 catecheses,
524 2843 568 2905 ad
594 2840 758 2917 homines,
773 2847 912 2918 aetates,
935 2839 1027 2906 locos
1052 2842 1138 2906 bene
1163 2861 1222 2925 ap·
1249 2825 1399 2938 {22¹⁶}ssss

106 2949 238 3036 positas
252 2969 260 3028 ;
275 2948 349 3032 pias
364 2947 526 3012 laicorum
543 2965 611 3010 non
629 2944 746 3010 unuin
773 2963 896 3027 genere
917 2944 1123 3024 sodalitates,
1139 2965 1222 3028 quas
1250 2937 1367 2990 'mdis‘

106 3053 230 3138 probet
247 3050 429 3134 laudetque
445 3049 614 3126 Ecclesia;
629 3046 826 3112 inviolatam
843 3047 1004 3113 festorum
1032 3050 1220 3115 custodiam

108 3165 145 3221 et
169 3152 387 3237 religionem3
416 3172 456 3218 ea
487 3170 622 3235 quoque
650 3149 704 3214 vel
736 3150 891 3215 instituta
920 3150 974 3214 vel
1001 3171 1112 3234 opera,
1133 3154 1222 3218 unde
1246 3151 1394 3256 {gillini

109 3257 274 3333 fidelibus,
290 3255 455 3321 iuventuti
483 3257 515 3319 in
544 3253 671 3340 primis,
694 3255 867 3318 cautiones
891 3263 1074 3337 suppetant
1101 3275 1121 3318 a
1147 3275 1221 3336 pra·
1247 3225 1380 3330 vup'i‘iue

109 3351 215 3424 vitate
242 3369 277 3423 et
299 3357 498 3441 corruptela,
513 3367 547 3422 et
573 3358 661 3422 unde
688 3364 973 3422 sacramentorum
1004 3357 1222 3424 saluberrima

110 3463 322 3528 consuetudo
348 3461 593 3542 increbrescat;
619 3461 765 3544 denique
789 3460 901 3539 libros,
916 3462 1031 3540 diaria,
1047 3461 1168 3526 similia
1187 3463 1220 3527 in

110 3565 231 3648 vulgus
246 3565 336 3643 data,
351 3584 437 3649 quae
461 3565 504 3630 ad
522 3563 599 3629 fidei
623 3562 853 3629 defensionem
871 3563 996 3628 faciant
1024 3582 1222 3648 morumque

111 3668 333 3752 disciplinam.
349 3667 427 3752 Qua
454 3668 544 3734 inre
571 3666 653 3732 illud
680 3666 794 3750 magni
818 3667 917 3732 refert
934 3665 1111 3750 Episcopis
1132 3688 1223 3733 com-

114 3773 274 3838 mendare
299 3773 390 3857 quod
415 3773 542 3837 iamdiu
558 3771 710 3836 fovemus
737 3770 852 3834 animo
876 3781 910 3833 et
925 3769 1091 3853 frequenti
1107 3769 1223 3836 admo·

114 3877 242 3942 nitione
258 3877 453 3954 insistimus,
467 3886 506 3941 ut
520 3875 697 3941 hominum
721 3873 963 3938 catholicorum
991 3881 1026 3938 ln
1047 3874 1224 3942 scribendo

114 3981 315 4064 edendoque
341 3979 489 4045 sollertia
513 3990 547 4044 et
574 3978 712 4043 meliore
727 3978 846 4042 ordine
861 3984 1049 4059 temperata
1064 3979 1224 4062 procedat

115 4091 149 4148 et
165 4082 321 4150 secundis
337 4082 450 4166 vigeat
473 4080 696 4148 incrementis.
714 4079 891 4145 Eiusmodi
918 4081 1052 4164 scriptis
1078 4080 1226 4166 optimis,

116 4207 204 4271 quae
231 4185 282 4251 vel
310 4185 461 4270 quotidie
490 4185 543 4250 vel
571 4183 670 4250 certis
696 4173 817 4250 diebus
847 4183 1055 4265 emittantur,
1081 4186 1225 4252 multum

118 4293 257 4358 sanein
284 4291 376 4358 omni
400 4299 502 4376 gente
525 4299 577 4356 est
600 4289 816 4356 tribuendum
840 4291 884 4356 ad
911 4291 1074 4357 utilitates
1101 4293 1147 4356 rei
1174 4311 1225 4357 sa·

119 4413 195 4459 crae
210 4404 245 4459 et
259 4394 375 4476 civilis,
389 4396 458 4462 sive
474 4393 565 4480 quod
580 4414 637 4461 eas
653 4395 809 4479 proxime
832 4403 985 4462 tutentur
1012 4403 1046 4461 et
1070 4405 1227 4478 augeant,
