3250 4876
331 395 403 470 332
684 399 806 450 runsx
832 399 1080 453 auxtlurcus.

433 606 565 662 Pontifex
576 609 689 664 iaelatur
697 609 735 664 de
747 607 820 665 felici
832 625 965 666 successu
973 609 1370 681 conventusSaliaburgensis,
1386 559 1444 611 P*

396 701 510 742 necnon
523 686 560 742 de
568 688 764 759 epistolatum
773 687 1014 745 Constitutionunr
1021 689 1121 745 codice
1131 699 1250 760 accepta
1263 703 1323 760 252μ
1335 720 1371 731 -

401 764 475 821 1060
495 783 576 838 spem
597 769 726 824 nutriens
748 767 865 838 majoris
886 767 1054 826 incrementi
1077 768 1186 825 ordinis
1210 771 1372 841 monastici,

399 845 630 904 benedictionem
640 857 821 919 peramanter
831 847 956 920 impertit
970 862 986 902 2
989 859 1031 918 54.

367 947 420 1000 65.
444 949 651 1002 Ll‘rTERAE
681 950 960 1004 APOSTOLICAE
990 952 1031 1004 de
1060 953 1143 1006 festo
1168 955 1374 1008 sanctissimi

330 1027 447 1080 Gordia
466 1031 548 1102 desta
581 1033 649 1084 ritu
671 1032 797 1094 duplici
818 1033 934 1094 primae
955 1033 1069 1084 classis
1089 1034 1296 1086 celebrando.
1322 1034 1376 1085 Ad

332 1109 1013 1176 perpetuamsermomonem-aelami
1032 1112 1112 1164 laea
1395 1121 1450 1180 255

439 1192 569 1250 Pontifex
581 1195 706 1252 faustum
716 1211 801 1250 omen
814 1195 891 1266 capit
904 1211 939 1250 ex
951 1195 1136 1252 sacularibus
1149 1196 1229 1252 festis
1242 1196 1272 1252 in
1284 1197 1374 1252 bono·

401 1289 463 1328 rem
478 1275 520 1330 SS
533 1316 540 1329 .
553 1274 655 1331 Cordis
673 1273 826 1332 celebratis
843 1286 903 1344 255.
916 1303 952 1314 -
968 1274 1099 1330 Christus
1121 1276 1226 1346 ignem,
1237 1292 1295 1347 quo
1318 1277 1376 1332 Cor

403 1371 486 1410 suum
499 1357 589 1426 ardet,
601 1355 680 1428 cupit
692 1355 812 1412 accendi
833 1356 861 1412 in
875 1355 984 1412 mundo
996 1368 1057 1426 255.
1071 1355 1272 1412 -Promissis
1285 1355 1376 1430 ipsius

403 1435 507 1504 allecti,
520 1437 625 1492 adeant
638 1435 736 1491 fideles
750 1436 825 1492 istud
846 1437 911 1506 Cor,
924 1436 1025 1492 lancea
1043 1446 1174 1507 apertum
1195 1447 1225 1492 ut
1239 1435 1317 1507 ipsos
1331 1455 1378 1493 ex·

403 1513 492 1585 cipiat
506 1530 520 1569 2
526 1527 538 1584 5
544 1527 566 1584 5.
581 1544 618 1555 -
630 1514 743 1569 Adesnt
762 1513 832 1570 iliud
844 1531 896 1586 per
915 1515 978 1570 laec
989 1513 1073 1584 festa,
1089 1515 1265 1586 ingratorum
1287 1517 1376 1573 offen-

405 1587 501 1650 siones
523 1595 662 1666 expiaturi
673 1593 837 1665 placatione
849 1593 892 1649 sui
912 1595 1018 1650 amoris
1031 1597 1091 1666 256.
1106 1625 1140 1636 -
1152 1596 1199 1651 Ad
1212 1597 1375 1670 augendum

404 1675 512 1730 cultum
523 1675 672 1730 tutelarem
685 1675 736 1729 SS.
751 1673 862 1744 Cordis,
871 1673 1011 1742 Pontifex,
1020 1675 1174 1731 multorum
1186 1675 1260 1733 rotis
1271 1678 1377 1734 cedens

406 1753 647 1824 decessorumque
666 1764 761 1808 molus
783 1754 929 1825 exemplis,
949 1753 1053 1810 festum
1076 1755 1215 1826 Ejusdem
1237 1759 1274 1813 ad
1293 1758 1380 1813 ritum

407 1833 531 1906 duplicis
543 1831 643 1901 primae
656 1830 757 1887 classis
765 1831 828 1888 sine
837 1842 939 1889 octava
951 1834 1090 1904 provebit,
1103 1833 1172 1906 quin
1184 1845 1282 1893 tamen
1292 1835 1329 1892 sit
1341 1837 1381 1891 de

407 1927 552 1990 praecepto
566 1917 627 1986 256.
640 1945 676 1956 -
689 1916 829 1987 Quaedam
837 1917 875 1972 de
887 1917 988 1972 ordine
997 1917 1062 1973 festi
1076 1919 1169 1990 deque
1181 1919 1380 1974 concurrentia

408 1999 585 2056 diffiniuntur
597 2013 658 2070 257.
671 2029 707 2040 -
717 2000 776 2056 Ubi
789 2000 844 2056 boc
856 2001 960 2058 festum
973 2017 1071 2056 coram
1083 2002 1212 2073 exposita
1225 2004 1254 2059 S.
1268 2003 1382 2058 Eucha-

410 2083 491 2140 ristia
512 2084 680 2154 celebratur,
701 2083 886 2154 indulgentiae
908 2084 1014 2140 octidui
1037 2083 1173 2154 Corporis
1193 2083 1300 2140 Christi
1325 2084 1380 2156 ipsi

409 2167 599 2223 adnectuntur
612 2179 673 2235 257.
687 2197 720 2207 -
734 2167 839 2222 Votira
853 2167 945 2222 Missa
959 2167 1009 2222 SS.
1029 2167 1131 2222 Cordis
1149 2166 1314 2224 conceditur
1330 2183 1383 2238 pro

409 2252 592 2308 solemnitate
604 2251 704 2324 primae
716 2251 795 2307 feriae
807 2253 849 2307 vl
863 2252 1001 2324 cujusque
1013 2252 1120 2308 mensis
1134 2265 1195 2322 257.

376 2358 429 2410 66.
453 2356 694 2410 ALLOCU'l'lO
716 2357 760 2409 ad
781 2358 811 2409 S·
836 2359 875 2408 ll.
891 2359 929 2408 Ε.
945 2357 1145 2410 cardinales.
1167 2383 1203 2394 -
1222 2356 1384 2421 nesigno

341 2449 501 2511 apostatas
513 2443 1182 2506 BrunoRomaeareoto.-301unll1889
1405 2439 1466 2508 258

450 2537 582 2593 Pontifex
601 2537 710 2606 detegit
737 2535 876 2591 rationem
898 2551 948 2590 cur
975 2537 1094 2590 Sacrum
1120 2533 1281 2604 Collegium
1305 2544 1385 2590 extra

412 2621 542 2678 ordinem
567 2620 712 2676 vocaverit
738 2620 798 2690 258.
820 2647 857 2658 -
883 2619 976 2689 Impia
998 2629 1085 2674 sectae
1107 2618 1236 2686 consilia,
1259 2635 1323 2690 quae
1346 2617 1384 2673 ab

411 2704 622 2776 expugnatione
636 2704 724 2760 Urbis
750 2702 787 2759 ad
807 2702 992 2759 evertendam
1016 2693 1177 2758 Ecclesiam
1198 2700 1327 2769 tendunt,
1349 2701 1387 2758 ad

412 2793 556 2832 summum
569 2775 698 2830 audaeiae
711 2790 762 2846 per
773 2791 873 2829 recens
886 2784 1012 2830 erectum
1025 2774 1139 2844 signum
1156 2787 1311 2844 pervenere
1323 2773 1384 2841 258.

411 2861 486 2914 Tam
499 2859 579 2930 impii
596 2858 720 2914 hominis
733 2857 910 2928 glorificatio,
924 2856 991 2912 beili
1005 2855 1125 2912 indictio
1136 2866 1181 2911 est
1195 2871 1210 2910 2
1215 2855 1255 2926 58.
1269 2885 1305 2894 -
1317 2855 1387 2910 Glo-

410 2943 536 2999 rificatur
556 2945 653 2998 Bruno
672 2959 729 2997 non
751 2952 868 3014 propter
888 2941 1047 3010 scientiam,
1060 2971 1095 2982 -
1115 2940 1241 3009 vulgaris
1261 2938 1333 3004 fuit,
1352 2967 1388 2977 —

412 3043 471 3082 non
491 3036 607 3096 propter
619 3041 724 3093 mores,
735 3053 772 3065 -
790 3035 851 3080 erat
864 3025 990 3080 moribus
1000 3023 1159 3079 horrendus
1172 3043 1180 3090 ;
1199 3038 1258 3075 non
1272 3031 1389 3092 propter

412 3112 515 3166 merita
533 3110 562 3166 in
580 3127 640 3166 rem
653 3109 808 3182 publicam,
819 3138 855 3150 -
874 3110 1018 3180 abjectum
1031 3107 1159 3162 animum
1178 3104 1302 3176 prodidit
1314 3123 1322 3170 l
1336 3104 1388 3160 sed

414 3203 530 3266 propter
543 3193 728 3249 rebellionem
742 3194 771 3249 in
790 3193 953 3248 Ecclesiam
965 3213 972 3259 l
987 3191 1053 3248 inde
1066 3189 1153 3246 sectis
1165 3198 1265 3258 gratus
1277 3201 1338 3259 259.
1351 3215 1388 3226 —

414 3277 558 3333 Addenda
570 3276 736 3332 solemnitas
747 3276 858 3332 insueta
867 3277 951 3348 hujus
960 3271 1164 3331 dedicationis:
1178 3269 1282 3326 vexilla
1292 3270 1389 3340 impia,

415 3362 474 3417 imo
487 3361 588 3415 vexilla
600 3361 768 3430 nequissimi
779 3361 873 3414 Roma
892 3359 966 3415 intra
980 3355 1088 3413 moenia
1099 3354 1170 3410 vidit
1184 3369 1199 3407 2
1203 3365 1245 3422 59,
1263 3381 1299 3392 -
1313 3352 1391 3423 Quid

416 3444 453 3500 de
465 3442 661 3512 concionibus,
674 3443 838 3513 descriptis
856 3460 974 3514 pravam
986 3441 1150 3496 libertatern
1170 3434 1392 3492 extollentibus?

417 3545 433 3585 2
437 3541 478 3599 59.
491 3559 527 3568 -
537 3529 609 3599 Quae
617 3528 714 3584 omnia
723 3526 819 3597 perlici
829 3528 916 3597 licuit,
929 3523 1121 3582 annuentibus
1133 3520 1181 3594 qui
1194 3529 1320 3592 praesunt
1331 3533 1391 3591 259.

417 3643 453 3654 -
467 3614 519 3668 Est
532 3629 633 3668 revera
645 3612 822 3668 abominatio
841 3609 1028 3668 desolationis
1041 3607 1070 3662 in
1089 3608 1268 3662 locosancto
1282 3618 1297 3658 2
1301 3616 1342 3674 59.
1357 3633 1392 3642 -

419 3695 552 3752 Pontifex
564 3695 777 3767 idignabundus
790 3696 852 3752 orbi
865 3695 1007 3751 catholico
1026 3699 1139 3747 tantum
1151 3687 1262 3742 facinus
1282 3686 1391 3740 denun-

418 3779 475 3835 ciat
489 3781 550 3836 260.
563 3811 599 3821 -
613 3781 686 3837 Haec
699 3779 801 3851 injuria
813 3780 896 3836 docet
906 3788 999 3835 sectas
1014 3773 1200 3832 Pontificatus
1212 3769 1392 3825 eversionem

418 3862 513 3917 moliri
527 3883 534 3930 ;
556 3863 725 3919 Pontificem
734 3862 798 3933 jure
819 3861 949 3916 divinum
962 3876 1074 3924 munus,
1087 3873 1144 3910 non
1163 3855 1320 3908 humanam
1333 3867 1393 3905 rem

418 3947 595 4016 defendere;
619 3947 706 4004 falsas
732 3945 819 4002 fuisse
847 3963 948 4002 omnes
973 3959 1041 4014 erga
1068 3937 1236 3996 Pontificem
1261 3932 1392 4005 obsequii

419 4031 625 4100 promissiones
637 4051 644 4096 ;
667 4033 799 4100 Romam,
829 4041 971 4100 sectarum
996 4033 1101 4092 mente,
1125 4031 1212 4093 caput
1236 4017 1394 4090 impietatis

421 4114 559 4169 destinari
581 4115 641 4170 260.
667 4115 805 4170 —Patet
830 4112 897 4168 inde
922 4111 991 4182 quid
1016 4104 1157 4163 libertatis
1179 4105 1224 4158 vel
1246 4101 1395 4172 dignitatis

423 4199 554 4254 Pontifici
566 4198 697 4255 relictum
710 4197 746 4254 sit
760 4197 820 4252 260.
832 4227 863 4237 -
872 4197 980 4251 Hostes
994 4194 1022 4250 S.
1035 4190 1118 4248 Sedis
1131 4189 1169 4244 ad
1181 4197 1340 4244 extremum
1350 4199 1396 4238 res

423 4283 565 4340 deducere
580 4285 678 4339 volunt
691 4285 751 4338 261.
766 4311 800 4322 -—
814 4283 950 4336 Poterunt
962 4278 1000 4334 ad
1012 4289 1134 4347 tempus,
1148 4273 1245 4344 specie
1258 4270 1397 4338 utilitatis,

424 4365 564 4421 contineri
583 4367 646 4421 261.
659 4393 695 4406 -
714 4362 901 4420 Metuendum
915 4377 972 4416 non
985 4360 1080 4414 minus
1097 4368 1151 4426 est,
1162 4356 1223 4411 fore
1237 4363 1266 4408 ut
1279 4353 1397 4409 tandem

427 4446 583 4518 aliquando
596 4447 681 4502 linem
694 4446 836 4516 attingant
850 4442 913 4499 261.
926 4472 961 4482 -
975 4441 1041 4510 Sed,
1054 4456 1142 4512 quum
1155 4455 1206 4509 spe
1219 4435 1323 4491 divinae
1335 4432 1398 4504 opis
