3310 4868
192 780 320 919 ξεε
344 807 583 868 unoeuuo
607 807 832 868 secuero
857 807 1024 870 NUPER
1046 811 1179 872 arro.
1234 788 1262 913 ξι,

349 1079 478 1145 ΑΕΡΕ
495 1080 569 1144 Nos
584 1101 629 1144 ex
655 1081 719 1144 hoc
744 1082 935 1165 Apostolici
963 1085 1109 1147 muneris
1137 1084 1272 1167 fastigio
1326 1063 1419 1158 siim

369 1203 466 1246 curas
481 1191 516 1247 et
531 1183 755 1266 cogitationes
779 1185 822 1248 ad
839 1185 1022 1250 catholicos
1043 1187 1132 1250 cives
1144 1196 1272 1251 vestros
1338 1159 1405 1208 '⁸⁸⁸'

370 1285 595 1365 contulimus;
612 1289 812 1371 animusque
837 1289 963 1353 Noster
983 1290 1074 1354 haud
1090 1292 1193 1355 semel
1221 1303 1272 1356 est
1327 1319 1447 1367 guam„

373 1388 516 1473 publicis
542 1391 761 1474 consignatus
788 1393 915 1470 litteris,
931 1395 1096 1476 equibus,
1110 1397 1271 1477 quemad
1300 1379 1448 1486 „ffiffi

160 1493 300 1556 modurn
317 1511 432 1556 sumus
448 1513 528 1576 erga
546 1494 748 1560 Hiberniam
774 1495 895 1576 affecti,
918 1497 1023 1562 cuivis
1046 1500 1118 1562 sine
1138 1499 1270 1564 dubita·
1296 1513 1379 1544 vanu
1405 1513 1448 1544 ar·

158 1597 252 1661 tione
268 1607 437 1680 appareat.
440 1599 619 1661 -Praeter
629 1619 677 1673 ea,
688 1619 773 1682 quae
789 1601 1014 1684 superioribus
1030 1602 1127 1666 annis
1139 1623 1270 1668 sacrum
1311 1558 1432 1678 griffi

158 1697 348 1764 Consilium
359 1698 541 1764 christiano
551 1701 679 1763 nomint
672 1702 922 1785 Qpropagando
926 1705 1126 1768 auctoritate
1136 1703 1271 1784 Nostra,
1318 1681 1427 1726 ””’””·

157 1805 203 1864 de
230 1803 394 1867 Hibernia
419 1804 576 1885 providit,
602 1804 684 1868 satis
709 1806 873 1888 epistolae
899 1808 1091 1890 loquuntur,
1117 1828 1202 1891 quas
1225 1812 1268 1873 ad

159 1905 397 1970 Venerabilem
416 1906 568 1970 Fratrem
593 1906 808 1973 Cardinalcm
830 1909 1018 1974 Mac-Cabe
1034 1912 1269 1995 Archiepisco·

156 2030 241 2092 pum
259 2010 502 2075 Dublinensem
518 2011 622 2076 semel
649 2023 752 2096 atque
779 2015 898 2079 iterum
922 2016 1097 2080 dedimus:
1121 2017 1270 2100 itemque

155 2116 276 2191 oratic,
302 2134 404 2197 quam
432 2117 622 2198 nuperrime
648 2119 692 2180 ad
717 2119 900 2182 catholicos
916 2141 934 2183 e
950 2128 1051 2202 gente
1074 2129 1185 2183 uestra
1201 2140 1268 2184 non

155 2240 284 2302 paucos
301 2219 498 2285 habuimus:
511 2241 532 2283 a
547 2221 668 2304 quibus
681 2221 818 2304 quidem
830 2242 896 2287 non
911 2224 1014 2287 modo
1025 2221 1268 2306 gratulationes

156 2335 193 2387 et
209 2333 289 2388 vota
304 2346 365 2408 pro
381 2325 614 2390 incolumitate
640 2324 775 2403 Nostra,
800 2347 914 2391 verum
931 2329 1032 2391 etiam
1060 2328 1146 2410 grati
1163 2326 1267 2391 animi

154 2427 438 2510 significationem
469 2432 661 2513 accepimus
695 2431 740 2494 ob
771 2443 981 2513 perspectam
1015 2432 1048 2494 in
1097 2430 1268 2496 Hibernos

155 2531 320 2597 Nostram
341 2533 562 2598 voluntatem.
577 2571 620 2582 -
634 2533 700 2597 His
716 2535 796 2617 ipsis
813 2535 977 2616 proximis
995 2535 1175 2610 mensibus,
1190 2555 1266 2598 cum

153 2636 321 2720 templum
339 2639 372 2700 in
385 2638 449 2701 hac
464 2637 555 2701 alma
566 2637 660 2702 Urbe
670 2636 884 2702 exaedificari
902 2639 934 2701 in
952 2638 1116 2703 honorem
1128 2638 1267 2717 Patritii,

153 2743 271 2823 magni
290 2741 519 2805 Hibernorum
546 2740 717 2824 Apostoli,
743 2741 914 2824 placuerit,
934 2741 1111 2806 consilium
1127 2745 1265 2825 quidem

153 2846 308 2910 maxima
335 2845 439 2908 animi
467 2845 691 2929 propensione
716 2846 916 2922 adiuvimus,
942 2865 1044 2928 reque
1065 2867 1126 2929 pro
1141 2847 1266 2911 viribus

152 2951 303 3015 adiuturi
319 2969 443 3013 sumus.
1272 2959 1273 2964 ’

199 3053 390 3118 Nuncvero
405 3063 546 3136 paterna
562 3054 626 3116 ista
642 3053 763 3116 caritas
782 3073 859 3117 cum
876 3055 909 3117 in
928 3052 1035 3118 Nobis
1056 3055 1173 3118 eadem
1192 3074 1264 3137 per·
1304 3061 1443 3168 &emt

151 3169 293 3234 sereret,
308 3157 520 3222 dissimulare
536 3177 603 3220 non
620 3175 810 3238 possumus,
825 3158 941 3239 gravia
954 3157 1062 3220 Nobis
1078 3177 1117 3220 ac
1133 3178 1263 3241 permo-
1290 3181 1318 3224 re
1348 3181 1440 3228 curcua

149 3259 236 3324 lesta
260 3263 419 3339 accidere,
445 3281 532 3344 quae
558 3259 742 3323 novissimo
767 3269 919 3343 ternpore
946 3261 1044 3324 istinc
1072 3257 1264 3328 afferuntur.
1290 3239 1432 3353 ’ζῖζῗζιὼ

152 3359 370 3447 inopinatam
388 3365 648 3430 concitationem
672 3364 860 3427 animorum
877 3363 1105 3448 intelligimus,
1120 3365 1200 3430 inde
1215 3387 1263 3430 re·
1298 3359 1428 3477 pranpffig

149 3479 257 3552 pente
279 3478 441 3546 coortam,
467 3470 557 3552 quod
583 3487 623 3531 ea
646 3469 830 3532 dimicandi
857 3467 995 3547 ratione,
1018 3471 1213 3552 quamplan
1228 3473 1293 3551 of
1287 3481 1311 3519 et
1329 3478 1438 3536 boyootr

146 3573 323 3656 campaign
339 3582 372 3637 et
389 3571 568 3656 boycotting
581 3573 767 3650 nominant,
793 3572 944 3654 pluribus
964 3575 1115 3654 usurpari
1132 3585 1262 3658 coepta,
1283 3547 1438 3650 ,mianum

146 3697 281 3740 sacrum
310 3676 497 3741 Consilium
523 3674 750 3759 perduellibus
778 3676 951 3740 Ecclesiae
976 3676 1186 3742 vindicandis
1211 3679 1260 3742 uti
1279 3653 1437 3770 ζ’,ῗῗωξζῗ

146 3781 299 3845 decrevit
313 3800 381 3844 non
405 3779 512 3843 licere.
528 3779 703 3862 -Atque
730 3778 812 3843 illud
839 3781 1022 3844 dolendum
1050 3781 1168 3864 magis,
1192 3800 1258 3845 non
1284 3778 1381 3830 ceprrrnr.

150 3903 280 3966 paucos
303 3883 480 3960 numerari,
506 3882 563 3964 qui
589 3882 752 3965 populum
778 3884 821 3946 ad
847 3883 1025 3947 conciones
1049 3883 1259 3948 turbulentas

145 4007 268 4051 vocare
285 3987 459 4052 insistant:
475 3987 596 4069 quibus
616 3988 649 4050 in
677 3987 895 4051 concionibus
919 3989 1185 4052 inconsideratae
1212 3987 1257 4050 ia-

148 4101 289 4157 ctantur
319 4088 591 4174 periculosaeque
617 4091 802 4174 opiniones,
826 4111 888 4156 nec
911 4091 1102 4156 auctoritati
1133 4091 1257 4155 decreti

146 4197 317 4278 parcitur:
339 4193 430 4278 quod
452 4195 562 4278 ipsum
579 4193 679 4276 longe
695 4193 771 4272 alio,
786 4214 888 4279 quarn
905 4215 973 4278 quo
988 4215 1101 4260 revera
1118 4181 1259 4278 spectat,

146 4299 391 4362 commentitiis
415 4297 746 4380 interpretationibus
775 4300 1003 4380 detorquetur.
1036 4298 1147 4361 Immo
1177 4318 1256 4362 vero

146 4401 330 4466 obediendi
345 4399 491 4474 officium
518 4402 611 4486 gigni
641 4423 686 4466 ex
706 4401 765 4466 illo
780 4413 915 4484 negant,
929 4400 1068 4484 perinde
1084 4422 1123 4464 ac
1138 4422 1253 4465 verum
