3140 4866
450 397 570 450 INDEX
598 397 847 451 ANALYTICUS.

163 640 239 692 nere,
247 625 341 697 deque
353 627 412 682 zelo
422 628 578 683 luculenter
589 644 724 700 expresso
734 642 778 694 40.
789 657 827 668 -
839 624 1031 695 Scriptoribus
1043 623 1130 693 ephe·

162 706 303 761 rneridum
316 707 497 762 commendat
519 708 649 778 spiritum
662 707 831 772 concordiae,
851 704 1047 761 obedientiam
1060 701 1129 759 sedi

161 785 336 854 Apostolicae
348 799 434 856 atque
447 787 599 859 Episcopis
611 803 653 853 40.
681 787 851 843 -Graviter
863 786 941 840 dolet
954 795 982 840 et
994 785 1128 854 reprobat

161 865 244 919 aliter
254 867 407 921 nonnullos
420 883 451 922 se
463 868 588 936 gessisse
600 883 642 934 4ο.
656 897 692 907 -
706 867 811 923 Invitat
823 863 994 937 scriptorem
1008 875 1037 918 ut
1051 879 1128 919 com·

152 942 276 999 mendet
286 944 438 1000 lectoribus
451 956 622 1003 conventum
637 947 865 1022 Caesaraugustae
877 943 1006 1016 proxime
1019 942 1126 998 haben-

161 1021 240 1083 dum,
254 1039 272 1077 a
285 1039 342 1094 quo
354 1025 475 1080 multum
488 1041 539 1094 pro
549 1024 705 1081 concordia
717 1034 814 1096 sperat
826 1038 870 1091 41.

128 1119 160 1170 9.
177 1122 386 1174 EPls'rOLll
398 1125 442 1175 ed
456 1125 659 1189 Episcopum
672 1126 907 1191 orgelleneem·
922 1124 972 1176 De
983 1121 1131 1176 sedando

91 1208 336 1262 discordiarum
349 1214 468 1264 studio.
483 1239 519 1249 —
530 1213 576 1264 20
589 1215 689 1266 Mart.
704 1213 787 1265 1890

199 1301 328 1358 Pontifex
342 1304 523 1360 commendat
536 1315 725 1376 opportunam
744 1303 896 1376 epistolam
908 1319 999 1372 nuper
1010 1304 1048 1357 ab
1061 1299 1129 1369 Epi·

159 1396 249 1451 scopo
263 1382 423 1451 Orgeliensi
440 1383 477 1439 de
497 1384 593 1439 studio
602 1384 764 1440 concordiae
785 1385 821 1440 ad
832 1375 941 1440 clerum
953 1395 1129 1453 gregemque

157 1459 258 1514 datam
272 1475 314 1527 42.
329 1491 364 1500 -
376 1463 488 1532 Agendi
511 1465 583 1518 ratio
604 1463 756 1520 discordiae
774 1473 935 1519 amatorum
960 1460 1129 1532 gravissime

156 1549 273 1594 notatur
282 1553 362 1606 42-
375 1543 442 1598 Non
455 1543 600 1610 religionis
613 1545 664 1600 sed
677 1543 793 1599 alterius
802 1541 843 1598 rei
852 1541 977 1598 studium
990 1541 1128 1608 foventes,

156 1619 252 1673 lucem
265 1619 384 1676 oderant
397 1622 466 1677 caeci
487 1639 629 1678 caecornm
650 1623 739 1680 duces
751 1637 794 1690 42.
808 1651 844 1662 -
859 1623 936 1677 lnter
946 1637 1018 1691 quos
1031 1619 1128 1674 dolen·

156 1698 229 1752 dnm
249 1709 292 1754 est
313 1701 455 1770 quosdam
476 1703 687 1758 ecclesiasticos
708 1713 736 1759 et
757 1702 905 1772 religiosos
924 1702 1009 1767 viros,
1022 1699 1128 1754 inscios

156 1777 264 1848 forsan,
278 1779 394 1849 reperiri
407 1795 450 1850 43.
464 1811 499 1822 —
509 1783 600 1838 Valde
610 1782 677 1838 inde
698 1782 882 1838 commendat
895 1779 1025 1836 Pontifex
1039 1780 1128 1835 zelum

158 1857 295 1913 Praesulis
308 1859 491 1929 Orgeliensis,
501 1863 580 1931 cujus
590 1879 662 1932 opus
671 1862 839 1932 praecellens
849 1869 929 1931 optat
939 1861 1001 1915 fore
1008 1859 1129 1931 perutile

157 1936 199 1992 ad
213 1938 389 1992 revocandos
402 1938 513 1993 animos
526 1939 732 1994 discordiarum
745 1949 816 1996 aestu
829 1941 993 1994 laborantes
1006 1952 1048 2006 43.

121 2035 947 2102 10.EPISTOLAadPhillppumArohlepiscopum
957 2039 1130 2088 Colonien-

83 2135 169 2176 sem.
186 2122 236 2173 De
249 2128 430 2184 quaestione
450 2127 694 2189 mutamusque
718 2125 933 2177 missionibus
952 2125 1126 2176 Africanis.

80 2209 183 2262 -20
204 2211 307 2272 April.
324 2211 416 2263 1890.
1166 2222 1201 2276 44

195 2303 327 2359 Pontifex
340 2321 403 2360 sese
424 2306 576 2376 quaestioni
590 2307 688 2362 sociali
711 2309 836 2361 maxime
859 2306 1008 2375 protitetur
1027 2304 1129 2358 sollici·

155 2393 222 2441 tum
234 2396 277 2450 44
291 2411 326 2422 —-
337 2383 384 2438 Ad
398 2385 471 2439 hanc
485 2385 652 2440 solvendam
665 2385 791 2455 potiores
805 2395 900 2455 partes
914 2381 1045 2437 Ecclesia
1057 2381 1127 2451 agit·

152 2464 266 2536 quippe
278 2462 323 2518 cui
338 2463 527 2533 Evangelium
540 2465 725 2520 commissum
737 2475 790 2534 est,
803 2463 902 2520 omnia
910 2463 975 2532 jura
987 2478 1021 2515 ac
1034 2461 1129 2517 officia

152 2542 285 2615 perfecte
297 2543 491 2612 complectens
503 2557 583 2609 44-
592 2545 729 2598 Germani
741 2543 892 2600 Antistites
905 2541 990 2611 hujus
1002 2541 1128 2596 veritatis

151 2623 244 2694 plane
269 2621 385 2690 conscii,
404 2622 574 2677 adlaborent
599 2624 737 2692 certatim,
762 2635 792 2678 ut
810 2639 911 2693 greges
936 2621 974 2675 ad
998 2637 1129 2676 normam

152 2701 266 2757 Christi
277 2699 367 2756 vitam
380 2702 494 2771 degant,
508 2713 537 2756 ut
550 2703 670 2758 servatis
676 2703 788 2774 justitia
796 2714 824 2758 et
846 2703 973 2770 caritate,
986 2700 1128 2756 molestiae

149 2781 293 2852 inopibus
306 2783 477 2850 minuantur,
490 2781 627 2838 divitibus
636 2783 777 2838 fraternus
785 2782 900 2838 animus
918 2792 1036 2836 acuatur
1049 2794 1130 2850 45.—

151 2863 368 2918 Germanorum
388 2861 462 2915 zelus
482 2871 511 2916 et
532 2877 620 2933 opera
640 2862 810 2928 laudantur;
836 2877 900 2932 quae
919 2871 1033 2930 optatur
1046 2871 1075 2915 ut
1088 2861 1129 2916 fo·

154 2949 284 2996 veantur
294 2949 322 2994 et
336 2950 466 2995 crescant
478 2954 522 3010 45.

72 3017 75 3022 ’
190 3021 253 3077 Sed
266 3031 293 3075 et
306 3020 457 3076 eruditioni
471 3021 657 3076 barbarorum
679 3021 803 3077 sollicita
816 3032 859 3077 est
880 3019 1019 3086 Ecclesia,
1033 3019 1128 3089 impri-

147 3101 210 3158 mis
224 3116 301 3154 nunc
313 3099 439 3155 Africam
453 3100 636 3156 incolentium
649 3103 692 3167 46.
706 3101 829 3155 -Zelus
840 3099 1003 3156 Germaniae
1012 3099 1129 3152 catholi-

147 3199 197 3238 cae
210 3187 313 3250 aperto
323 3180 377 3234 sibi
387 3196 489 3249 campo
500 3196 557 3234 non
568 3181 642 3236 desit
655 3181 698 3247 46.
713 3209 748 3219 -
759 3180 906 3235 Condatur
916 3177 1078 3232 institutum
1091 3176 1129 3231 ad

147 3261 249 3317 instar
270 3259 382 3329 collegii
406 3258 514 3328 Belgici
537 3277 588 3329 pro
609 3259 774 3329 regionibus
797 3259 889 3328 Congi
903 3258 947 3323 46.
960 3287 996 3298 —
1010 3256 1129 3311 Collatia

148 3337 287 3398 consiliis
301 3339 510 3393 Germanorum
523 3338 692 3394 Antistitum
705 3339 760 3394 hoc
773 3349 972 3408 argumentum
992 3335 1130 3390 instanter

150 3417 382 3478 commendatur
394 3431 437 3483 v7.

105 3524 153 3574 ll.
178 3517 429 3572 ALLOCUTIO
449 3519 491 3568 ad
511 3519 600 3569 cives
621 3521 723 3570 Italos
744 3529 867 3580 magna
886 3517 1073 3578 frequentia
1087 3515 1129 3566 ad

64 3617 212 3678 patrem
228 3609 451 3658 convolantes.
469 3607 515 3657 De
527 3607 644 3658 omens
656 3609 819 3658 Italorum
832 3607 1081 3656 catholicorum.
1092 3625 1127 3637 -

64 3693 355 3763 20Aprll.1890
1164 3685 1200 3750 48

180 3789 305 3846 Amoris
327 3788 409 3858 signa
430 3791 468 3844 ab
491 3791 570 3843 ltalis
590 3803 710 3860 accepta
729 3789 893 3858 gratissima
918 3788 972 3842 sibi
995 3786 1127 3840 Pontifex

141 3872 283 3928 declarat
305 3868 350 3934 48.
364 3898 399 3908 -
413 3869 533 3923 Maestus
555 3879 702 3923 enumerat
722 3869 799 3923 mala
824 3867 984 3922 Ecclesiam
1001 3865 1028 3919 in
1044 3864 1129 3920 ltalia

138 3949 346 4023 opprimentia
370 3948 411 4002 vel
436 3949 462 4003 ei
488 3948 650 4002 minitantia
674 3949 717 4014 48.
743 3977 778 3988 -
804 3949 1026 4016 Ingravescente
1053 3945 1129 3999 bello

137 4026 288 4089 catholici
304 4027 367 4081 ltali
381 4037 496 4081 strenue
509 4039 605 4098 partes
619 4025 758 4082 Ecclesiae
771 4035 903 4081 tueantur
915 4039 960 4093 49.
977 4053 1009 4064 -
1023 4025 1127 4078 Gratu-

137 4115 226 4169 latur
250 4107 498 4176 peregrinantibus
510 4106 553 4173 48.
568 4135 602 4145 -
623 4107 803 4174 Religionem
825 4106 945 4160 tutando
964 4104 1072 4174 optime
1085 4103 1127 4156 in·

139 4187 286 4250 serviunt
297 4185 397 4256 patriae
410 4201 453 4255 49.
467 4217 502 4224 -
517 4185 574 4240 Ubi
589 4185 646 4240 sint
659 4185 717 4241 veri
732 4185 824 4240 ltaliae
844 4185 928 4239 amici
943 4183 1071 4238 ostendit
1086 4195 1127 4252 50.

139 4303 180 4315 ...
196 4270 304 4336 Quare
319 4265 381 4319 ltali
395 4265 501 4330 fideles,
512 4264 639 4319 consiliis
649 4281 740 4336 nuper
752 4282 770 4318 a
782 4281 814 4320 se
827 4264 903 4319 datis
916 4264 1128 4332 obtemperent,

144 4344 354 4408 venerabilem
369 4348 484 4416 Luxago
497 4347 597 4403 imitati
609 4361 686 4417 50.-
697 4345 873 4401 Libertatem
887 4343 1002 4399 S.Sedis
1015 4354 1129 4396 strenue

141 4427 308 4487 vindicent
322 4437 363 4494 50.
