<?xml version="1.0" encoding="UTF-8"?>
<!DOCTYPE html PUBLIC "-//W3C//DTD XHTML 1.0 Transitional//EN"
    "http://www.w3.org/TR/xhtml1/DTD/xhtml1-transitional.dtd">
<html xmlns="http://www.w3.org/1999/xhtml" xml:lang="en" lang="en">
 <head>
  <title>
</title>
<meta http-equiv="Content-Type" content="text/html;charset=utf-8" />
  <meta name='ocr-system' content='tesseract 3.04.00' />
  <meta name='ocr-capabilities' content='ocr_page ocr_carea ocr_par ocr_line ocrx_word'/>
</head>
<body>
  <div class='ocr_page' id='page_1' title='image "./sanctissimidomi03xiiigoog_0588.png"; bbox 0 0 3172 4874; ppageno 0'>
   <div class='ocr_carea' id='block_1_1' title="bbox 205 387 1204 471">
    <p class='ocr_par' dir='ltr' id='par_1_1' title="bbox 205 387 1204 471">
     <span class='ocr_line' id='line_1_1' title="bbox 205 387 1204 471; baseline 0.016 -35"><span class='ocrx_word' id='word_1_1' title='bbox 205 387 256 437; x_wconf 86' lang='lat' dir='ltr'><strong>DE</strong></span> <span class='ocrx_word' id='word_1_2' title='bbox 276 388 516 441; x_wconf 82' lang='lat' dir='ltr'><strong>HIERARCHIA</strong></span> <span class='ocrx_word' id='word_1_3' title='bbox 535 392 577 442; x_wconf 88' lang='lat' dir='ltr'><strong>IN</strong></span> <span class='ocrx_word' id='word_1_4' title='bbox 598 393 754 445; x_wconf 80' lang='lat' dir='ltr'><strong>IAPONIA</strong></span> <span class='ocrx_word' id='word_1_5' title='bbox 771 396 1076 450; x_wconf 87' lang='lat' dir='ltr'><strong>CONSTITUENDA.</strong></span> <span class='ocrx_word' id='word_1_6' title='bbox 1136 403 1204 471; x_wconf 83' lang='lat'><strong>223</strong></span> 
     </span>
    </p>
   </div>
   <div class='ocr_carea' id='block_1_2' title="bbox 78 561 1380 2728">
    <p class='ocr_par' dir='ltr' id='par_1_2' title="bbox 82 561 1380 2308">
     <span class='ocr_line' id='line_1_2' title="bbox 95 561 1319 659; baseline 0.012 -32"><span class='ocrx_word' id='word_1_7' title='bbox 95 571 247 646; x_wconf 87' lang='lat' dir='ltr'><strong>posteros</strong></span> <span class='ocrx_word' id='word_1_8' title='bbox 263 561 370 648; x_wconf 91' lang='lat' dir='ltr'><strong>gloria</strong></span> <span class='ocrx_word' id='word_1_9' title='bbox 386 566 502 651; x_wconf 80' lang='lat' dir='ltr'><strong>fulget,</strong></span> <span class='ocrx_word' id='word_1_10' title='bbox 514 569 557 632; x_wconf 89' lang='lat' dir='ltr'><strong>ad</strong></span> <span class='ocrx_word' id='word_1_11' title='bbox 573 589 630 633; x_wconf 89' lang='lat' dir='ltr'><strong>eas</strong></span> <span class='ocrx_word' id='word_1_12' title='bbox 646 589 721 635; x_wconf 89' lang='lat' dir='ltr'><strong>oras</strong></span> <span class='ocrx_word' id='word_1_13' title='bbox 739 572 852 637; x_wconf 88' lang='lat' dir='ltr'><strong>multis</strong></span> <span class='ocrx_word' id='word_1_14' title='bbox 868 575 1032 656; x_wconf 84' lang='lat' dir='ltr'><strong>perfuncti</strong></span> <span class='ocrx_word' id='word_1_15' title='bbox 1050 577 1203 659; x_wconf 91' lang='lat' dir='ltr'><strong>periculis</strong></span> <span class='ocrx_word' id='word_1_16' title='bbox 1291 598 1319 642; x_wconf 84' lang='lat'><strong>15</strong></span> 
     </span>
     <span class='ocr_line' id='line_1_3' title="bbox 95 643 1353 761; baseline 0.008 -29"><span class='ocrx_word' id='word_1_17' title='bbox 95 666 324 749; x_wconf 88' lang='lat' dir='ltr'><strong>appulissent;</strong></span> <span class='ocrx_word' id='word_1_18' title='bbox 344 690 434 734; x_wconf 92' lang='lat' dir='ltr'><strong>anno</strong></span> <span class='ocrx_word' id='word_1_19' title='bbox 450 671 573 737; x_wconf 89' lang='lat' dir='ltr'><strong>deinde</strong></span> <span class='ocrx_word' id='word_1_20' title='bbox 587 674 737 738; x_wconf 87' lang='lat' dir='ltr'><strong>eiusdem</strong></span> <span class='ocrx_word' id='word_1_21' title='bbox 758 676 882 741; x_wconf 88' lang='lat' dir='ltr'><strong>saeculi</strong></span> <span class='ocrx_word' id='word_1_22' title='bbox 904 696 994 742; x_wconf 93' lang='lat' dir='ltr'><strong>nono</strong></span> <span class='ocrx_word' id='word_1_23' title='bbox 1010 688 1045 743; x_wconf 89' lang='lat' dir='ltr'><strong>et</strong></span> <span class='ocrx_word' id='word_1_24' title='bbox 1060 681 1201 761; x_wconf 90' lang='lat' dir='ltr'><strong>qnadra-</strong></span> <span class='ocrx_word' id='word_1_25' title='bbox 1259 643 1353 754; x_wconf 49' lang='lat' dir='ltr'><strong>illlis</strong></span> 
     </span>
     <span class='ocr_line' id='line_1_4' title="bbox 93 772 1380 862; baseline 0.013 -26"><span class='ocrx_word' id='word_1_26' title='bbox 93 772 223 854; x_wconf 83' lang='lat' dir='ltr'><strong>gesimo</strong></span> <span class='ocrx_word' id='word_1_27' title='bbox 238 774 281 837; x_wconf 89' lang='lat' dir='ltr'><strong>ad</strong></span> <span class='ocrx_word' id='word_1_28' title='bbox 298 774 505 841; x_wconf 85' lang='lat' dir='ltr'><strong>laustitatcm</strong></span> <span class='ocrx_word' id='word_1_29' title='bbox 524 777 685 858; x_wconf 88' lang='lat' dir='ltr'><strong>laponiae</strong></span> <span class='ocrx_word' id='word_1_30' title='bbox 699 781 810 860; x_wconf 89' lang='lat' dir='ltr'><strong>gentis</strong></span> <span class='ocrx_word' id='word_1_31' title='bbox 826 782 977 862; x_wconf 90' lang='lat' dir='ltr'><strong>contigit,</strong></span> <span class='ocrx_word' id='word_1_32' title='bbox 993 791 1029 846; x_wconf 92' lang='lat' dir='ltr'><strong>ut</strong></span> <span class='ocrx_word' id='word_1_33' title='bbox 1047 783 1080 848; x_wconf 88' lang='lat' dir='ltr'><strong>S.</strong></span> <span class='ocrx_word' id='word_1_34' title='bbox 1098 783 1202 848; x_wconf 89' lang='lat' dir='ltr'><strong>Fran·</strong></span> <span class='ocrx_word' id='word_1_35' title='bbox 1289 807 1331 852; x_wconf 73' lang='lat' dir='ltr'><strong>sub</strong></span> <span class='ocrx_word' id='word_1_36' title='bbox 1351 807 1380 854; x_wconf 82' lang='lat' dir='ltr'><strong>S.</strong></span> 
     </span>
     <span class='ocr_line' id='line_1_5' title="bbox 92 866 1359 978; baseline 0.009 -38"><span class='ocrx_word' id='word_1_37' title='bbox 92 878 199 940; x_wconf 90' lang='lat' dir='ltr'><strong>ciscus</strong></span> <span class='ocrx_word' id='word_1_38' title='bbox 215 877 380 943; x_wconf 88' lang='lat' dir='ltr'><strong>Xaverius</strong></span> <span class='ocrx_word' id='word_1_39' title='bbox 395 879 639 962; x_wconf 87' lang='lat' dir='ltr'><strong>Apostolorum</strong></span> <span class='ocrx_word' id='word_1_40' title='bbox 656 891 806 948; x_wconf 86' lang='lat' dir='ltr'><strong>veterum</strong></span> <span class='ocrx_word' id='word_1_41' title='bbox 830 886 962 950; x_wconf 89' lang='lat' dir='ltr'><strong>virtutis</strong></span> <span class='ocrx_word' id='word_1_42' title='bbox 981 885 1084 962; x_wconf 87' lang='lat' dir='ltr'><strong>heres,</strong></span> <span class='ocrx_word' id='word_1_43' title='bbox 1100 908 1202 970; x_wconf 89' lang='lat' dir='ltr'><strong>opere</strong></span> <span class='ocrx_word' id='word_1_44' title='bbox 1229 866 1359 978; x_wconf 54' lang='lat' dir='ltr'><strong>ssffiw</strong></span> 
     </span>
     <span class='ocr_line' id='line_1_6' title="bbox 92 982 1200 1064; baseline 0.011 -23"><span class='ocrx_word' id='word_1_45' title='bbox 92 985 127 1042; x_wconf 89' lang='lat' dir='ltr'><strong>et</strong></span> <span class='ocrx_word' id='word_1_46' title='bbox 150 999 305 1043; x_wconf 85' lang='lat' dir='ltr'><strong>sermone</strong></span> <span class='ocrx_word' id='word_1_47' title='bbox 331 991 452 1064; x_wconf 90' lang='lat' dir='ltr'><strong>potens</strong></span> <span class='ocrx_word' id='word_1_48' title='bbox 481 982 697 1064; x_wconf 87' lang='lat' dir='ltr'><strong>laponioru&#39;m</strong></span> <span class='ocrx_word' id='word_1_49' title='bbox 716 985 851 1064; x_wconf 87' lang='lat' dir='ltr'><strong>insulas,</strong></span> <span class='ocrx_word' id='word_1_50' title='bbox 876 987 918 1050; x_wconf 87' lang='lat' dir='ltr'><strong>ad</strong></span> <span class='ocrx_word' id='word_1_51' title='bbox 945 990 1200 1052; x_wconf 87' lang='lat' dir='ltr'><strong>monstrandum</strong></span> 
     </span>
     <span class='ocr_line' id='line_1_7' title="bbox 92 1083 1201 1173; baseline 0.007 -25"><span class='ocrx_word' id='word_1_52' title='bbox 92 1083 248 1166; x_wconf 89' lang='lat' dir='ltr'><strong>gentibus</strong></span> <span class='ocrx_word' id='word_1_53' title='bbox 265 1094 391 1149; x_wconf 90' lang='lat' dir='ltr'><strong>rectum</strong></span> <span class='ocrx_word' id='word_1_54' title='bbox 408 1085 526 1151; x_wconf 89' lang='lat' dir='ltr'><strong>salutis</strong></span> <span class='ocrx_word' id='word_1_55' title='bbox 541 1087 604 1151; x_wconf 86' lang='lat' dir='ltr'><strong>iter</strong></span> <span class='ocrx_word' id='word_1_56' title='bbox 618 1088 856 1170; x_wconf 78' lang='lat' dir='ltr'><strong>ingrederetur.</strong></span> <span class='ocrx_word' id='word_1_57' title='bbox 873 1089 952 1173; x_wconf 86' lang='lat' dir='ltr'><strong>Quo</strong></span> <span class='ocrx_word' id='word_1_58' title='bbox 968 1092 1117 1172; x_wconf 84' lang='lat' dir='ltr'><strong>pollebat</strong></span> <span class='ocrx_word' id='word_1_59' title='bbox 1136 1094 1201 1156; x_wconf 92' lang='lat' dir='ltr'><strong>Dei</strong></span> 
     </span>
     <span class='ocr_line' id='line_1_8' title="bbox 90 1189 1202 1292; baseline 0.008 -40"><span class='ocrx_word' id='word_1_60' title='bbox 90 1189 209 1271; x_wconf 90' lang='lat' dir='ltr'><strong>spiritu</strong></span> <span class='ocrx_word' id='word_1_61' title='bbox 226 1209 369 1272; x_wconf 86' lang='lat' dir='ltr'><strong>magnus</strong></span> <span class='ocrx_word' id='word_1_62' title='bbox 384 1190 438 1255; x_wconf 95' lang='lat' dir='ltr'><strong>hic</strong></span> <span class='ocrx_word' id='word_1_63' title='bbox 447 1191 629 1274; x_wconf 88' lang='lat' dir='ltr'><strong>sospitator</strong></span> <span class='ocrx_word' id='word_1_64' title='bbox 644 1193 790 1271; x_wconf 90' lang='lat' dir='ltr'><strong>orientis,</strong></span> <span class='ocrx_word' id='word_1_65' title='bbox 806 1192 906 1257; x_wconf 91' lang='lat' dir='ltr'><strong>nullis</strong></span> <span class='ocrx_word' id='word_1_66' title='bbox 923 1196 1202 1292; x_wconf 47' lang='lat' dir='ltr'><strong>parcensplabori·</strong></span> 
     </span>
     <span class='ocr_line' id='line_1_9' title="bbox 90 1293 1200 1378; baseline 0.005 -20"><span class='ocrx_word' id='word_1_67' title='bbox 90 1294 163 1372; x_wconf 90' lang='lat' dir='ltr'><strong>bus,</strong></span> <span class='ocrx_word' id='word_1_68' title='bbox 178 1293 455 1358; x_wconf 83' lang='lat' dir='ltr'><strong>innumerabilem</strong></span> <span class='ocrx_word' id='word_1_69' title='bbox 471 1294 646 1360; x_wconf 91' lang='lat' dir='ltr'><strong>hominum</strong></span> <span class='ocrx_word' id='word_1_70' title='bbox 663 1297 730 1362; x_wconf 91' lang='lat' dir='ltr'><strong>vim</strong></span> <span class='ocrx_word' id='word_1_71' title='bbox 759 1297 894 1363; x_wconf 90' lang='lat' dir='ltr'><strong>Christo</strong></span> <span class='ocrx_word' id='word_1_72' title='bbox 915 1293 1077 1365; x_wconf 80' lang='lat' dir='ltr'><strong>lucrifecil</strong></span> <span class='ocrx_word' id='word_1_73' title='bbox 1092 1322 1100 1378; x_wconf 89' lang='lat'>;</span> <span class='ocrx_word' id='word_1_74' title='bbox 1117 1300 1200 1366; x_wconf 89' lang='lat' dir='ltr'><strong>eius-</strong></span> 
     </span>
     <span class='ocr_line' id='line_1_10' title="bbox 89 1397 1377 1489; baseline 0.006 -29"><span class='ocrx_word' id='word_1_75' title='bbox 89 1415 157 1480; x_wconf 86' lang='lat' dir='ltr'><strong>que</strong></span> <span class='ocrx_word' id='word_1_76' title='bbox 172 1398 314 1480; x_wconf 88' lang='lat' dir='ltr'><strong>vestigia</strong></span> <span class='ocrx_word' id='word_1_77' title='bbox 331 1397 476 1462; x_wconf 73' lang='lat' dir='ltr'><strong>illustres</strong></span> <span class='ocrx_word' id='word_1_78' title='bbox 492 1399 625 1464; x_wconf 88' lang='lat' dir='ltr'><strong>sodales</strong></span> <span class='ocrx_word' id='word_1_79' title='bbox 646 1401 718 1464; x_wconf 90' lang='lat' dir='ltr'><strong>eius</strong></span> <span class='ocrx_word' id='word_1_80' title='bbox 733 1400 857 1465; x_wconf 92' lang='lat' dir='ltr'><strong>deinde</strong></span> <span class='ocrx_word' id='word_1_81' title='bbox 873 1404 1016 1484; x_wconf 88' lang='lat' dir='ltr'><strong>sequuti,</strong></span> <span class='ocrx_word' id='word_1_82' title='bbox 1038 1404 1072 1468; x_wconf 92' lang='lat' dir='ltr'><strong>in</strong></span> <span class='ocrx_word' id='word_1_83' title='bbox 1089 1406 1200 1486; x_wconf 89' lang='lat' dir='ltr'><strong>plures</strong></span> <span class='ocrx_word' id='word_1_84' title='bbox 1234 1420 1327 1489; x_wconf 58' lang='lat' dir='ltr'><strong>queque</strong></span> <span class='ocrx_word' id='word_1_85' title='bbox 1344 1436 1377 1468; x_wconf 64' lang='lat' dir='ltr'><strong>sa</strong></span> 
     </span>
     <span class='ocr_line' id='line_1_11' title="bbox 91 1479 1329 1585; baseline 0.009 -24"><span class='ocrx_word' id='word_1_86' title='bbox 91 1498 229 1580; x_wconf 88' lang='lat' dir='ltr'><strong>Imperii</strong></span> <span class='ocrx_word' id='word_1_87' title='bbox 253 1499 366 1581; x_wconf 91' lang='lat' dir='ltr'><strong>magni</strong></span> <span class='ocrx_word' id='word_1_88' title='bbox 383 1498 571 1582; x_wconf 90' lang='lat' dir='ltr'><strong>provincias</strong></span> <span class='ocrx_word' id='word_1_89' title='bbox 586 1519 782 1579; x_wconf 88' lang='lat' dir='ltr'><strong>successere,</strong></span> <span class='ocrx_word' id='word_1_90' title='bbox 803 1521 843 1566; x_wconf 90' lang='lat' dir='ltr'><strong>ea</strong></span> <span class='ocrx_word' id='word_1_91' title='bbox 859 1501 1020 1569; x_wconf 82' lang='lat' dir='ltr'><strong>felicitate</strong></span> <span class='ocrx_word' id='word_1_92' title='bbox 1035 1525 1199 1585; x_wconf 91' lang='lat' dir='ltr'><strong>curarum,</strong></span> <span class='ocrx_word' id='word_1_93' title='bbox 1226 1479 1329 1532; x_wconf 57' lang='lat' dir='ltr'><strong>dal&#39;lm&#39;</strong></span> 
     </span>
     <span class='ocr_line' id='line_1_12' title="bbox 87 1601 1200 1690; baseline 0.008 -23"><span class='ocrx_word' id='word_1_94' title='bbox 87 1612 126 1667; x_wconf 95' lang='lat' dir='ltr'><strong>ut</strong></span> <span class='ocrx_word' id='word_1_95' title='bbox 143 1601 234 1666; x_wconf 89' lang='lat' dir='ltr'><strong>brevi</strong></span> <span class='ocrx_word' id='word_1_96' title='bbox 250 1612 401 1687; x_wconf 91' lang='lat' dir='ltr'><strong>tempore</strong></span> <span class='ocrx_word' id='word_1_97' title='bbox 416 1611 558 1668; x_wconf 89' lang='lat' dir='ltr'><strong>centena</strong></span> <span class='ocrx_word' id='word_1_98' title='bbox 573 1603 669 1687; x_wconf 90' lang='lat' dir='ltr'><strong>plura</strong></span> <span class='ocrx_word' id='word_1_99' title='bbox 680 1603 856 1669; x_wconf 90' lang='lat' dir='ltr'><strong>hominum</strong></span> <span class='ocrx_word' id='word_1_100' title='bbox 873 1605 978 1672; x_wconf 90' lang='lat' dir='ltr'><strong>millia</strong></span> <span class='ocrx_word' id='word_1_101' title='bbox 995 1607 1200 1690; x_wconf 86' lang='lat' dir='ltr'><strong>baptismate</strong></span> 
     </span>
     <span class='ocr_line' id='line_1_13' title="bbox 86 1706 1198 1790; baseline 0.009 -20"><span class='ocrx_word' id='word_1_102' title='bbox 86 1715 206 1770; x_wconf 86' lang='lat' dir='ltr'><strong>sancto</strong></span> <span class='ocrx_word' id='word_1_103' title='bbox 233 1706 407 1784; x_wconf 86' lang='lat' dir='ltr'><strong>abluerint,</strong></span> <span class='ocrx_word' id='word_1_104' title='bbox 431 1708 488 1790; x_wconf 91' lang='lat' dir='ltr'><strong>qui</strong></span> <span class='ocrx_word' id='word_1_105' title='bbox 515 1708 559 1773; x_wconf 95' lang='lat' dir='ltr'><strong>ab</strong></span> <span class='ocrx_word' id='word_1_106' title='bbox 585 1710 736 1774; x_wconf 90' lang='lat' dir='ltr'><strong>inanium</strong></span> <span class='ocrx_word' id='word_1_107' title='bbox 755 1709 896 1776; x_wconf 91' lang='lat' dir='ltr'><strong>deorum</strong></span> <span class='ocrx_word' id='word_1_108' title='bbox 921 1711 1014 1777; x_wconf 91' lang='lat' dir='ltr'><strong>cultu</strong></span> <span class='ocrx_word' id='word_1_109' title='bbox 1039 1713 1081 1778; x_wconf 96' lang='lat' dir='ltr'><strong>ad</strong></span> <span class='ocrx_word' id='word_1_110' title='bbox 1110 1715 1198 1781; x_wconf 89' lang='lat' dir='ltr'><strong>laeta</strong></span> 
     </span>
     <span class='ocr_line' id='line_1_14' title="bbox 87 1809 1377 1900; baseline 0.012 -26"><span class='ocrx_word' id='word_1_111' title='bbox 87 1809 229 1874; x_wconf 89' lang='lat' dir='ltr'><strong>Domini</strong></span> <span class='ocrx_word' id='word_1_112' title='bbox 248 1831 372 1894; x_wconf 90' lang='lat' dir='ltr'><strong>pascua</strong></span> <span class='ocrx_word' id='word_1_113' title='bbox 387 1809 568 1894; x_wconf 87' lang='lat' dir='ltr'><strong>caulasque</strong></span> <span class='ocrx_word' id='word_1_114' title='bbox 582 1813 793 1878; x_wconf 83' lang='lat' dir='ltr'><strong>transierunt</strong></span> <span class='ocrx_word' id='word_1_115' title='bbox 813 1813 946 1879; x_wconf 92' lang='lat' dir='ltr'><strong>Horum</strong></span> <span class='ocrx_word' id='word_1_116' title='bbox 968 1837 1068 1898; x_wconf 90' lang='lat' dir='ltr'><strong>porro</strong></span> <span class='ocrx_word' id='word_1_117' title='bbox 1084 1839 1197 1884; x_wconf 89' lang='lat' dir='ltr'><strong>aemu-</strong></span> <span class='ocrx_word' id='word_1_118' title='bbox 1239 1843 1377 1900; x_wconf 79' lang='lat' dir='ltr'><strong>atquealiis</strong></span> 
     </span>
     <span class='ocr_line' id='line_1_15' title="bbox 86 1901 1376 2020; baseline 0.009 -42"><span class='ocrx_word' id='word_1_119' title='bbox 86 1915 212 1978; x_wconf 87' lang='lat' dir='ltr'><strong>latores</strong></span> <span class='ocrx_word' id='word_1_120' title='bbox 229 1914 389 1998; x_wconf 89' lang='lat' dir='ltr'><strong>praeclari</strong></span> <span class='ocrx_word' id='word_1_121' title='bbox 413 1915 475 1978; x_wconf 90' lang='lat' dir='ltr'><strong>viri</strong></span> <span class='ocrx_word' id='word_1_122' title='bbox 490 1935 509 1978; x_wconf 92' lang='lat' dir='ltr'><strong>e</strong></span> <span class='ocrx_word' id='word_1_123' title='bbox 526 1915 737 1994; x_wconf 87' lang='lat' dir='ltr'><strong>Franciscali,</strong></span> <span class='ocrx_word' id='word_1_124' title='bbox 759 1937 777 1979; x_wconf 90' lang='lat' dir='ltr'><strong>e</strong></span> <span class='ocrx_word' id='word_1_125' title='bbox 805 1917 1045 1984; x_wconf 89' lang='lat' dir='ltr'><strong>Dominiciana</strong></span> <span class='ocrx_word' id='word_1_126' title='bbox 1062 1920 1196 2000; x_wconf 81' lang='lat' dir='ltr'><strong>familia,</strong></span> <span class='ocrx_word' id='word_1_127' title='bbox 1219 1901 1376 2020; x_wconf 51' lang='grc' dir='ltr'><strong>ἷξζῖἱπξῖζῗ</strong></span> 
     </span>
     <span class='ocr_line' id='line_1_16' title="bbox 84 2018 1194 2112; baseline 0.007 -27"><span class='ocrx_word' id='word_1_128' title='bbox 84 2031 119 2085; x_wconf 90' lang='lat' dir='ltr'><strong>ct</strong></span> <span class='ocrx_word' id='word_1_129' title='bbox 136 2018 378 2102; x_wconf 88' lang='lat' dir='ltr'><strong>Augustiniani</strong></span> <span class='ocrx_word' id='word_1_130' title='bbox 395 2019 526 2083; x_wconf 92' lang='lat' dir='ltr'><strong>sodales</strong></span> <span class='ocrx_word' id='word_1_131' title='bbox 542 2039 587 2083; x_wconf 87' lang='lat' dir='ltr'><strong>ex</strong></span> <span class='ocrx_word' id='word_1_132' title='bbox 602 2021 719 2085; x_wconf 91' lang='lat' dir='ltr'><strong>ordine</strong></span> <span class='ocrx_word' id='word_1_133' title='bbox 733 2021 958 2088; x_wconf 88' lang='lat' dir='ltr'><strong>Eremitarum</strong></span> <span class='ocrx_word' id='word_1_134' title='bbox 972 2026 1125 2104; x_wconf 89' lang='lat' dir='ltr'><strong>extitere,</strong></span> <span class='ocrx_word' id='word_1_135' title='bbox 1138 2029 1194 2112; x_wconf 92' lang='lat' dir='ltr'><strong>qui</strong></span> 
     </span>
     <span class='ocr_line' id='line_1_17' title="bbox 82 2122 1195 2210; baseline 0.009 -24"><span class='ocrx_word' id='word_1_136' title='bbox 82 2124 117 2187; x_wconf 89' lang='lat' dir='ltr'><strong>in</strong></span> <span class='ocrx_word' id='word_1_137' title='bbox 135 2131 290 2204; x_wconf 89' lang='lat' dir='ltr'><strong>patentes</strong></span> <span class='ocrx_word' id='word_1_138' title='bbox 311 2123 471 2204; x_wconf 87' lang='lat' dir='ltr'><strong>laponiae</strong></span> <span class='ocrx_word' id='word_1_139' title='bbox 486 2132 598 2206; x_wconf 89' lang='lat' dir='ltr'><strong>partes</strong></span> <span class='ocrx_word' id='word_1_140' title='bbox 618 2122 713 2187; x_wconf 82' lang='lat' dir='ltr'><strong>effusi</strong></span> <span class='ocrx_word' id='word_1_141' title='bbox 731 2144 855 2206; x_wconf 92' lang='lat' dir='ltr'><strong>magno</strong></span> <span class='ocrx_word' id='word_1_142' title='bbox 879 2126 1003 2210; x_wconf 90' lang='lat' dir='ltr'><strong>ubique</strong></span> <span class='ocrx_word' id='word_1_143' title='bbox 1020 2129 1195 2197; x_wconf 88' lang='lat' dir='ltr'><strong>ministerii</strong></span> 
     </span>
     <span class='ocr_line' id='line_1_18' title="bbox 84 2223 832 2308; baseline 0.001 -19"><span class='ocrx_word' id='word_1_144' title='bbox 84 2225 138 2290; x_wconf 89' lang='lat' dir='ltr'><strong>sui</strong></span> <span class='ocrx_word' id='word_1_145' title='bbox 154 2225 263 2289; x_wconf 83' lang='lat' dir='ltr'><strong>fructu</strong></span> <span class='ocrx_word' id='word_1_146' title='bbox 280 2223 404 2289; x_wconf 88' lang='lat' dir='ltr'><strong>Christi</strong></span> <span class='ocrx_word' id='word_1_147' title='bbox 421 2243 560 2306; x_wconf 90' lang='lat' dir='ltr'><strong>regnum</strong></span> <span class='ocrx_word' id='word_1_148' title='bbox 576 2223 832 2308; x_wconf 90' lang='lat' dir='ltr'><strong>amplificarunt.</strong></span> 
     </span>
    </p>

    <p class='ocr_par' dir='ltr' id='par_1_3' title="bbox 78 2329 1374 2728">
     <span class='ocr_line' id='line_1_19' title="bbox 127 2329 1194 2412; baseline 0.006 -20"><span class='ocrx_word' id='word_1_149' title='bbox 127 2329 519 2410; x_wconf 88' lang='lat' dir='ltr'><strong>Auspicatissimishisce</strong></span> <span class='ocrx_word' id='word_1_150' title='bbox 529 2329 575 2392; x_wconf 90' lang='lat' dir='ltr'><strong>rei</strong></span> <span class='ocrx_word' id='word_1_151' title='bbox 585 2329 1010 2395; x_wconf 88' lang='lat' dir='ltr'><strong>christianaeincrementis</strong></span> <span class='ocrx_word' id='word_1_152' title='bbox 1021 2343 1194 2412; x_wconf 86' lang='lat' dir='ltr'><strong>permotus</strong></span> 
     </span>
     <span class='ocr_line' id='line_1_20' title="bbox 82 2431 1194 2514; baseline 0.003 -16"><span class='ocrx_word' id='word_1_153' title='bbox 82 2432 118 2498; x_wconf 88' lang='lat' dir='ltr'><strong>S.</strong></span> <span class='ocrx_word' id='word_1_154' title='bbox 147 2431 225 2494; x_wconf 91' lang='lat' dir='ltr'><strong>Pius</strong></span> <span class='ocrx_word' id='word_1_155' title='bbox 255 2431 290 2496; x_wconf 91' lang='lat' dir='ltr'>V</span> <span class='ocrx_word' id='word_1_156' title='bbox 319 2432 474 2495; x_wconf 86' lang='lat' dir='ltr'><strong>decessor</strong></span> <span class='ocrx_word' id='word_1_157' title='bbox 504 2432 629 2496; x_wconf 92' lang='lat' dir='ltr'><strong>Noster</strong></span> <span class='ocrx_word' id='word_1_158' title='bbox 658 2452 748 2495; x_wconf 89' lang='lat' dir='ltr'><strong>anno</strong></span> <span class='ocrx_word' id='word_1_159' title='bbox 783 2433 866 2514; x_wconf 88' lang='lat'><strong>1566</strong></span> <span class='ocrx_word' id='word_1_160' title='bbox 896 2454 972 2498; x_wconf 92' lang='lat' dir='ltr'><strong>cum</strong></span> <span class='ocrx_word' id='word_1_161' title='bbox 1001 2435 1194 2501; x_wconf 87' lang='lat' dir='ltr'><strong>Patriarcha</strong></span> 
     </span>
     <span class='ocr_line' id='line_1_21' title="bbox 78 2521 1374 2636; baseline 0.005 -37"><span class='ocrx_word' id='word_1_162' title='bbox 78 2533 288 2618; x_wconf 87' lang='lat' dir='ltr'><strong>Aethiopiae</strong></span> <span class='ocrx_word' id='word_1_163' title='bbox 297 2537 375 2619; x_wconf 88' lang='lat' dir='ltr'><strong>egit,</strong></span> <span class='ocrx_word' id='word_1_164' title='bbox 385 2545 422 2601; x_wconf 90' lang='lat' dir='ltr'><strong>ut</strong></span> <span class='ocrx_word' id='word_1_165' title='bbox 434 2535 467 2599; x_wconf 92' lang='lat' dir='ltr'><strong>in</strong></span> <span class='ocrx_word' id='word_1_166' title='bbox 480 2535 657 2617; x_wconf 87' lang='lat' dir='ltr'><strong>Iaponiam</strong></span> <span class='ocrx_word' id='word_1_167' title='bbox 670 2537 713 2600; x_wconf 92' lang='lat' dir='ltr'><strong>ad</strong></span> <span class='ocrx_word' id='word_1_168' title='bbox 726 2534 882 2600; x_wconf 85' lang='lat' dir='ltr'><strong>catholici</strong></span> <span class='ocrx_word' id='word_1_169' title='bbox 900 2537 1074 2602; x_wconf 91' lang='lat' dir='ltr'><strong>ministerii</strong></span> <span class='ocrx_word' id='word_1_170' title='bbox 1090 2559 1193 2622; x_wconf 89' lang='lat' dir='ltr'><strong>opera</strong></span> <span class='ocrx_word' id='word_1_171' title='bbox 1221 2578 1247 2625; x_wconf 48' lang='lat' dir='ltr'><strong>S,</strong></span> <span class='ocrx_word' id='word_1_172' title='bbox 1264 2521 1374 2636; x_wconf 39' lang='lat'><strong>222⁶&amp;</strong></span> 
     </span>
     <span class='ocr_line' id='line_1_22' title="bbox 79 2638 1371 2728; baseline 0.004 -23"><span class='ocrx_word' id='word_1_173' title='bbox 79 2638 274 2705; x_wconf 90' lang='lat' dir='ltr'><strong>adiuvanda</strong></span> <span class='ocrx_word' id='word_1_174' title='bbox 297 2643 463 2724; x_wconf 84' lang='lat' dir='ltr'><strong>migraret,</strong></span> <span class='ocrx_word' id='word_1_175' title='bbox 479 2661 517 2705; x_wconf 91' lang='lat' dir='ltr'><strong>ac</strong></span> <span class='ocrx_word' id='word_1_176' title='bbox 544 2640 667 2704; x_wconf 88' lang='lat' dir='ltr'><strong>deinde</strong></span> <span class='ocrx_word' id='word_1_177' title='bbox 694 2639 919 2723; x_wconf 85' lang='lat' dir='ltr'><strong>episcopalem</strong></span> <span class='ocrx_word' id='word_1_178' title='bbox 945 2641 1071 2720; x_wconf 87' lang='lat' dir='ltr'><strong>sedem,</strong></span> <span class='ocrx_word' id='word_1_179' title='bbox 1086 2642 1191 2728; x_wconf 89' lang='lat' dir='ltr'><strong>(quod</strong></span> <span class='ocrx_word' id='word_1_180' title='bbox 1217 2639 1371 2696; x_wconf 56' lang='lat' dir='ltr'><strong>ffimd‘t</strong></span> 
     </span>
    </p>
   </div>
   <div class='ocr_carea' id='block_1_3' title="bbox 80 2699 1370 2829">
    <p class='ocr_par' dir='ltr' id='par_1_4' title="bbox 80 2699 1370 2829">
     <span class='ocr_line' id='line_1_23' title="bbox 229 2699 1357 2760; baseline -0.011 -2"><span class='ocrx_word' id='word_1_181' title='bbox 229 2744 237 2758; x_wconf 89' lang='lat'><strong>.</strong></span> <span class='ocrx_word' id='word_1_182' title='bbox 498 2744 507 2759; x_wconf 86' lang='lat'><strong>.</strong></span> <span class='ocrx_word' id='word_1_183' title='bbox 626 2745 633 2759; x_wconf 85' lang='lat'><strong>.</strong></span> <span class='ocrx_word' id='word_1_184' title='bbox 1219 2711 1230 2742; x_wconf 83' lang='lat' dir='ltr'><strong>e</strong></span> <span class='ocrx_word' id='word_1_185' title='bbox 1247 2699 1357 2760; x_wconf 55' lang='lat' dir='ltr'><strong>{scopulis</strong></span> 
     </span>
     <span class='ocr_line' id='line_1_24' title="bbox 80 2744 1370 2829; baseline -0.002 -19"><span class='ocrx_word' id='word_1_186' title='bbox 80 2745 279 2810; x_wconf 75' lang='lat' dir='ltr'><strong>Lusitaniae</strong></span> <span class='ocrx_word' id='word_1_187' title='bbox 296 2745 382 2828; x_wconf 84' lang='lat' dir='ltr'><strong>Regi</strong></span> <span class='ocrx_word' id='word_1_188' title='bbox 400 2744 612 2809; x_wconf 73' lang='lat' dir='ltr'><strong>Fidelissimo</strong></span> <span class='ocrx_word' id='word_1_189' title='bbox 624 2765 657 2808; x_wconf 90' lang='lat' dir='ltr'><strong>m</strong></span> <span class='ocrx_word' id='word_1_190' title='bbox 669 2745 758 2810; x_wconf 91' lang='lat' dir='ltr'><strong>votis</strong></span> <span class='ocrx_word' id='word_1_191' title='bbox 773 2747 860 2829; x_wconf 90' lang='lat' dir='ltr'><strong>erat)</strong></span> <span class='ocrx_word' id='word_1_192' title='bbox 875 2747 1063 2829; x_wconf 89' lang='lat' dir='ltr'><strong>apostolica</strong></span> <span class='ocrx_word' id='word_1_193' title='bbox 1078 2759 1191 2813; x_wconf 91' lang='lat' dir='ltr'><strong>aucto·</strong></span> <span class='ocrx_word' id='word_1_194' title='bbox 1221 2773 1248 2803; x_wconf 81' lang='lat' dir='ltr'><strong>m</strong></span> <span class='ocrx_word' id='word_1_195' title='bbox 1262 2759 1370 2818; x_wconf 78' lang='lat' dir='ltr'><strong>saponia</strong></span> 
     </span>
    </p>
   </div>
   <div class='ocr_carea' id='block_1_4' title="bbox 78 2823 1370 4388">
    <p class='ocr_par' dir='ltr' id='par_1_5' title="bbox 78 2823 1370 4388">
     <span class='ocr_line' id='line_1_25' title="bbox 80 2823 1370 2934; baseline 0.004 -22"><span class='ocrx_word' id='word_1_196' title='bbox 80 2849 181 2914; x_wconf 88' lang='lat' dir='ltr'><strong>ritate</strong></span> <span class='ocrx_word' id='word_1_197' title='bbox 207 2849 390 2928; x_wconf 90' lang='lat' dir='ltr'><strong>constituit,</strong></span> <span class='ocrx_word' id='word_1_198' title='bbox 419 2849 557 2933; x_wconf 88' lang='lat' dir='ltr'><strong>eiusque</strong></span> <span class='ocrx_word' id='word_1_199' title='bbox 586 2851 814 2932; x_wconf 89' lang='lat' dir='ltr'><strong>procurationi</strong></span> <span class='ocrx_word' id='word_1_200' title='bbox 848 2851 1024 2934; x_wconf 89' lang='lat' dir='ltr'><strong>laponicas</strong></span> <span class='ocrx_word' id='word_1_201' title='bbox 1056 2851 1192 2930; x_wconf 88' lang='lat' dir='ltr'><strong>insulas,</strong></span> <span class='ocrx_word' id='word_1_202' title='bbox 1219 2823 1307 2924; x_wconf 51' lang='lat' dir='ltr'><strong>m.</strong></span> <span class='ocrx_word' id='word_1_203' title='bbox 1321 2835 1370 2923; x_wconf 55' lang='lat' dir='ltr'><strong>”lii</strong></span> 
     </span>
     <span class='ocr_line' id='line_1_26' title="bbox 79 2938 1370 3044; baseline 0.003 -27"><span class='ocrx_word' id='word_1_204' title='bbox 79 2973 165 3036; x_wconf 90' lang='lat' dir='ltr'><strong>quas</strong></span> <span class='ocrx_word' id='word_1_205' title='bbox 179 2953 243 3018; x_wconf 91' lang='lat' dir='ltr'><strong>hac</strong></span> <span class='ocrx_word' id='word_1_206' title='bbox 258 2955 433 3018; x_wconf 87' lang='lat' dir='ltr'><strong>occasione</strong></span> <span class='ocrx_word' id='word_1_207' title='bbox 455 2973 475 3016; x_wconf 93' lang='lat' dir='ltr'><strong>a</strong></span> <span class='ocrx_word' id='word_1_208' title='bbox 498 2953 642 3018; x_wconf 90' lang='lat' dir='ltr'><strong>dioecesi</strong></span> <span class='ocrx_word' id='word_1_209' title='bbox 661 2953 880 3019; x_wconf 88' lang='lat' dir='ltr'><strong>Macaonensi</strong></span> <span class='ocrx_word' id='word_1_210' title='bbox 903 2956 936 3019; x_wconf 93' lang='lat' dir='ltr'><strong>in</strong></span> <span class='ocrx_word' id='word_1_211' title='bbox 953 2956 1048 3020; x_wconf 91' lang='lat' dir='ltr'><strong>cuius</strong></span> <span class='ocrx_word' id='word_1_212' title='bbox 1062 2957 1191 3021; x_wconf 89' lang='lat' dir='ltr'><strong>ditione</strong></span> <span class='ocrx_word' id='word_1_213' title='bbox 1218 2938 1370 3044; x_wconf 44' lang='lat' dir='ltr'><strong>{222⁸ssssss</strong></span> 
     </span>
     <span class='ocr_line' id='line_1_27' title="bbox 79 3057 1191 3142; baseline 0.001 -21"><span class='ocrx_word' id='word_1_214' title='bbox 79 3065 177 3121; x_wconf 87' lang='lat' dir='ltr'><strong>erant</strong></span> <span class='ocrx_word' id='word_1_215' title='bbox 203 3058 362 3135; x_wconf 87' lang='lat' dir='ltr'><strong>seiunxit,</strong></span> <span class='ocrx_word' id='word_1_216' title='bbox 387 3058 540 3122; x_wconf 88' lang='lat' dir='ltr'><strong>addictas</strong></span> <span class='ocrx_word' id='word_1_217' title='bbox 564 3077 682 3122; x_wconf 89' lang='lat' dir='ltr'><strong>omnes</strong></span> <span class='ocrx_word' id='word_1_218' title='bbox 712 3057 924 3142; x_wconf 78' lang='lat' dir='ltr'><strong>creditaeque</strong></span> <span class='ocrx_word' id='word_1_219' title='bbox 949 3059 1062 3124; x_wconf 93' lang='lat' dir='ltr'><strong>voluit.</strong></span> <span class='ocrx_word' id='word_1_220' title='bbox 1092 3059 1191 3123; x_wconf 90' lang='lat' dir='ltr'><strong>Novo</strong></span> 
     </span>
     <span class='ocr_line' id='line_1_28' title="bbox 78 3161 1193 3244; baseline 0.002 -21"><span class='ocrx_word' id='word_1_221' title='bbox 78 3181 250 3226; x_wconf 87' lang='lat' dir='ltr'><strong>sacrorum</strong></span> <span class='ocrx_word' id='word_1_222' title='bbox 266 3161 424 3226; x_wconf 90' lang='lat' dir='ltr'><strong>Antistiti</strong></span> <span class='ocrx_word' id='word_1_223' title='bbox 435 3163 532 3226; x_wconf 88' lang='lat' dir='ltr'><strong>sedes</strong></span> <span class='ocrx_word' id='word_1_224' title='bbox 547 3162 580 3226; x_wconf 91' lang='lat' dir='ltr'><strong>in</strong></span> <span class='ocrx_word' id='word_1_225' title='bbox 596 3161 732 3228; x_wconf 89' lang='lat' dir='ltr'><strong>civitate</strong></span> <span class='ocrx_word' id='word_1_226' title='bbox 748 3163 791 3224; x_wconf 92' lang='lat' dir='ltr'><strong>de</strong></span> <span class='ocrx_word' id='word_1_227' title='bbox 807 3161 836 3224; x_wconf 90' lang='lat' dir='ltr'>F</span> <span class='ocrx_word' id='word_1_228' title='bbox 837 3181 927 3244; x_wconf 88' lang='lat' dir='ltr'><strong>unay</strong></span> <span class='ocrx_word' id='word_1_229' title='bbox 942 3163 1105 3227; x_wconf 88' lang='lat' dir='ltr'><strong>attributa</strong></span> <span class='ocrx_word' id='word_1_230' title='bbox 1121 3162 1193 3239; x_wconf 87' lang='lat' dir='ltr'><strong>luit,</strong></span> 
     </span>
     <span class='ocr_line' id='line_1_29' title="bbox 79 3263 1191 3349; baseline 0.002 -23"><span class='ocrx_word' id='word_1_231' title='bbox 79 3263 213 3327; x_wconf 90' lang='lat' dir='ltr'><strong>collatis</strong></span> <span class='ocrx_word' id='word_1_232' title='bbox 229 3264 338 3328; x_wconf 90' lang='lat' dir='ltr'><strong>eidem</strong></span> <span class='ocrx_word' id='word_1_233' title='bbox 355 3263 570 3330; x_wconf 85' lang='lat' dir='ltr'><strong>facultatibus</strong></span> <span class='ocrx_word' id='word_1_234' title='bbox 585 3273 619 3330; x_wconf 91' lang='lat' dir='ltr'><strong>et</strong></span> <span class='ocrx_word' id='word_1_235' title='bbox 635 3264 762 3329; x_wconf 90' lang='lat' dir='ltr'><strong>iuribus</strong></span> <span class='ocrx_word' id='word_1_236' title='bbox 777 3265 942 3344; x_wconf 92' lang='lat' dir='ltr'><strong>omnibus,</strong></span> <span class='ocrx_word' id='word_1_237' title='bbox 959 3286 1046 3349; x_wconf 91' lang='lat' dir='ltr'><strong>quae</strong></span> <span class='ocrx_word' id='word_1_238' title='bbox 1061 3266 1104 3329; x_wconf 90' lang='lat' dir='ltr'><strong>ad</strong></span> <span class='ocrx_word' id='word_1_239' title='bbox 1121 3285 1191 3328; x_wconf 91' lang='lat' dir='ltr'><strong>rem</strong></span> 
     </span>
     <span class='ocr_line' id='line_1_30' title="bbox 79 3365 1189 3454; baseline 0.004 -24"><span class='ocrx_word' id='word_1_240' title='bbox 79 3365 296 3432; x_wconf 91' lang='lat' dir='ltr'><strong>christianam</strong></span> <span class='ocrx_word' id='word_1_241' title='bbox 324 3367 409 3433; x_wconf 88' lang='lat' dir='ltr'><strong>bene</strong></span> <span class='ocrx_word' id='word_1_242' title='bbox 438 3371 620 3452; x_wconf 89' lang='lat' dir='ltr'><strong>gerendam</strong></span> <span class='ocrx_word' id='word_1_243' title='bbox 652 3369 725 3434; x_wconf 90' lang='lat' dir='ltr'><strong>usui</strong></span> <span class='ocrx_word' id='word_1_244' title='bbox 757 3389 830 3434; x_wconf 92' lang='lat' dir='ltr'><strong>esse</strong></span> <span class='ocrx_word' id='word_1_245' title='bbox 861 3389 959 3454; x_wconf 86' lang='lat' dir='ltr'><strong>posse</strong></span> <span class='ocrx_word' id='word_1_246' title='bbox 990 3369 1189 3434; x_wconf 88' lang='lat' dir='ltr'><strong>viderentur.</strong></span> 
     </span>
     <span class='ocr_line' id='line_1_31' title="bbox 84 3471 1192 3556; baseline 0 -20"><span class='ocrx_word' id='word_1_247' title='bbox 84 3471 360 3555; x_wconf 87' lang='lat' dir='ltr'><strong>Haudquaquam</strong></span> <span class='ocrx_word' id='word_1_248' title='bbox 373 3483 490 3537; x_wconf 89' lang='lat' dir='ltr'><strong>tenues</strong></span> <span class='ocrx_word' id='word_1_249' title='bbox 501 3484 560 3538; x_wconf 89' lang='lat' dir='ltr'><strong>aut</strong></span> <span class='ocrx_word' id='word_1_250' title='bbox 575 3473 740 3556; x_wconf 90' lang='lat' dir='ltr'><strong>ignobiles</strong></span> <span class='ocrx_word' id='word_1_251' title='bbox 757 3481 791 3537; x_wconf 91' lang='lat' dir='ltr'><strong>et</strong></span> <span class='ocrx_word' id='word_1_252' title='bbox 804 3473 936 3538; x_wconf 89' lang='lat' dir='ltr'><strong>obscuri</strong></span> <span class='ocrx_word' id='word_1_253' title='bbox 948 3472 1040 3537; x_wconf 87' lang='lat' dir='ltr'><strong>suere</strong></span> <span class='ocrx_word' id='word_1_254' title='bbox 1058 3471 1192 3552; x_wconf 83' lang='lat' dir='ltr'><strong>fructus,</strong></span> 
     </span>
     <span class='ocr_line' id='line_1_32' title="bbox 81 3571 1192 3660; baseline 0.004 -22"><span class='ocrx_word' id='word_1_255' title='bbox 81 3575 197 3658; x_wconf 87' lang='lat' dir='ltr'><strong>quiex</strong></span> <span class='ocrx_word' id='word_1_256' title='bbox 213 3571 361 3660; x_wconf 90' lang='lat' dir='ltr'><strong>providis</strong></span> <span class='ocrx_word' id='word_1_257' title='bbox 378 3575 411 3642; x_wconf 91' lang='lat' dir='ltr'><strong>S.</strong></span> <span class='ocrx_word' id='word_1_258' title='bbox 429 3577 477 3640; x_wconf 91' lang='lat' dir='ltr'><strong>Pii</strong></span> <span class='ocrx_word' id='word_1_259' title='bbox 488 3575 521 3640; x_wconf 93' lang='lat' dir='ltr'>V</span> <span class='ocrx_word' id='word_1_260' title='bbox 536 3578 624 3640; x_wconf 93' lang='lat' dir='ltr'><strong>curis</strong></span> <span class='ocrx_word' id='word_1_261' title='bbox 641 3585 829 3653; x_wconf 89' lang='lat' dir='ltr'><strong>manarunt,</strong></span> <span class='ocrx_word' id='word_1_262' title='bbox 845 3586 883 3641; x_wconf 92' lang='lat' dir='ltr'><strong>ut</strong></span> <span class='ocrx_word' id='word_1_263' title='bbox 898 3595 1105 3640; x_wconf 88' lang='lat' dir='ltr'><strong>successores</strong></span> <span class='ocrx_word' id='word_1_264' title='bbox 1121 3577 1192 3642; x_wconf 92' lang='lat' dir='ltr'><strong>eius</strong></span> 
     </span>
     <span class='ocr_line' id='line_1_33' title="bbox 80 3679 1191 3764; baseline 0.003 -23"><span class='ocrx_word' id='word_1_265' title='bbox 80 3679 186 3742; x_wconf 89' lang='lat' dir='ltr'><strong>latere</strong></span> <span class='ocrx_word' id='word_1_266' title='bbox 202 3691 338 3762; x_wconf 89' lang='lat' dir='ltr'><strong>possent</strong></span> <span class='ocrx_word' id='word_1_267' title='bbox 353 3705 360 3745; x_wconf 92' lang='lat'>:</span> <span class='ocrx_word' id='word_1_268' title='bbox 375 3682 531 3745; x_wconf 89' lang='lat' dir='ltr'><strong>viderunt</strong></span> <span class='ocrx_word' id='word_1_269' title='bbox 551 3681 641 3744; x_wconf 92' lang='lat' dir='ltr'><strong>enim</strong></span> <span class='ocrx_word' id='word_1_270' title='bbox 660 3700 755 3744; x_wconf 89' lang='lat' dir='ltr'><strong>verae</strong></span> <span class='ocrx_word' id='word_1_271' title='bbox 772 3679 850 3745; x_wconf 87' lang='lat' dir='ltr'><strong>fidei</strong></span> <span class='ocrx_word' id='word_1_272' title='bbox 866 3680 975 3744; x_wconf 90' lang='lat' dir='ltr'><strong>lucem</strong></span> <span class='ocrx_word' id='word_1_273' title='bbox 992 3681 1025 3744; x_wconf 92' lang='lat' dir='ltr'><strong>in</strong></span> <span class='ocrx_word' id='word_1_274' title='bbox 1051 3681 1191 3764; x_wconf 89' lang='lat' dir='ltr'><strong>laponia</strong></span> 
     </span>
     <span class='ocr_line' id='line_1_34' title="bbox 78 3781 1190 3866; baseline 0.002 -20"><span class='ocrx_word' id='word_1_275' title='bbox 78 3783 125 3846; x_wconf 89' lang='lat' dir='ltr'><strong>ab</strong></span> <span class='ocrx_word' id='word_1_276' title='bbox 155 3781 277 3848; x_wconf 87' lang='lat' dir='ltr'><strong>infimis</strong></span> <span class='ocrx_word' id='word_1_277' title='bbox 308 3785 453 3866; x_wconf 91' lang='lat' dir='ltr'><strong>primum</strong></span> <span class='ocrx_word' id='word_1_278' title='bbox 486 3783 686 3862; x_wconf 90' lang='lat' dir='ltr'><strong>hominibus,</strong></span> <span class='ocrx_word' id='word_1_279' title='bbox 717 3804 809 3861; x_wconf 87' lang='lat' dir='ltr'><strong>mox,</strong></span> <span class='ocrx_word' id='word_1_280' title='bbox 842 3785 918 3850; x_wconf 90' lang='lat' dir='ltr'><strong>Deo</strong></span> <span class='ocrx_word' id='word_1_281' title='bbox 946 3785 1190 3850; x_wconf 91' lang='lat' dir='ltr'><strong>incrementum</strong></span> 
     </span>
     <span class='ocr_line' id='line_1_35' title="bbox 81 3884 1191 3970; baseline 0.001 -21"><span class='ocrx_word' id='word_1_282' title='bbox 81 3884 250 3966; x_wconf 81' lang='lat' dir='ltr'><strong>afferente,</strong></span> <span class='ocrx_word' id='word_1_283' title='bbox 265 3907 286 3951; x_wconf 91' lang='lat' dir='ltr'><strong>a</strong></span> <span class='ocrx_word' id='word_1_284' title='bbox 302 3887 520 3952; x_wconf 88' lang='lat' dir='ltr'><strong>nobilioribus</strong></span> <span class='ocrx_word' id='word_1_285' title='bbox 535 3897 715 3970; x_wconf 86' lang='lat' dir='ltr'><strong>receptam,</strong></span> <span class='ocrx_word' id='word_1_286' title='bbox 730 3886 869 3951; x_wconf 89' lang='lat' dir='ltr'><strong>tandem</strong></span> <span class='ocrx_word' id='word_1_287' title='bbox 885 3885 928 3950; x_wconf 90' lang='lat' dir='ltr'><strong>ad</strong></span> <span class='ocrx_word' id='word_1_288' title='bbox 952 3887 1132 3970; x_wconf 88' lang='lat' dir='ltr'><strong>Principes,</strong></span> <span class='ocrx_word' id='word_1_289' title='bbox 1147 3887 1191 3951; x_wconf 89' lang='lat' dir='ltr'><strong>ad</strong></span> 
     </span>
     <span class='ocr_line' id='line_1_36' title="bbox 82 3988 1192 4074; baseline 0.002 -22"><span class='ocrx_word' id='word_1_290' title='bbox 82 3989 265 4073; x_wconf 87' lang='lat' dir='ltr'><strong>Dynastas,</strong></span> <span class='ocrx_word' id='word_1_291' title='bbox 289 3991 332 4055; x_wconf 91' lang='lat' dir='ltr'><strong>ad</strong></span> <span class='ocrx_word' id='word_1_292' title='bbox 361 3991 473 4074; x_wconf 88' lang='lat' dir='ltr'><strong>Reges</strong></span> <span class='ocrx_word' id='word_1_293' title='bbox 496 3991 586 4074; x_wconf 89' lang='lat' dir='ltr'><strong>ipsos</strong></span> <span class='ocrx_word' id='word_1_294' title='bbox 613 3991 813 4073; x_wconf 87' lang='lat' dir='ltr'><strong>pervenisse.</strong></span> <span class='ocrx_word' id='word_1_295' title='bbox 837 3988 1063 4074; x_wconf 88' lang='lat' dir='ltr'><strong>Splendidum</strong></span> <span class='ocrx_word' id='word_1_296' title='bbox 1092 3991 1192 4055; x_wconf 92' lang='lat' dir='ltr'><strong>huius</strong></span> 
     </span>
     <span class='ocr_line' id='line_1_37' title="bbox 82 4093 1192 4179; baseline 0.003 -23"><span class='ocrx_word' id='word_1_297' title='bbox 82 4096 130 4158; x_wconf 88' lang='lat' dir='ltr'><strong>rei</strong></span> <span class='ocrx_word' id='word_1_298' title='bbox 146 4106 381 4179; x_wconf 87' lang='lat' dir='ltr'><strong>argumentum</strong></span> <span class='ocrx_word' id='word_1_299' title='bbox 394 4095 577 4178; x_wconf 90' lang='lat' dir='ltr'><strong>praebuere</strong></span> <span class='ocrx_word' id='word_1_300' title='bbox 592 4114 682 4159; x_wconf 92' lang='lat' dir='ltr'><strong>anno</strong></span> <span class='ocrx_word' id='word_1_301' title='bbox 701 4095 781 4175; x_wconf 79' lang='lat'>1585</span> <span class='ocrx_word' id='word_1_302' title='bbox 800 4101 867 4158; x_wconf 86' lang='lat' dir='ltr'><strong>tres</strong></span> <span class='ocrx_word' id='word_1_303' title='bbox 884 4093 1081 4158; x_wconf 91' lang='lat' dir='ltr'><strong>nobilissimi</strong></span> <span class='ocrx_word' id='word_1_304' title='bbox 1099 4096 1192 4159; x_wconf 91' lang='lat' dir='ltr'><strong>Prin·</strong></span> 
     </span>
     <span class='ocr_line' id='line_1_38' title="bbox 84 4198 1191 4284; baseline 0.003 -23"><span class='ocrx_word' id='word_1_305' title='bbox 84 4199 185 4281; x_wconf 89' lang='lat' dir='ltr'><strong>cipes,</strong></span> <span class='ocrx_word' id='word_1_306' title='bbox 207 4201 285 4264; x_wconf 88' lang='lat' dir='ltr'><strong>Rex</strong></span> <span class='ocrx_word' id='word_1_307' title='bbox 309 4201 435 4265; x_wconf 90' lang='lat' dir='ltr'><strong>scilicet</strong></span> <span class='ocrx_word' id='word_1_308' title='bbox 463 4200 582 4284; x_wconf 89' lang='lat' dir='ltr'><strong>Bungi,</strong></span> <span class='ocrx_word' id='word_1_309' title='bbox 609 4199 686 4263; x_wconf 87' lang='lat' dir='ltr'><strong>Rex</strong></span> <span class='ocrx_word' id='word_1_310' title='bbox 702 4198 943 4264; x_wconf 89' lang='lat' dir='ltr'><strong>Arimanorum</strong></span> <span class='ocrx_word' id='word_1_311' title='bbox 972 4212 1005 4264; x_wconf 95' lang='lat' dir='ltr'><strong>et</strong></span> <span class='ocrx_word' id='word_1_312' title='bbox 1034 4201 1191 4284; x_wconf 89' lang='lat' dir='ltr'><strong>Princeps</strong></span> 
     </span>
     <span class='ocr_line' id='line_1_39' title="bbox 84 4301 1188 4388; baseline -0.001 -19"><span class='ocrx_word' id='word_1_313' title='bbox 84 4301 408 4388; x_wconf 88' lang='lat' dir='ltr'><strong>Omuranorum,qui</strong></span> <span class='ocrx_word' id='word_1_314' title='bbox 418 4307 461 4370; x_wconf 91' lang='lat' dir='ltr'><strong>ad</strong></span> <span class='ocrx_word' id='word_1_315' title='bbox 474 4302 669 4369; x_wconf 84' lang='lat' dir='ltr'><strong>Pontificem</strong></span> <span class='ocrx_word' id='word_1_316' title='bbox 682 4302 875 4368; x_wconf 87' lang='lat' dir='ltr'><strong>Maximum</strong></span> <span class='ocrx_word' id='word_1_317' title='bbox 888 4303 1086 4387; x_wconf 90' lang='lat' dir='ltr'><strong>Gregorium</strong></span> <span class='ocrx_word' id='word_1_318' title='bbox 1099 4305 1188 4369; x_wconf 93' lang='lat' dir='ltr'><strong>Xlll</strong></span> 
     </span>
    </p>
   </div>
   <div class='ocr_carea' id='block_1_5' title="bbox 85 4405 1189 4492">
    <p class='ocr_par' dir='ltr' id='par_1_6' title="bbox 85 4405 1189 4492">
     <span class='ocr_line' id='line_1_40' title="bbox 85 4405 1189 4492; baseline 0.005 -24"><span class='ocrx_word' id='word_1_319' title='bbox 85 4406 126 4486; x_wconf 88' lang='lat' dir='ltr'><strong>(is</strong></span> <span class='ocrx_word' id='word_1_320' title='bbox 142 4410 231 4472; x_wconf 89' lang='lat' dir='ltr'><strong>enim</strong></span> <span class='ocrx_word' id='word_1_321' title='bbox 249 4407 283 4474; x_wconf 90' lang='lat' dir='ltr'><strong>S.</strong></span> <span class='ocrx_word' id='word_1_322' title='bbox 300 4409 361 4472; x_wconf 86' lang='lat' dir='ltr'><strong>Pio</strong></span> <span class='ocrx_word' id='word_1_323' title='bbox 376 4407 410 4471; x_wconf 96' lang='lat' dir='ltr'>V</span> <span class='ocrx_word' id='word_1_324' title='bbox 426 4409 460 4472; x_wconf 91' lang='lat' dir='ltr'><strong>in</strong></span> <span class='ocrx_word' id='word_1_325' title='bbox 478 4409 635 4474; x_wconf 89' lang='lat' dir='ltr'><strong>Romana</strong></span> <span class='ocrx_word' id='word_1_326' title='bbox 650 4405 740 4472; x_wconf 89' lang='lat' dir='ltr'><strong>Sede</strong></span> <span class='ocrx_word' id='word_1_327' title='bbox 761 4408 979 4492; x_wconf 85' lang='lat' dir='ltr'><strong>successerat)</strong></span> <span class='ocrx_word' id='word_1_328' title='bbox 995 4407 1189 4474; x_wconf 88' lang='lat' dir='ltr'><strong>lectissimo-</strong></span> 
     </span>
    </p>
   </div>
   <div class='ocr_carea' id='block_1_6' title="bbox 0 0 1590 4874">
    <p class='ocr_par' dir='ltr' id='par_1_7' title="bbox 0 0 1590 4874">
     <span class='ocr_line' id='line_1_41' title="bbox 0 0 1590 4874; baseline 0 6"><span class='ocrx_word' id='word_1_329' title='bbox 0 0 1590 4874; x_wconf 95' lang='lat' dir='ltr'><strong> </strong></span> 
     </span>
    </p>
   </div>
  </div>
 </body>
</html>
