3336 4870
442 1077 449 1117 ,
866 1040 1067 1101 annum.
1478 1069 1503 1103 ι-

425 1120 450 1142 ).
1478 1116 1485 1129 ⁴
1496 1124 1499 1135 l

422 1148 428 1159 ⁹
442 1151 449 1166 0
462 1140 1485 1164 mm·

445 1173 1483 1192 00000000000000000000000000000000000000000000000000000000000000000000000000000000000
1496 1164 1497 1167 Ἴ

415 1230 422 1240 ·
460 1212 480 1230 0¹*
508 1212 518 1219 ’“
536 1212 554 1230 1*
568 1214 591 1232 ‘a'
609 1214 628 1231 Γ
681 1213 703 1233 ’μ’
716 1212 740 1231 ἰ”
757 1212 773 1229 ι’
792 1216 800 1229 ’.ι
831 1209 850 1227 1¹*
868 1210 887 1229 ι’
905 1216 911 1228 Δ
943 1210 962 1229 »⁵⁸
989 1210 1000 1217 ¹*
1026 1210 1036 1217 ¹*
1051 1181 1515 1256 ’ΐ-,ῑ--ῖΤΊῖΡΙ-κῖῗΐτῗ-ι-ἠιήᾕ

262 1308 356 1403 Jggw
487 1285 702 1584 M{UOD
720 1309 836 1372 nuper,
850 1307 927 1351 curn
954 1287 1027 1352 Vos
1044 1289 1107 1351 hoc
1124 1289 1199 1370 ipso
1222 1287 1256 1351 in
1273 1287 1347 1352 loco
1369 1287 1514 1372 alloque-

276 1405 341 1463 1889.
618 1415 738 1470 remur,
767 1411 1024 1474 novas-easque
1045 1392 1216 1474 graviores
1241 1391 1378 1456 iniurias
1403 1405 1515 1458 contra

442 1351 563 1598 1-6-1
619 1497 806 1562 Ecclesiam
823 1514 1070 1577 romanumque
1080 1493 1318 1559 Pontificatum
1332 1497 1516 1581 comparari

271 1563 384 1623 Pontifex
618 1604 625 1618 ,
991 1600 998 1614 .
1030 1599 1038 1616 .
1143 1599 1151 1614 .

231 1625 318 1693 egregez
343 1639 384 1669 ra.
617 1621 649 1666 ιη
666 1601 729 1665 hac
746 1600 836 1664 alma
853 1599 949 1664 Urbe
964 1600 1126 1676 diximus,
1142 1598 1175 1662 rd
1192 1598 1293 1682 plane
1308 1609 1368 1678 est,
1384 1621 1514 1666 summo

231 1689 385 1788 ”ffiff
408 1731 485 1775 cum
502 1706 605 1772 animi
630 1703 747 1770 Nostri
763 1701 881 1768 dolore
903 1702 1124 1784 omniumque
1140 1701 1307 1769 bonorum
1322 1701 1515 1776 offensione,

231 1803 383 1908 ιξῖζξὲζξέξ
408 1823 589 1897 patratum.
606 1847 648 1859 -
665 1809 718 1872 De
730 1828 798 1890 qua
814 1827 848 1870 re
864 1807 1041 1869 convocari
1055 1805 1129 1869 Vos
1146 1817 1245 1871 extra
1255 1807 1410 1870 ordinem
1428 1807 1516 1871 iussi-

232 1935 284 1990 nea
312 1917 382 1966 ΨΜ·
409 1938 493 1996 mus,
509 1925 547 1981 ut
563 1915 661 1978 liceat
677 1931 831 1996 promere
848 1911 881 1973 in
899 1910 1059 1987 medium,
1075 1930 1143 1992 quo
1166 1909 1238 1974 Nos
1254 1911 1357 1975 modo
1373 1911 1516 1976 affecerit

231 1984 301 2026 'm‘
408 2023 547 2104 indigne
572 2019 708 2096 sactum,
724 2017 872 2098 itemque
897 2015 1009 2091 libere,
1034 2015 1081 2078 uti
1109 2034 1171 2096 par
1195 2024 1255 2092 est,
1279 2013 1313 2077 in
1338 2024 1517 2098 conspectu

408 2136 521 2191 vestro
537 2133 671 2189 tantum
689 2118 783 2184 nefas
799 2118 978 2182 exsecrari.

262 2234 382 2304 raptae.
453 2231 534 2294 Post
550 2226 804 2292 conversionem
823 2243 931 2286 rerum
957 2221 1156 2299 italicarum,
1172 2243 1401 2308 romanaeque
1416 2243 1517 2307 expu-

231 2301 278 2406 lh‘.
292 2309 383 2411 ᾳῖῗῗὲ
409 2334 606 2418 gnationem
624 2329 738 2406 Urbis,
748 2329 894 2391 vidimus
904 2325 1057 2410 prolecto
1068 2325 1263 2409 religionem
1275 2327 1517 2392 sanctissimam

233 2421 387 2518 ,fss'ffip
412 2439 605 2520 Sedemque
622 2431 857 2516 Apostolicam
885 2430 988 2514 longa
1005 2432 1202 2495 iniuriarum
1230 2431 1314 2495 serie
1338 2431 1519 2498 violari.-

233 2532 386 2637 gffm'fflj
413 2543 480 2608 Sed
508 2559 633 2624 pravae
658 2534 833 2600 hominum
866 2544 978 2598 sectae
1003 2533 1124 2598 acriter
1151 2534 1194 2599 ad
1220 2533 1344 2617 peiora,
1370 2535 1517 2597 nondum

233 2653 296 2696 siam
337 2655 385 2696 ren·
411 2662 580 2718 concessa,
610 2640 763 2704 tendunt.
788 2635 1013 2701 Obstinavere
1044 2635 1167 2700 animis
1192 2636 1333 2720 principi
1364 2637 1518 2703 catholici

234 2710 305 2761 Μ
411 2745 558 2810 nominis
574 2742 660 2808 Urbi
677 2740 787 2806 omnis
803 2737 934 2821 profani
952 2739 1054 2802 moris
1082 2739 1333 2825 impietatisque
1350 2741 1519 2824 imponere

411 2844 656 2929 principatum:
673 2852 774 2923 atque
789 2839 855 2902 huc
873 2838 1027 2902 flammas
1044 2839 1190 2904 invidiae
1204 2840 1352 2924 undique
1364 2841 1519 2905 collectas

411 2952 603 3023 admovent,
617 2956 652 3010 ut
669 2947 755 3008 hanc
772 2943 944 3007 Ecclesiae
960 2942 1147 3008 catholicae
1163 2944 1254 3008 velut
1275 2965 1386 3009 arcem
1404 2945 1520 3018 adorti,

411 3052 634 3137 opportunius
650 3050 832 3112 moliantur
856 3047 967 3130 ipsum
991 3046 1137 3130 lapidem
1161 3048 1367 3132 angularem,
1381 3071 1451 3133 quo
1466 3049 1519 3114 illa

412 3158 539 3233 nititur,
554 3154 714 3230 funditus,
730 3153 757 3215 si
773 3151 844 3216 fieri
860 3162 984 3234 posset,
1007 3160 1163 3216 evertere.
1182 3153 1322 3232 Revera,
1337 3154 1435 3238 quasi
1456 3173 1517 3217 non

413 3262 495 3326 satis
522 3261 692 3323 ruinarum
721 3267 772 3321 tot
803 3258 869 3320 iam
897 3276 1005 3319 annos
1031 3255 1227 3333 edidissent,
1252 3279 1293 3321 en
1322 3259 1519 3342 semetipsos

413 3363 526 3428 conati
541 3361 683 3425 audacia
698 3362 840 3436 vincere,
856 3379 924 3422 uno
947 3380 991 3422 ex
1008 3360 1229 3424 sanctissimis
1254 3362 1333 3426 anni
1349 3359 1517 3425 christiani

238 3473 272 3518 “d
325 3487 388 3518 Μ’·
414 3467 542 3544 diebus,
558 3473 814 3529 monumentum
831 3472 986 3526 statuunt
1002 3462 1035 3525 in
1052 3463 1197 3544 publico,
1206 3483 1274 3548 quo
1290 3475 1474 3529 contumax
1486 3465 1517 3526 in

237 3533 389 3650 23ᾝῖὛῖ
417 3571 602 3636 Ecclesiam
641 3569 778 3652 spiritus
808 3567 998 3650 posteritati
1036 3569 1318 3648 commendetur;
1355 3569 1519 3650 simulque

236 3665 301 3754 Ῐῖἷξ,
340 3663 387 3755 ‘2²3
414 3679 584 3750 doceatur,
599 3671 744 3756 capitale
771 3691 847 3734 cum
875 3669 1043 3735 catholico
1060 3672 1197 3736 nomine
1212 3674 1283 3756 geri
1298 3673 1423 3738 bellum
1450 3671 1518 3754 pla·

234 3776 387 3874 mam
415 3799 497 3846 cere.
513 3815 556 3828 -
572 3777 613 3841 ld
629 3775 723 3852 velle,
734 3775 934 3839 nominatim
952 3775 1197 3840 machinatores
1213 3775 1293 3842 facti
1309 3776 1518 3860 fautoresque

271 3912 387 3958 pamm.
416 3881 621 3963 praecipuos,
636 3897 688 3943 res
714 3879 860 3962 loquitur
885 3878 966 3961 ipsa.
984 3879 1124 3960 Augent
1144 3877 1327 3945 honoribus
1349 3880 1515 3945 hominem

232 3965 392 4100 ssjfflffi
416 3983 593 4066 dupliciter
616 3982 834 4066 transfugam,
849 3982 1056 4046 haereticum
1073 3983 1198 4047 iudicio
1213 3985 1411 4061 convictum,
1427 3983 1516 4046 cuius

235 4090 387 4195 ssffnf'ffl'
414 4107 520 4170 usque
536 4087 578 4150 ad
595 4097 785 4151 extremum
802 4086 958 4168 spiritum
986 4096 1037 4149 est
1052 4096 1212 4169 provecta
1227 4089 1386 4153 adversus
1406 4086 1517 4152 Eccle-

324 4183 329 4193 ’
413 4194 497 4256 siam
509 4189 849 4275 pertinacialmohis
867 4189 1515 4273 ipsisdecaussisoroandumcensuere:

394 4321 397 4328 ·
415 4315 522 4377 neque
546 4293 634 4358 enim
652 4297 684 4358 in
700 4315 741 4358 eo
757 4314 834 4358 vera
850 4295 972 4358 decora
996 4305 1131 4359 constat
1147 4295 1256 4360 luisse.
1278 4296 1358 4360 Non
1372 4291 1515 4375 singula-

415 4416 483 4459 rem
500 4415 608 4458 rerum
622 4397 795 4461 scientiam
812 4422 822 4468 :¹
843 4418 903 4461 sua
915 4397 1041 4482 quippe
1057 4398 1167 4480 ipsum
1184 4399 1307 4483 scripta
1315 4393 1517 4482 panthema·
