3336 4870
401 375 470 444 194
521 373 710 423 trrraunrs
736 371 893 423 aucrcr..
927 359 947 387 “
967 368 1149 422 exaurire
1176 369 1245 420 mu
1271 367 1380 420 auno
1398 401 1419 429 „

393 560 473 630 tem,
488 551 685 634 inexplebili
701 553 886 634 cupiditate
902 552 945 614 ad
959 569 1104 633 perenne
1118 557 1288 613 certarnen
1305 541 1496 628 impellente

393 656 553 740 singulos,
582 657 865 720 contendentibus
888 654 962 719 aliis
984 653 1136 737 quaesita
1159 651 1256 729 tueri,
1279 648 1352 714 aliis
1375 666 1496 712 concu-

393 762 464 844 pita
478 759 627 844 adipisci.

237 872 367 942 ‚smana-
438 864 515 928 Huc
532 863 635 926 terme
651 872 765 927 nostra
781 862 921 926 inclinat
936 872 1038 926 aetas.
1053 899 1097 911 —
1113 863 1177 927 Est
1192 872 1316 942 tamen,
1337 885 1404 946 quo
1418 881 1495 928 cou-

208 931 274 1050 iiiii
288 933 367 1038 „gili
391 966 490 1030 solari
506 977 723 1050 conspectum
735 966 962 1050 praesentium
974 966 1147 1046 malorum,
1159 967 1357 1052 animosque
1371 969 1496 1050 erigere

215 1064 262 1103 Μ’
388 1091 448 1155 spe
465 1071 601 1136 meliore
616 1071 791 1155 possimus.
816 1071 910 1134 Deus
935 1070 1026 1134 enirn
1055 1072 1181 1137 creavit
1204 1082 1243 1135 ut
1260 1070 1494 1148 essentomnio,

387 1186 418 1240 et
431 1175 593 1240 sanabiles
593 1177 679 1256 fecit
693 1176 839 1240 nationes
853 1175 940 1240 orbis
955 1185 1120 1240 terranem
1136 1177 1187 1262 (1).
1205 1177 1271 1244 Sed
1289 1179 1374 1241 sicut
1385 1175 1494 1241 omnis

387 1279 441 1342 hic
452 1281 595 1344 mundus
608 1300 675 1343 non
686 1279 782 1344 aliter
794 1281 981 1343 conservari
993 1281 1056 1344 nisi
1068 1281 1206 1346 numine
1217 1281 1494 1364 providentiaque

386 1383 457 1448 eius
472 1393 593 1467 potest,
607 1385 701 1448 cuius
717 1392 768 1448 est
784 1392 867 1448 nutu
878 1384 1044 1458 conditus,
1059 1385 1106 1450 ita
1122 1385 1246 1468 pariter
1260 1385 1370 1449 sanari
1386 1384 1493 1448 homi-

211 1525 256 1582 ³¹5⁶
279 1512 362 1572 ..equs
387 1503 448 1552 nes
461 1488 534 1552 sola
548 1489 619 1552 eius
633 1488 757 1552 virtute
772 1496 910 1571 queunt,
925 1488 1019 1552 cuius
1029 1489 1193 1554 beneficio
1204 1499 1283 1554 sunt
1298 1490 1341 1554 ab
1358 1489 1492 1553 interitu

210 1575 339 1640 mm·
385 1593 556 1657 advitam
585 1593 739 1658 revocati.
766 1592 857 1657 Nam
882 1592 1068 1658 humanum
1095 1613 1203 1677 genus
1227 1594 1328 1659 semel
1355 1593 1492 1675 quidem

388 1697 497 1762 lusus
516 1696 707 1762 CHRISTUS
733 1696 872 1780 profuso
899 1699 1062 1780 sanguine
1089 1699 1240 1776 redemit,
1263 1699 1321 1762 sed
1338 1695 1494 1782 perennis

209 1836 292 1890 „my
315 1845 361 1876 m·
385 1821 425 1864 ac
436 1810 597 1884 perpetua
613 1809 665 1864 est
679 1802 783 1866 virtus
799 1801 885 1866 tanti
903 1803 1013 1886 operis
1037 1803 1189 1886 tantique
1202 1803 1348 1867 muneris
1361 1823 1370 1866 :
1385 1811 1418 1864 et
1431 1820 1494 1862 non

211 1890 361 1996 {affl
385 1905 484 1969 estin
495 1904 561 1970 alio
571 1905 681 1987 aliquo
688 1906 779 1969 salus
788 1907 839 1990 (²).
854 1905 967 1990 Quare
977 1908 1033 1991 qui
1043 1909 1265 1992 cupiditatum
1282 1905 1492 1990 popularium

210 2009 345 2066 dmttm's·
386 2019 589 2072 crescentem
607 2009 778 2074 flatnmam
806 2012 960 2076 nituntur
975 2013 1132 2096 oppositu
1157 2013 1270 2095 legum
1286 2011 1495 2093 extinguere,

388 2113 408 2176 ii
426 2113 560 2195 quidem
577 2133 638 2196 pro
663 2114 790 2178 iustitia
806 2116 1039 2180 contendunt:
1059 2117 1118 2180 sed
1134 2116 1334 2199 intelligant,
1350 2114 1443 2178 nullo
1460 2131 1495 2176 se

221 2245 362 2291 Raudium
388 2213 494 2279 fructu
512 2225 569 2278 aut
584 2225 674 2280 certe
690 2217 875 2299 perexiguo
891 2217 1040 2282 laborem
1057 2213 1495 2301 consumpturos,quamdiu

211 2304 362 2416 lss'Effljj
388 2319 631 2383 obstinaverint
662 2320 775 2384 animo
806 2341 961 2404 respuere
986 2321 1143 2386 virtutem
1169 2320 1356 2404 Evangelii,
1379 2317 1497 2382 Eccle-

208 2424 361 2542 ffldutg·
387 2424 523 2506 siaeque
538 2422 626 2487 nolle
651 2424 850 2488 advocatam
873 2445 1021 2508 operam.
1037 2426 1077 2489 In
1105 2427 1169 2490 hoc
1193 2425 1304 2508 posita
1331 2421 1496 2487 malorum

213 2548 265 2588 ram
281 2541 363 2601 puru-
389 2527 520 2591 sanatio
550 2537 610 2605 est,
639 2537 686 2605 ut,
717 2529 855 2592 mutatis
878 2528 1034 2607 consiliis,
1063 2539 1098 2594 et
1121 2529 1277 2612 privatim
1304 2537 1338 2592 et
1363 2524 1498 2608 publice

210 2615 364 2720 22...ssss
390 2631 586 2713 remigretur
616 2632 659 2695 ad
689 2632 808 2698 IESUM
837 2633 1050 2712 CHRISTUM,
1065 2634 1347 2717 christianamque
1362 2629 1498 2695 vivendi

215 2726 250 2766 m·
391 2734 489 2800 viam.

264 2878 366 2923 samm
436 2839 590 2908 Iamvero
605 2841 708 2904 totius
725 2841 814 2905 vitae
828 2841 1030 2905 christianae
1045 2863 1177 2907 summa
1192 2851 1225 2906 et
1240 2849 1342 2923 caput
1357 2845 1419 2916 est,
1430 2856 1496 2901 uon

216 2938 368 3042 nglgjfjam
393 2941 567 3025 indulgere
578 2946 743 3026 corruptis
758 2946 882 3010 saeculi
900 2947 1058 3024 moribus,
1073 2947 1131 3010 sed
1145 2964 1332 3028 repugnare
1352 2963 1392 3006 ac
1420 2941 1498 3004 resi·

239 3057 346 3160 qaum
392 3055 480 3109 stere
495 3057 687 3112 constanter
701 3059 865 3132 oportere.
879 3050 919 3114 Id
932 3050 1073 3114 auctoris
1073 3049 1161 3134 fidei
1178 3059 1210 3113 ct
1229 3043 1500 3112 consummaris

244 3181 333 3233 prava.
394 3146 481 3210 IESU
499 3147 613 3211 omnia
628 3148 718 3212 dicta
734 3159 768 3214 et
784 3149 881 3228 sacta,
897 3150 988 3233 leges
1010 3161 1045 3215 et
1070 3150 1232 3227 instituta,
1254 3149 1324 3214 vita
1351 3155 1385 3210 et
1408 3164 1498 3208 mors

392 3249 573 3315 declarant.
595 3252 701 3334 Igitur
725 3255 941 3336 quantumvis
971 3255 1137 3338 pravitate
1164 3263 1302 3319 naturae
1317 3261 1351 3316 et
1368 3269 1498 3314 morum

393 3352 492 3435 longe
508 3355 680 3418 trahamur
705 3356 781 3435 aliu,
796 3377 968 3422 curramus
983 3367 1117 3441 oportet
1131 3357 1180 3420 ad
1194 3355 1395 3439 propositum
1410 3350 1500 3416 nobis

358 3520 360 3524 ,
392 3465 552 3520 certamen
577 3460 697 3523 armati
711 3470 746 3524 et
769 3462 879 3544 parati
904 3463 1024 3526 eodem
1051 3462 1165 3527 animo
1181 3461 1373 3543 eisdemque
1389 3456 1500 3532 armis,

393 3559 513 3643 quibus
538 3562 607 3641 Ille,
628 3565 685 3646 qui
704 3564 869 3647 proposito
888 3566 956 3630 sibi
973 3565 1099 3650 gaudio
1120 3564 1283 3630 sustinuit
1303 3583 1427 3628 mccem
1449 3559 1501 3642 ().

394 3665 640 3749 Proptereaque
665 3667 731 3732 hoc
756 3671 901 3751 primum
917 3670 1055 3735 videant
1078 3669 1231 3733 homines
1255 3679 1356 3751 atque
1380 3663 1500 3729 intelli·

293 3847 297 3860 Ι
392 3780 475 3852 gant
501 3790 603 3854 quam
630 3771 674 3835 sit
702 3793 724 3834 a
750 3773 957 3856 professione
988 3774 1159 3839 christiani
1184 3773 1330 3838 nominis
1354 3770 1499 3834 alienurn

217 3850 367 3966 ffifflssj
393 3875 555 3956 persequi,
583 3875 631 3938 uti
663 3895 736 3940 mos
763 3888 825 3956 est,
855 3879 1109 3962 cuiusquemodi
1139 3877 1339 3960 voluptates,
1369 3874 1501 3937 horrere

231 3970 349 4026 tumus·
392 3975 533 4037 comites
549 3973 680 4038 virtutis
706 3975 846 4057 labores,
863 3979 1013 4062 nihilque
1028 3997 1179 4042 recusare
1195 3977 1268 4054 sibi,
1292 3976 1381 4059 quod
1398 3971 1499 4036 sensi·

217 4027 256 4070 vel
277 4027 366 4071 labores

219 4086 367 4195 emiza
393 4076 454 4139 bus
470 4077 615 4141 suaviter
629 4078 838 4162 delicateque
853 4081 1054 4147 blandiatur.
1080 4081 1149 4160 Qui
1175 4090 1254 4144 sunt
1278 4077 1412 4155 Christi,
1427 4094 1497 4137 car-

216 4213 280 4255 ,ω
393 4199 465 4242 nem
479 4200 575 4243 suam
590 4181 821 4266 crucifixerunt
834 4203 907 4247 cum
922 4183 1018 4248 vitiis
1043 4194 1075 4248 et
1097 4182 1356 4267 concrepiscentiis
1369 4179 1412 4264 (4)
1426 4201 1433 4241 τ
1455 4179 1501 4239 ita

393 4293 429 4346 ut
446 4287 723 4366 consequeussit,
740 4287 863 4352 Christi
889 4308 956 4353 non
983 4308 1064 4367 esse,
1080 4289 1114 4353 iu
1142 4288 1264 4372 quibus
1291 4306 1358 4350 non
1376 4280 1500 4348 exerci-

424 4439 443 4470 ι.
458 4425 525 4484 Sap..
538 4435 555 4480 ι,
570 4440 603 4484 ¹4
618 4451 648 4461 —
658 4441 681 4474 2.
692 4429 756 4482 Act.
769 4439 804 4484 tv,
818 4443 853 4475 ra.
866 4455 896 4465 -
905 4444 927 4490 3.
942 4431 1016 4484 Heb..
1029 4441 1078 4486 ΧΗ,
1089 4444 1111 4484 r,
1123 4445 1144 4478 2.
1157 4446 1218 4490 —4
1232 4429 1321 4481 Galat,
1332 4437 1357 4480 V.
1368 4441 1403 4483 24·
