3230 4874
390 399 455 450 102
495 399 594 450 mar.
614 399 741 452 asosr.
765 386 785 415 ‘⁴
804 397 929 452 acmo.
949 399 1054 452 ouoo
1076 400 1282 454 acuentem
1305 400 1428 452 narsis
1444 437 1459 463 „

382 591 574 638 mansurum
591 584 624 639 et
640 573 819 640 valiturum
834 573 948 656 quoad
965 574 1064 640 rebus
1079 575 1353 660 temporibusque
1366 573 1471 640 ceden-

379 677 471 756 dum,
483 697 550 744 non
563 696 631 742 uno
643 697 688 742 ex
700 676 775 742 loco
786 675 937 744 eiusdem
950 677 1210 744 Constitutionis
1222 697 1378 764 pernosse
1388 676 1471 740 licet:

379 779 436 845 ubi
462 781 611 846 edictum
638 790 676 846 ut
701 781 842 846 Praeses
865 777 1020 846 resideret
1041 791 1136 846 extra
1150 780 1325 865 Angitiam,
1350 778 1471 844 durante

377 883 549 951 schrsmate
559 907 574 960 ,·
589 884 646 950 ubi
662 883 764 950 etiam
780 883 899 950 datum
915 905 1015 968 posse
1031 884 1339 970 congregationem
1353 904 1374 948 a
1389 879 1471 946 Prin

376 985 469 1050 rr'bus
482 986 752 1052 Resr'dentiarum
777 1007 832 1052 seu
858 985 1082 1054 Convenarum
1104 997 1198 1052 extra
1212 986 1376 1072 Asglnm
1396 983 1471 1068 regi:

377 1115 463 1180 quae
474 1115 555 1160 sane
565 1096 609 1162 de
622 1094 782 1162 facultate
794 1094 1014 1178 intelligenda
1028 1103 1150 1162 suntet
1162 1097 1261 1162 venia
1275 1091 1472 1178 temporaria,

377 1198 534 1266 nimirum
550 1200 753 1286 usquedum
774 1197 896 1265 linibus
923 1199 1060 1266 ditionis
1087 1219 1168 1266 suae
1183 1209 1296 1266 essent
1312 1199 1359 1264 illi
1375 1195 1470 1281 prohi-

375 1304 445 1371 biti.
461 1303 606 1370 Accedit
620 1303 711 1388 quod
739 1303 812 1388 ipse
840 1301 996 1369 Pontifex
1020 1302 1114 1368 salva
1128 1321 1202 1370 esse
1216 1302 1366 1368 decrevit
1378 1298 1471 1384 priui·
1578 1305 1579 1320 ¹

374 1407 469 1492 legale,
486 1407 629 1490 gratias,
656 1403 797 1484 indulta,
813 1405 1004 1486 facultates,
1020 1405 1275 1488 praerogativas
1304 1401 1472 1470 ordiriset

377 1508 644 1594 Congregatr'nnis
654 1509 841 1594 Nigrorum
853 1518 1110 1593 nuncupatorum
1123 1508 1159 1576 S.
1169 1507 1341 1573 Benedicti
1349 1527 1387 1571 ac
1395 1503 1471 1569 iltius

375 1611 655 1680 monasterorum
671 1615 707 1680 in
721 1615 852 1698 Δημέα
870 1613 919 1700 (¹),
938 1613 971 1679 in
987 1613 1107 1698 hisque
1122 1612 1339 1678 ecclesiarum
1367 1625 1471 1675 nouem

375 1719 447 1784 iura
461 1719 686 1786 cathedralia:
701 1738 770 1805 quo
793 1720 938 1797 decreto,
953 1718 1055 1784 tacite
1079 1718 1107 1782 is
1134 1717 1284 1803 quidem,
1306 1715 1365 1782 sed
1387 1709 1472 1778 valde
1578 1739 1579 1772 r

375 1821 563 1898 affirmavit,
578 1823 743 1888 curiarum
774 1823 926 1888 omnium
957 1822 1240 1906 ecclesiarumque
1270 1816 1467 1886 administra·

375 1927 511 2005 tionem,
520 1945 661 2012 quarum
674 1925 877 1993 utilitatibus
890 1926 1100 1992 Benedictinl
1113 1925 1286 2004 servirent,
1297 1924 1341 1990 ad
1357 1939 1472 1988 eorum·

373 2032 452 2096 dem
480 2031 691 2112 monasteria,
717 2031 745 2098 si
772 2033 909 2117 quando
935 2039 1048 2098 essent
1074 2031 1108 2096 in
1136 2031 1308 2114 integrum
1324 2027 1472 2099 restituta

375 2137 457 2204 nihil
482 2157 577 2204 secus
603 2157 705 2224 quam
730 2148 810 2205 ante
834 2137 981 2204 schisma
1006 2139 1193 2222 pertinere:
1223 2147 1360 2204 tantum
1385 2133 1471 2218 igitur

374 2243 470 2309 abest
484 2252 521 2309 ut
536 2261 577 2310 ea
593 2241 843 2312 Constitutione
858 2243 1019 2328 potestati
1035 2243 1243 2310 monasticae
1259 2241 1418 2308 Urbanus
1436 2235 1474 2298 sit

251 2381 292 2428 1„
295 2381 351 2442 st„
374 2345 569 2431 refragatus.
584 2383 629 2398 -
643 2345 788 2412 Accedit
802 2345 906 2412 etiam
922 2345 1012 2431 quod
1029 2345 1078 2411 ita
1093 2344 1157 2412 fert
1173 2345 1328 2412 universe
1348 2359 1471 2410 consue·

199 2442 352 2547 mil,
375 2451 459 2517 tudo
484 2449 624 2519 Ordinis
650 2449 882 2517 Benedictini:
907 2469 1054 2534 namque
1071 2459 1106 2516 et
1128 2449 1219 2535 apud
1235 2449 1321 2515 alias
1337 2445 1470 2514 eiusdem
1577 2489 1578 2498 ,

199 2559 352 2666 mimir
377 2553 514 2621 Ordinis
529 2554 682 2634 familias,
696 2554 860 2640 quidquid
878 2555 1056 2639 potestatis
1071 2563 1123 2621 est
1149 2554 1184 2620 in
1208 2552 1385 2619 missiones
1399 2557 1429 2614 et
1442 2547 1469 2609 in

199 2653 352 2750 mqnqsr'ersn
375 2657 530 2724 alumnos
546 2659 782 2738 missionarios,
802 2659 838 2725 id
860 2658 917 2724 alii
941 2657 1090 2725 defertur
1104 2657 1231 2724 nemini
1245 2675 1350 2742 quam
1365 2671 1470 2720 coeno·

196 2751 323 2858 Jfflf‘
376 2760 506 2827 biorum
522 2761 744 2846 praepositis:
764 2781 873 2847 neque
887 2781 967 2828 vero
982 2761 1160 2847 quisquam
1176 2761 1313 2846 ignorat
1332 2755 1470 2826 abbatias

376 2883 457 2944 esse,
471 2883 559 2949 quae
575 2885 642 2932 non
659 2865 762 2932 modo
785 2866 1015 2952 sibimetipsae
1041 2866 1229 2944 consulant,
1252 2865 1313 2930 sed
1338 2857 1469 2930 ecclesiis

376 2970 525 3036 externis
539 2969 704 3056 cun'isque
714 2969 803 3038 baud
816 2969 864 3036 ita
875 2971 990 3054 paucis
1002 2971 1054 3036 ius
1064 2970 1182 3037 dicant
1196 2986 1323 3054 easque
1337 2964 1470 3048 undiquc

228 3079 351 3152 ,Midi-
375 3072 685 3140 administrent-
706 3073 800 3140 Talis
826 3081 940 3140 autem
967 3073 1148 3140 sociandae
1177 3071 1470 3158 temperandaeque

199 3141 351 3306 &55⁰2ss
375 3177 553 3262 potestatis
577 3177 707 3259 modus,
732 3185 770 3244 ut
787 3178 999 3245 monasteriis
1024 3177 1201 3245 missiones
1216 3185 1366 3260 pareant,
1380 3171 1469 3242 ann

200 3272 217 3306 u

198 3378 351 3486 mium·
375 3385 562 3452 redundare
590 3393 741 3470 possunt,
778 3385 948 3470 optandus
979 3385 1130 3451 maxime
1167 3392 1228 3453 est.
1257 3381 1359 3467 Quod
1391 3379 1468 3446 enim

193 3503 241 3568 ner
259 3498 350 3568 {aiom
375 3489 587 3567 monasteria,
610 3495 647 3554 nt
670 3490 757 3554 inter
782 3508 901 3555 omnes
925 3497 1068 3568 constat,
1094 3508 1131 3554 se
1157 3487 1270 3555 minus
1290 3497 1468 3572 prosperea

196 3559 347 3664 22²in
373 3591 525 3678 legitima
537 3593 714 3680 disciplina
737 3594 926 3680 studiisque
952 3593 1134 3661 maioribus
1149 3613 1240 3660 nunc
1262 3592 1393 3668 habent,
1406 3585 1468 3651 eius

197 3679 248 3728 '¹¹⁷'
373 3698 419 3764 rei
435 3716 554 3763 caussa
569 3716 636 3763 non
652 3696 687 3764 in
702 3696 867 3775 alumnos,
881 3715 1024 3781 quorum
1039 3695 1198 3763 voluntas
1213 3696 1266 3761 vel
1278 3713 1378 3780 opera
1391 3686 1466 3755 desf-

372 3802 514 3882 deretur,
534 3811 663 3868 atvero
678 3801 712 3866 in
729 3819 838 3867 rerum
854 3801 1098 3886 hominumque
1111 3799 1274 3886 inopiam,
1289 3808 1323 3865 et
1338 3797 1370 3862 in
1384 3793 1466 3860 labo·

199 3273 351 3380 „a..”‚·,.p,.
375 3289 511 3366 propter
525 3280 711 3366 praeclaras
726 3281 997 3366 opportunitates
1012 3299 1100 3367 quae
1114 3286 1294 3364 utramque
1309 3279 1343 3345 in
1353 3285 1468 3363 partem
1575 3357 1576 3376 χ

372 3923 455 3985 rum,
469 3923 557 3990 quae
572 3904 651 3970 inde
664 3903 890 3988 consequitur,
904 3903 1221 3971 immoderationem
1243 3891 1464 3986 proculdubio
1574 3897 1575 3942 l

371 4009 472 4076 debet
501 4007 665 4076 conferri:
695 4009 816 4095 quibus
847 4008 1069 4075 incommodis
1096 4005 1282 4074 remedium
1312 4003 1462 4113 optimum

206 4134 346 4184 reviers„
371 4119 537 4196 suppetet,
550 4111 579 4176 si
593 4131 640 4176 ex
655 4113 775 4178 eodem
790 4111 901 4196 capite
927 4109 1112 4196 aequabilis
1135 4105 1365 4193 prouidentiae
1388 4107 1464 4166 ratio

190 4199 347 4323 ξῖξζῖζξῇζῖζ
372 4213 405 4279 in
435 4233 615 4280 commune
644 4215 798 4282 manarit.
819 4252 864 4266 -
890 4213 1022 4282 Similia
1051 4213 1248 4280 adiumenta
1274 4219 1309 4276 et
1336 4207 1463 4274 fortasse

220 4445 242 4478 ν,
1573 4437 1574 4484 l
