3230 4874
143 1176 153 1194 ·’
189 1186 193 1195 ·
303 1170 318 1201 ’·”
332 1164 517 1232 lRlFICE
531 1165 689 1232 delectati
705 1186 821 1233 sumus
836 1166 956 1233 litteris
971 1188 1057 1252 quas
1066 1169 1242 1236 adiunctas
1327 1203 1358 1248 ιι

151 1258 159 1283 ”
303 1254 312 1357 {j
353 1268 473 1335 misisti
508 1271 661 1346 cratium,
680 1271 773 1354 gravi
789 1289 871 1336 sane
893 1279 928 1338 et
942 1269 1156 1352 flexanimae,
1174 1293 1242 1358 qua
1299 1251 1392 1363 'ff

353 1373 409 1438 die
422 1372 525 1439 natali
543 1373 734 1457 Principum
745 1373 990 1457 Apostolorum
1006 1375 1241 1462 alloquutuees
1309 1413 1374 1460 ω
1376 1417 1422 1459 m

145 1505 150 1515 ·
305 1490 320 1521 ἰ
353 1477 639 1542 missionariorum
666 1475 916 1562 Algeriensium
943 1498 1076 1564 agmen,
1090 1482 1183 1566 quod
1206 1482 1240 1546 ln
1263 1473 1363 1593 ἔπη
1304 1472 1384 1544 ’¹¹¹'sf
1329 1545 1422 1578 „m

134 1586 315 1670 penitiores
328 1581 465 1647 Africae
475 1589 588 1665 partes
603 1591 675 1646 erat
690 1579 929 1664 profecturum
945 1582 998 1648 Eo
1023 1583 1158 1649 suavius
1181 1603 1240 1650 au·
1267 1591 1353 1640 nanos
1374 1591 1420 1637 Al

133 1694 203 1756 tem
230 1709 270 1754 ea
299 1685 481 1770 scriptione
509 1682 622 1749 allecti
640 1703 756 1750 sumus
778 1705 848 1768 quo
880 1685 1002 1752 clarius
1024 1687 1216 1772 liquebat
1205 1709 1240 1755 ιιι
1264 1665 1421 1770 Afrum!

133 1794 253 1860 melius
267 1790 435 1877 progredi,
449 1788 553 1854 licet
543 1797 630 1853 rnter
642 1809 783 1872 magnas
798 1791 996 1873 asperitates
1012 1812 1132 1872 rerum,
1155 1813 1241 1877 opus
1269 1831 1304 1876 r.
1269 1776 1422 1831 mm*

132 1917 249 1966 eorum
265 1917 323 1982 qur
314 1893 538 1960 humaniore
552 1892 643 1959 cultu
670 1892 808 1958 Africae
837 1903 956 1976 gentes
983 1896 1137 1980 expolire
1160 1918 1241 1963 con·

133 2004 305 2080 tendunt;
342 1999 432 2082 quod
457 2015 552 2082 opus,
570 2015 631 2061 ceu
662 1998 768 2081 probe
805 1999 903 2077 nosti,
930 1999 1091 2084 singulari
1129 2001 1243 2068 lavore

131 2105 387 2190 complectimur
416 2109 451 2166 et
472 2101 581 2185 parati
607 2119 724 2166 sumus
750 2101 909 2167 adiuvare
935 2123 996 2185 pro
1033 2105 1169 2172 viribus.
1198 2143 1243 2156 -

136 2210 250 2295 Quare
264 2207 426 2292 plurimas
449 2205 613 2270 habemus
626 2205 753 2288 gratias
771 2205 1003 2289 providentiae
1027 2210 1151 2273 summi
1168 2209 1244 2289 Dei,

135 2332 319 2399 quaecum
347 2311 582 2395 magnanimos
602 2309 730 2375 excitat
769 2309 941 2394 lectosque
963 2311 1062 2389 viros,
1090 2312 1148 2396 qui
1170 2332 1244 2378 sese

135 2417 215 2484 huic
230 2416 335 2482 nobili
350 2415 445 2500 operi
460 2415 632 2493 addicunt,
649 2423 722 2480 tum
743 2413 938 2498 evangelico
962 2433 1076 2480 eorum
1095 2414 1243 2482 ministe-

136 2524 188 2588 rio
200 2523 359 2588 virtutem
374 2521 434 2586 dat
450 2527 484 2585 ct
498 2517 704 2584 incrementa
713 2537 791 2584 cum
803 2518 893 2583 laeta
904 2518 1071 2585 fructuum
1081 2517 1243 2587 ubertate.

135 2661 181 2678 -
196 2625 345 2690 illustria
356 2623 456 2707 plane
465 2630 500 2686 et
515 2621 631 2688 auditu
654 2620 802 2686 iucunda
825 2632 905 2687 sunt
920 2622 1003 2687 haec
1019 2623 1245 2690 missionario·
1272 2624 1426 2754 mxl

137 2749 212 2796 rum
232 2729 355 2805 studia,
369 2727 428 2812 qui
442 2727 632 2810 primaevos
648 2725 813 2809 evangelii
837 2745 1019 2809 praecones
1035 2727 1245 2794 aemulantes
1270 2744 1337 2790 viros
1341 2758 1423 2799 ‚m-

136 2843 253 2919 petere
278 2833 427 2917 gestiunt
459 2829 625 2898 interioris
656 2829 795 2895 Africae
828 2829 975 2897 latebras
1005 2833 1245 2917 inexploratas,
1266 2779 1423 2934 Ᾰρἶἶιη.
1372 2818 1423 2850 ’κ’

136 2939 232 3022 queis
247 2936 339 3002 nulla
354 2935 415 3001 lux
430 2933 540 3000 adhuc
556 2931 690 3012 affulsit,
701 2944 739 2998 ut
754 2953 812 2998 eas
836 2932 1033 3001 collustrent
1047 2936 1175 3002 lumine
1195 2958 1245 3002 re·
1270 2877 1423 3030 mm:

135 3040 314 3108 velationis
329 3038 457 3124 gloriae
469 3038 559 3104 IESU
572 3036 732 3104 CHRISTI
747 3059 756 3119 ;
771 3047 823 3104 ast
840 3036 922 3103 illud
946 3039 1123 3106 iucundius
1152 3042 1244 3125 quod

137 3145 309 3229 Principes
335 3143 552 3209 barbararum
568 3143 720 3225 gentium
736 3151 894 3226 prompte
909 3140 1011 3209 fidem
1026 3143 1244 3211 christianam

136 3249 291 3335 amplexi
316 3247 485 3331 supplices
500 3255 642 3330 poscant
665 3245 849 3311 auctiorem
874 3245 1102 3329 operariorum
1129 3266 1244 3312 nume-

138 3373 224 3434 rum,
252 3372 321 3438 quo
350 3350 490 3417 celerius
520 3351 554 3414 ln
581 3349 650 3415 suis
673 3349 868 3432 regionibus
880 3358 1088 3434 propagetur
1103 3369 1245 3434 regnum

137 3461 212 3526 Dei
227 3495 271 3510 -
286 3459 380 3523 Dum
395 3456 523 3523 veroin
547 3454 639 3520 hisce
654 3455 789 3520 divinae
818 3454 1052 3538 prouidentiae
1066 3454 1246 3520 benefacta
1324 3466 1425 3514 ιιιιιι

136 3563 360 3648 agnoscimus,
362 3581 430 3626 non
441 3561 552 3625 minus
566 3558 659 3623 illam
673 3577 833 3624 miramur
841 3577 875 3624 ιιι
892 3558 1297 3642 eostudioquorectora
1271 3527 1423 3632 ’Ἲῖἆῖ

137 3687 190 3732 res
205 3665 416 3751 populorum,
431 3661 488 3748 qui
503 3661 536 3726 in
568 3661 707 3743 Europa
722 3671 810 3739 sunt,
825 3661 955 3740 validis,
976 3661 1098 3746 qulbus
1118 3661 1246 3745 pollent
1271 3645 1425 3759 fflmfm

137 3771 272 3850 viribus,
303 3766 523 3834 humanitatis
545 3785 700 3832 caussam
716 3766 801 3830 tucri
828 3765 1075 3831 contendunt
1065 3785 1099 3830 ιιι
1120 3765 1246 3834 Africa

141 3875 277 3958 Insigne
292 3873 392 3937 huius
413 3870 516 3936 studii
533 3879 771 3953 argumentum
798 3868 952 3952 praebuit
977 3866 1136 3934 solemnis
1168 3889 1247 3935 con·

137 3989 257 4046 uentus
281 3995 390 4060 nuper
404 3973 573 4040 Bruxellis
587 3973 724 4038 habitus
748 3973 782 4036 in
810 3991 880 4056 quo
899 3971 1000 4037 iidem
1020 3981 1166 4038 rectores
1189 3994 1249 4057 per

137 4087 269 4167 legatos
280 4098 359 4146 suos
374 4097 513 4144 caussae
527 4076 680 4154 illius,cui
697 4075 849 4141 lavemus
870 4083 1057 4160 tantopere,
1072 4093 1250 4161 suscepere

139 4185 372 4274 patrocinium.
389 4182 442 4247 lbi
458 4180 549 4247 enim
566 4199 700 4246 summo
712 4179 908 4244 coeuntium
930 4199 1095 4245 consensu
1113 4201 1153 4244 ea
1169 4191 1248 4248 sunt

139 4289 325 4356 constituta
338 4306 426 4372 quae
441 4284 593 4351 maxime
613 4281 765 4350 conferre
789 4283 992 4349 videbantur
1021 4284 1065 4350 ad
1096 4295 1249 4352 averten-

140 4396 221 4462 dam
237 4391 428 4479 perniciem,
436 4407 523 4475 quae
538 4387 676 4454 Africae
685 4386 826 4454 insertur
840 4408 886 4453 ex
903 4387 1249 4475 cupiditatecomplu·

201 4539 278 4586 Aera
294 4536 396 4584 Luours
411 4533 484 4582 Xlll.
1103 4535 1220 4598 1tr,...3¹
