3172 4874
407 355 477 422 190
545 353 733 406 LITTERAE
761 355 918 406 ENCYCL.
942 343 961 372 ‘⁶
980 355 1114 408 RERUM
1132 357 1319 411 NOVARUM
1338 393 1358 422 ,‚

476 461 506 466 —
522 461 609 467 .-——
639 459 837 468 —.-———-.

224 525 375 633 ⁶5).than
446 521 541 605 Quos
554 532 677 598 tamen,
688 522 715 584 si
727 521 916 586 christianis
928 523 1114 606 praeceptis
1127 525 1308 607 paruerint,
1318 545 1428 607 parum
1447 539 1484 588 en

223 623 374 706 sudeam.
400 625 559 703 amicitia,
574 627 780 690 amoretiam
797 623 961 690 fraternus
978 627 1065 691 inter
1079 647 1115 691 se
1130 627 1337 711 coniugabit.
1354 629 1485 695 Sentient

223 713 374 812 ‘ssffli'
401 729 491 793 enim
522 740 555 794 et
586 729 783 815 intelligent,
814 749 931 796 omnes
969 731 1069 814 plane
1106 733 1259 796 homines
1291 752 1313 797 a
1338 736 1484 798 communi

219 825 357 930 ‘lma
400 841 539 913 parente
556 832 632 898 Deo
648 842 850 916 procreatos:
862 853 980 898 ornnes
991 836 1034 899 ad
1045 837 1201 900 eumdem
1224 835 1328 900 finem
1344 837 1483 900 bonorum

223 945 376 1048 urm*
400 936 547 1013 tendere,
559 935 616 1019 qui
634 936 728 1000 Deus
744 947 794 1001 est
812 937 891 1020 ipse,
907 939 965 1020 qui
981 937 1111 1004 allicere
1135 939 1348 1004 beatitudine
1363 940 1484 1024 perlecta

224 1066 250 1125 a)
272 1075 376 1118 „mm
400 1050 502 1125 atque
517 1041 673 1104 absoluta
689 1050 722 1105 et
738 1041 892 1106 homines
902 1051 936 1105 et
944 1041 1098 1125 Angelos
1110 1063 1196 1108 unus
1208 1053 1326 1127 potest
1341 1045 1484 1126 :singulos

225 1135 333 1184 creator.
401 1146 480 1210 item
498 1145 622 1228 pariter
636 1164 709 1208 esse
728 1145 812 1210 lusu
832 1145 990 1212 CHRISTI
1006 1145 1169 1212 beneficio
1196 1149 1391 1232 redemptos
1413 1161 1441 1213 et
1461 1150 1483 1212 in

225 1193 253 1268 m·
264 1212 327 1242 m
338 1197 384 1257 st:
399 1251 600 1334 dignitatem
621 1248 763 1313 filiorum
792 1250 857 1315 Dei
873 1251 1070 1330 vindicatos,
1085 1261 1122 1316 ut
1145 1252 1244 1335 plane
1261 1255 1485 1318 necessitudile

223 1292 374 1388 fit'rnusRe·
401 1354 417 1417 s
676 1353 683 1368 ·
984 1355 992 1368 ·
1250 1356 1257 1370 ·
1437 1359 1443 1371 ·

223 1385 336 1444 mm,
413 1363 545 1418 raterna
569 1373 645 1418 curn
674 1363 760 1418 rnter
787 1374 822 1416 se
849 1363 921 1418 tum
947 1363 1048 1420 etiarn
1076 1375 1153 1418 curn
1179 1355 1320 1421 Christo
1352 1357 1484 1423 Domino¹

219 1445 377 1549 ffimffi'r
392 1459 612 1543 primogenito
627 1464 662 1522 in
679 1457 794 1521 multis
798 1458 980 1540 fratribus,
996 1460 1240 1526 contineantur.
1257 1461 1350 1526 Item
1372 1472 1484 1526 naturae

214 1563 319 1642 fragres·
400 1565 498 1641 bona,
529 1582 667 1627 munera
700 1563 829 1644 gratiae
866 1563 1000 1626 divinae
1027 1564 1194 1646 pertinere
1223 1565 1442 1629 communiter
1459 1577 1482 1626 et
1537 1593 1538 1648 ς

218 1627 374 1748 gyssam
398 1669 587 1751 promiscue
603 1666 646 1731 ad
662 1687 767 1749 genus
782 1666 957 1731 hominurn
979 1667 1180 1746 universum,
1205 1689 1265 1733 nec
1294 1689 1482 1753 quemquam,
1537 1663 1538 1666 ’

222 1750 354 1796 mum
400 1773 463 1836 nisi
491 1772 678 1854 indignum,
703 1772 868 1834 bonorum
893 1769 1087 1834 caelestium
1115 1770 1185 1836 fieri
1216 1773 1426 1838 exheredem
1449 1771 1480 1833 51

397 1887 506 1940 autem
519 1874 602 1958 filii,
618 1885 650 1938 et
663 1873 814 1938 heredes:
828 1873 958 1938 heredes
971 1873 1103 1956 quidem
1129 1875 1204 1953 Dei,
1218 1875 1388 1940 coheredes
1399 1885 1478 1940 aulen:

401 1981 527 2046 Christi
545 1981 591 2064 ().

440 2086 534 2152 Talis
554 2094 606 2149 est
633 2083 740 2148 forma
763 2083 948 2148 officiorum
976 2103 1015 2146 ac
1041 2082 1171 2160 iurium,
1196 2105 1302 2167 quarn
1324 2084 1480 2149 christiana
1538 2137 1539 2154 ,

396 2190 609 2274 philosophia
625 2187 807 2272 profitetur.
824 2187 947 2252 Nonne
968 2187 1157 2271 quieturum
1184 2189 1341 2270 perbrevi
1357 2200 1482 2269 ternpore
1538 2173 1539 2184 ’

395 2306 564 2361 certarnen
581 2313 682 2358 omne
698 2293 860 2370 videatur,
874 2291 932 2356 ubi
945 2291 1001 2356 illa
1012 2293 1045 2354 in
1067 2292 1156 2356 civili
1169 2294 1329 2357 convictu
1352 2289 1481 2357 valeret?

222 2421 249 2472 30
265 2414 367 2484 oenum
439 2401 595 2484 Denique
611 2418 672 2463 nec
688 2398 769 2461 satis
785 2395 887 2461 habet
905 2396 1055 2461 Ecclesia
1070 2397 1159 2461 viam
1177 2396 1402 2463 inveniendae
1411 2413 1483 2458 cura-

216 2475 367 2590 similia
393 2506 495 2571 tionis
516 2503 701 2580 ostendere,
720 2503 778 2565 sed
796 2501 954 2565 admovet
971 2521 1031 2563 sua
1059 2521 1160 2564 manu
1178 2502 1392 2567 medicinam.
1413 2499 1483 2564 Nam

214 2591 252 2636 ⁸⁶⁰
270 2593 368 2638 “⁹³¹³“
393 2619 465 2673 tota
478 2610 510 2670 in
527 2628 568 2672 eo
584 2617 636 2672 est
655 2617 691 2672 ut
706 2607 749 2670 ad
761 2605 972 2688 disciplinam
988 2606 1244 2687 doctrinamque
1260 2627 1360 2670 suam
1371 2602 1485 2670 excolat

215 2659 365 2698 lustr'rurrs

213 2769 238 2824 a)
260 2721 365 2817 {gaft-nos
391 2711 548 2774 homines
563 2720 664 2793 atque
681 2710 855 2774 instituat:
870 2709 963 2772 cuius
974 2708 1146 2773 doctrinae
1158 2709 1396 2775 saluberrimos
1407 2709 1484 2774 rivos
1539 2755 1540 2762 κ

214 2829 328 2899 ursmare
350 2889 355 2900 Ι
394 2813 639 2895 Episcoporum
664 2821 699 2876 et
715 2811 804 2878 Cleri
824 2831 936 2894 opera,
952 2832 1053 2894 quam
1077 2811 1240 2876 latissime
1260 2822 1385 2895 potest,
1409 2819 1485 2874 curat

209 2896 364 2993 {Zinz''⁸⁸'
391 2917 617 2984 deducendos.
633 2917 768 2981 Deinde
784 2914 965 3000 pervadere
981 2915 1014 2979 in
1026 2917 1157 2980 animos
1170 2916 1288 2980 nititur
1302 2916 1484 2996 flecterequc

211 3007 363 3112 ssssmsd'fm
391 3021 595 3098 voluntates,
618 3030 654 3085 ut
676 3019 865 3084 divinorum
890 3019 1069 3103 disciplina
1088 3029 1346 3103 praeceptorum
1372 3019 1435 3102 regi
1457 3034 1484 3076 se

211 3126 279 3170 num
309 3129 363 3197 ‚atis
390 3125 636 3208 gubernarique
652 3125 830 3207 patiantur.
852 3123 969 3207 Atque
988 3123 1021 3189 in
1043 3123 1106 3188 bac
1123 3133 1227 3206 parte,
1241 3143 1332 3206 quae
1347 3124 1484 3208 princeps

209 3191 364 3316 23,qu
389 3241 440 3296 est
456 3252 494 3294 ac
513 3229 687 3314 permagni
699 3229 870 3306 momenti,
880 3227 959 3311 quia
970 3247 1101 3292 summa
1114 3228 1297 3294 utilitatum
1314 3243 1483 3309 caussaque

206 3317 272 3422 20²2,ss
285 3311 362 3351 Μ’
390 3345 463 3400 tota
486 3337 518 3399 in
539 3335 612 3418 ipsa
635 3333 787 3398 consistit
804 3333 955 3396 Ecclesia
970 3331 1106 3414 quidem
1129 3351 1196 3396 una
1213 3341 1326 3414 potest
1343 3332 1483 3396 maxime.

391 3439 522 3523 Quibus
535 3439 622 3504 enirn
640 3437 870 3502 instrumentis
893 3437 936 3501 ad
964 3436 1209 3518 permovendos
1239 3437 1371 3500 animos
1387 3435 1481 3502 utitur,

389 3566 429 3608 ea
440 3543 503 3607 sibi
515 3543 601 3608 hanc
611 3543 719 3626 ipsam
729 3542 774 3605 ob
789 3560 941 3606 caussam
954 3540 1079 3603 tradita
1095 3560 1115 3603 a
1130 3539 1218 3604 IESU
1234 3541 1482 3606 CHRISTOsuntr

387 3647 612 3730 virtutemque
638 3645 764 3710 habent
787 3644 947 3710 divinitus
980 3643 1126 3708 insitam.
1158 3641 1353 3708 Istiusmodi
1376 3643 1479 3706 instru-

389 3761 502 3816 menta
514 3751 585 3816 sola
601 3761 688 3828 sunt,
702 3770 790 3834 quae
806 3748 914 3814 cordis
926 3749 1092 3831 attingere
1104 3749 1292 3830 penetrales
1313 3750 1403 3812 sinus
1415 3755 1479 3826 apte

385 3865 520 3938 queant,
540 3855 778 3936 hominemque
795 3854 960 3917 adducere
985 3862 1022 3916 ut
1048 3851 1262 3917 obedientem
1284 3873 1320 3916 se
1335 3849 1475 3934 praebeat

388 3956 508 4034 officio,
534 3967 646 4022 motus
669 3956 772 4021 animi
795 3957 985 4039 appetentis
1009 3966 1112 4038 regat,
1137 3955 1249 4020 Deum
1272 3966 1305 4020 et
1321 3955 1477 4039 proximos

387 4063 527 4126 caritate
557 4061 677 4144 diligat
705 4059 866 4143 singulari
897 4079 936 4124 ac
966 4079 1108 4130 summa.
1138 4060 1320 4143 omniaque
1345 4058 1475 4124 animose

388 4173 591 4245 perrumpat,
607 4183 694 4244 quae
708 4163 840 4226 virtutis
857 4163 1045 4247 impediunt
1060 4183 1203 4227 cursum.

417 4399 440 4430 1.
454 4387 536 4440 Rom,
548 4397 606 4441 vur.
621 4402 654 4445 17.
