3250 4876
444 437 605 465 recisis-ne}
646 442 908 465 nunu-mmmm
912 452 1195 467 nnnnnnnnnnnnnnnnnnnnnn
1201 442 1233 467 Γοῖ
1239 454 1344 468 ooooooooo
1343 442 1391 470 ’Τῖῗ
1392 444 1422 471 Tu
1442 458 1458 471 n

422 497 449 617 ΓΞ
564 538 889 622 errannr:
921 538 1363 626 AposrochAE

421 696 448 821 {I}
521 733 586 794 m:
620 733 769 795 nasto
801 733 835 794 s.
866 733 1145 796 rosnarum
1173 735 1411 797 insenum

585 898 993 973 REGIOMBUSQUE
1016 899 1066 959 nr
1089 899 1343 963 suaracrrs

412 1156 425 1173 ἰ
439 1166 453 1182 ,ι

289 1343 322 1390 ²8
409 1327 711 1406 hlfifflliUOD
736 1336 851 1419 paucis
882 1336 1004 1402 abhinc
1029 1335 1208 1415 mensibus,
1230 1337 1339 1403 Nobis
1363 1338 1498 1403 christia-

464 1221 587 1278 'W

335 1487 341 1500 .
463 1427 540 1608 Q
570 1409 596 1554 Ε
624 1459 703 1503 num
743 1439 904 1524 populum
936 1441 979 1505 acl
1022 1441 1271 1525 implorandum
1309 1444 1498 1509 sanctissimi

438 1387 566 1637 l]
623 1543 789 1626 Deiparae
806 1543 928 1627 Sponsi
951 1545 1173 1627 patrocinium
1190 1545 1451 1626 cohortantibus,
1463 1547 1498 1612 de

229 1661 382 1728 maturaeq-
621 1647 732 1711 studio
743 1666 911 1714 sacrorum
937 1647 1149 1726 Antistitum,
1165 1651 1287 1734 quibus
1310 1649 1438 1716 litteras
1451 1671 1498 1716 en·

195 1774 199 1794 ι
228 1721 257 1820 {2
264 1715 381 1834 W}
406 1749 549 1832 cyclicas
564 1751 728 1830 dedimus,
743 1752 945 1834 sperandum
961 1771 1034 1816 esse
1050 1753 1233 1831 videbatur,
1248 1753 1282 1817 id
1298 1765 1422 1820 eventu
1437 1755 1498 1838 ipso

227 1833 344 1938 ,22:22²
406 1853 472 1917 iam
485 1852 673 1918 confirmari
688 1855 838 1938 coepisse
853 1855 943 1923 haud
968 1857 1093 1940 exigua
1119 1856 1222 1922 animi
1246 1857 1363 1922 Nostri
1385 1857 1499 1924 laetitia

227 1952 276 2057 ᾖξ’
292 1953 357 2058 ξιξ
404 1956 613 2041 percipimus.
629 1996 671 2010 -
685 1959 796 2024 Huius
812 1959 901 2024 eninr
928 1961 1030 2024 studii
1061 1960 1266 2026 luculentum
1288 1963 1406 2029 extitit
1420 1961 1498 2027 testi-

222 2071 365 2142 postulata.
407 2061 556 2126 monium
572 2083 617 2126 ex
633 2060 861 2128 fervidissimis
877 2063 1040 2147 precibus,
1051 2084 1145 2149 quas,
1160 2065 1300 2130 certiore
1321 2065 1415 2131 iacto
1432 2065 1498 2130 His·

227 2131 379 2235 firm*
405 2166 525 2248 pamiae
540 2167 713 2248 gubernio,
728 2167 837 2231 Nobis
860 2166 1086 2233 exhibuerunt
1111 2167 1222 2252 plures
1242 2169 1401 2235 catholici
1424 2169 1499 2234 illius

222 2247 381 2368 §aalma
404 2269 497 2352 regni
522 2269 680 2353 Episcopi
705 2279 785 2334 vota
813 2271 891 2334 cleri
916 2281 950 2336 et
974 2271 1089 2355 populi
1105 2281 1341 2356 proponentes,
1356 2275 1416 2359 qui
1432 2274 1498 2339 inde

403 2373 613 2440 occasionem
624 2375 827 2458 captandam
843 2386 1051 2455 censuerunt,
1066 2387 1104 2441 ut
1118 2376 1303 2455 consilium,
1317 2381 1412 2461 quod
1428 2380 1498 2443 iam·

402 2477 530 2543 dudum
547 2488 771 2562 susceperant,
785 2487 940 2561 optatum
953 2479 1082 2543 exitum
1096 2479 1217 2544 habere
1233 2491 1356 2564 posset.
1367 2482 1498 2546 Avitum

403 2599 524 2663 nempe
551 2581 780 2664 Hispanorum
806 2580 964 2659 studium,
976 2589 1009 2646 et
1035 2603 1235 2666 propensam
1262 2585 1416 2650 omnium
1438 2583 1499 2650 ani·

402 2702 532 2764 morum
558 2705 637 2767 erga
661 2683 896 2749 Beatissimum
924 2685 1148 2751 Patriarcharn
1176 2687 1389 2753 voluntatem
1420 2687 1497 2771 cogi-

400 2796 520 2866 tantes,
550 2789 639 2853 diem
670 2789 741 2852 eius
781 2789 1003 2854 recordationi
1035 2801 1265 2856 consecratum
1296 2812 1315 2856 e
1344 2790 1497 2857 festorum

399 2891 529 2956 dierum
560 2912 700 2957 numero
723 2893 892 2958 sublatum
927 2892 1060 2976 publica
1089 2894 1249 2978 religione
1273 2915 1387 2960 carere
1408 2911 1497 2977 aegre

401 2995 551 3060 serebant
567 2997 784 3062 Venerabiles
799 2997 847 3061 illi
860 2997 1032 3080 Episcopi,
1047 3009 1080 3062 et
1096 2999 1275 3064 universim
1304 2999 1498 3082 quicumque

401 3098 582 3164 christiano
598 3101 733 3164 nornine
749 3109 926 3164 censentur
941 3101 1012 3166 iure
1023 3121 1061 3164 ac
1074 3103 1194 3166 merito
1203 3103 1498 3184 conquerebantur,

400 3204 544 3288 ideoque
574 3226 594 3268 a
624 3205 732 3270 Nobis
756 3205 1008 3288 impensissimis
1040 3207 1192 3290 precibus
1223 3207 1445 3289 postularunt,
1466 3211 1497 3266 ut

278 3373 283 3384 ,
329 3374 333 3386 ,
399 3306 489 3372 diem
518 3307 552 3374 S.
570 3309 714 3390 Iosepho
740 3328 869 3373 sacrum
887 3309 920 3372 in
945 3309 1119 3391 pristinam
1135 3310 1335 3393 dignitatem
1353 3310 1498 3374 restitua-

180 3490 184 3500 ι
221 3373 377 3481 rassmffl
400 3429 484 3474 mus.
502 3411 604 3475 Hunc
616 3431 696 3475 sane
708 3412 868 3476 honorem
886 3412 1082 3476 beatissimo
1099 3413 1184 3478 Viro
1199 3412 1313 3476 deberi
1339 3411 1438 3477 nemo
1452 3417 1497 3473 est

220 3495 373 3598 ss'ssdajf'm'
399 3513 455 3596 qui
471 3535 538 3579 non
551 3515 672 3582 videat.
685 3515 751 3598 Qui
775 3517 864 3580 eninr
880 3515 1031 3598 Virginis
1049 3516 1216 3598 Deiparae
1237 3517 1391 3599 Sponsus
1414 3514 1496 3580 dele-

219 3615 270 3664 Μ’
400 3629 473 3682 ctus
500 3620 571 3683 eius
595 3619 769 3703 dignitatis
793 3619 961 3703 coniugali
973 3619 1108 3685 foedere
1134 3622 1301 3702 particeps
1318 3621 1388 3699 luit,
1404 3635 1494 3703 quem

399 3719 552 3786 Christus
573 3722 636 3786 Dei
665 3721 768 3785 Filius
792 3731 825 3786 et
846 3743 944 3787 suum
969 3743 1043 3786 esse
1069 3724 1243 3787 custodem
1269 3733 1304 3787 et
1331 3731 1493 3805 parentem

397 3825 583 3890 existimari
607 3825 722 3902 voluit,
739 3828 795 3911 qui
820 3826 954 3891 divinae
980 3827 1125 3891 interris
1152 3827 1267 3892 domui
1284 3827 1379 3910 quasi
1395 3823 1494 3909 patria
1592 3865 1593 3868 κ

396 3939 566 4014 potestate
581 3929 733 4012 praefuit,
743 3931 799 4013 qui
816 3931 1001 3995 Ecclesiam
1019 3931 1121 3996 habet
1137 3951 1217 3995 suae
1234 3929 1311 3994 fidei
1323 3951 1362 3994 ac
1378 3928 1494 3994 tutelae

234 4049 369 4116 specialis·
395 4034 633 4109 concreditam,
648 4053 688 4098 ea
718 4033 854 4098 excellit
869 4034 1086 4117 praestantia,
1100 4043 1138 4098 ut
1155 4033 1247 4098 nullo
1263 4055 1330 4098 non
1353 4035 1394 4097 sit
1406 4033 1492 4096 obse·

216 4117 370 4226 ’ἷιῗραηέθ
396 4136 476 4220 quio
501 4138 954 4220 prosequendus—Verum
972 4137 1088 4203 inclita
1116 4138 1303 4221 Hispaniae
1320 4139 1411 4202 natio
1424 4154 1491 4218 pro·

216 4225 366 4334 {zm}
394 4242 502 4323 priam
534 4241 635 4304 habet
666 4261 827 4318 caussam,
862 4261 927 4325 qua
956 4242 1091 4306 beatum
1133 4240 1300 4325 Deiparae
1332 4241 1489 4324 Sponsum

214 4343 309 4457 {2³2}
318 4349 368 4463 0321
396 4347 575 4426 praecipuo
616 4357 835 4426 prosequatur
863 4347 999 4423 honore,
1030 4347 1164 4410 excolat
1202 4345 1373 4429 obsequio,
1398 4357 1488 4426 quam

216 4461 275 4508 ma.
396 4445 953 4528 ArchiepiscopusVallisoletanus
970 4468 1035 4513 una
1052 4469 1127 4513 cum
1144 4450 1294 4514 eiusdem
1312 4445 1489 4531 provinciae
