3194 4872
430 355 480 408 DE
499 356 669 409 suumn
687 353 909 408 SERVITUTE.
1171 353 1227 424 71·

121 543 204 606 duce
218 550 334 606 natura
360 551 511 607 mutuam
532 543 619 608 inter
642 562 678 608 se
703 541 970 606 benevolentiam
998 551 1216 626 mutuamque
1276 607 1354 646 m

120 647 360 714 observantiam
387 646 542 725 colerent,
568 648 627 713 sed
654 641 893 730 cupiditatibus
919 646 1115 712 obedientes
1141 649 1217 724 suis,
1282 657 1348 704 1888

127 751 268 816 homines
283 750 367 816 alios
393 750 477 814 inira
493 771 530 816 se
554 760 672 835 putare
687 750 867 834 coeperint,
882 760 917 814 et
942 752 1081 834 perinde
1096 753 1217 818 habere

126 876 161 920 ac
174 864 249 920 nata
258 874 338 938 rugo
354 855 512 920 iumenta.
524 855 601 920 Hoc
618 855 730 931 modo,
740 854 831 918 nulla
846 854 975 918 ratione
986 854 1100 920 habita
1112 875 1218 940 neque
1255 817 1381 921 semiss

126 978 303 1024 communis
312 968 452 1023 naturae
453 977 579 1042 ,neque
593 958 767 1042 drgnrtaus
777 957 945 1024 humanae
946 978 1072 1042 ,neque
1087 957 1246 1025 divinae‘
1241 936 1279 980 ‘³‘
1279 935 1390 980 ‘'mm''

122 1083 294 1145 expressae
303 1061 540 1140 similitudinis,
549 1071 763 1126 consecutum
778 1071 829 1126 est
844 1071 890 1138 ut,
900 1082 959 1145 per
970 1064 1171 1129 certationes
1186 1075 1219 1128 et

129 1161 209 1226 bella
232 1181 317 1246 quae
331 1161 454 1226 deinde
481 1171 688 1238 exarserunt,
703 1161 760 1244 qui
775 1163 809 1225 vi
825 1163 1009 1227 existerent
1025 1165 1220 1246 superiores,

127 1263 148 1326 ii
175 1265 274 1330 victos
306 1264 369 1329 sibi
399 1264 609 1342 subiicerent,
638 1273 740 1347 atque
775 1263 823 1328 ita
853 1263 1034 1330 multitudo
1071 1267 1218 1330 eiusdem

123 1363 245 1444 generis
271 1363 445 1429 individua
468 1365 591 1428 sensim
618 1363 651 1427 in
676 1363 761 1427 duas
787 1363 985 1429 abscesserit
1011 1375 1131 1448 partes,
1158 1368 1220 1430 sub

122 1468 293 1533 victoribus
319 1468 465 1532 dominis
480 1469 568 1532 victa
584 1467 760 1550 mancipia.
776 1505 821 1516 -
836 1467 940 1533 Cuius
955 1469 1002 1533 rei
1029 1469 1218 1534 luctuosum

115 1573 209 1654 quasi
223 1572 393 1637 theatrum
409 1571 569 1636 memoria
596 1571 779 1655 priscorum
795 1580 985 1655 temporum
1002 1572 1160 1656 explicat,
1176 1579 1218 1638 ad

123 1683 265 1758 tempora
276 1695 383 1760 usque
395 1675 534 1740 Domini
547 1673 740 1753 Servatoris,
751 1695 855 1758 quum
865 1675 1040 1740 calamitas
1051 1679 1218 1742 servitutis

122 1779 256 1862 populos
266 1799 386 1844 omnes
398 1779 464 1844 late
479 1789 679 1863 pervaserat,
691 1779 859 1862 rariorque
874 1789 946 1844 erat
956 1800 1112 1846 numerus
1126 1783 1216 1866 inge·

122 1903 264 1960 nuorurn,
280 1893 320 1948 ut
336 1883 513 1950 Caesarem
530 1893 632 1966 poeta
648 1883 703 1947 ille
719 1884 876 1948 atrociter
890 1885 1058 1948 dicentem
1075 1885 1217 1951 induxe-
1264 1899 1395 1944 immensas

122 1989 178 2068 rit;
192 1989 391 2055 Humanum
399 1991 515 2074 paucis
527 1985 724 2074 vivitgerlus
740 1989 791 2073 (1.)
809 1990 915 2073 ldque
931 1992 1020 2074 apud
1041 2010 1098 2056 eas
1115 1993 1216 2056 etiam
1258 1971 1380 2122 ’,ἷῗζξέ

122 2093 265 2159 nationes
281 2094 398 2178 viguit,
409 2113 496 2177 quae
510 2113 603 2159 omnr
594 2093 709 2158 'cultu
723 2093 894 2176 expolitae
909 2094 1110 2172 eminebant,
1127 2097 1215 2178 apud
1242 2075 1345 2180 522⁶
1344 2075 1396 2179 ,2²

119 2194 258 2262 Graecos
259 2198 375 2281 a,pud
403 2198 586 2275 Romanos,
601 2215 704 2280 quum
721 2217 902 2280 paucorum
923 2198 1111 2280 dominatio
1127 2211 1215 2262 esset
1243 2199 1307 2246 ⁸⁸⁸¹

119 2299 149 2364 in
164 2300 326 2384 plurimos
338 2324 346 2380 ;
361 2321 468 2385 eaque
482 2322 559 2367 cum
572 2301 787 2384 improbitate
802 2312 835 2367 et
847 2303 1001 2385 superbia
1014 2311 1109 2368 tanta
1121 2324 1216 2368 exer-

112 2404 259 2484 cebatur,
275 2416 314 2470 ut
338 2425 507 2471 servorum
530 2406 648 2472 turbae
664 2403 746 2468 nihil
762 2425 862 2489 supra
887 2415 1099 2472 censerentur
1114 2427 1215 2490 quam

120 2507 211 2587 bona,
234 2529 305 2574 non
330 2529 494 2593 personae
527 2510 586 2574 sed
611 2528 671 2587 res,
695 2509 804 2573 omnis
835 2518 991 2592 expertes
1025 2511 1115 2588 iuris,
1145 2512 1217 2592 ipsa
1285 2554 1392 2600 pem

119 2611 274 2696 adempta
285 2613 444 2680 facultate
453 2612 647 2679 retinendae
662 2612 887 2696 fruendaeque
902 2613 999 2678 vitae.
1012 2612 1054 2678 In
1061 2624 1219 2696 potestate
1243 2614 1392 2718 ἥψω

117 2714 318 2780 dominor-rem
340 2717 529 2796 suntservi,
553 2737 635 2799 quae
652 2716 782 2800 quidem
802 2725 946 2800 potestas
973 2717 1057 2782 iuris
1067 2719 1217 2800 gentium

110 2827 172 2883 est:
183 2841 262 2884 nam
274 2821 365 2902 apud
372 2841 480 2884 omms
482 2832 642 2904 peraeque
645 2830 759 2903 gentes
772 2817 1033 2884 animadvertere
1038 2832 1218 2903 possumus,

117 2921 254 2988 dominis
270 2923 429 2988 instruor
443 2924 532 2989 vitae
551 2924 694 3006 necesque
700 2931 891 3005 potestatem
905 2944 979 3002 esse,
1002 2932 1035 2987 et
1047 2925 1217 3007 quodcum-

117 3045 173 3107 que
177 3038 243 3110 per
253 3048 387 3092 servum
407 3029 595 3112 acquiritur
617 3027 656 3091 id
674 3027 818 3092 dominis
831 3027 1018 3110 acquiritur
1034 3028 1084 3112 (2).
1100 3067 1145 3077 -
1162 3029 1218 3092 Ex

119 3127 176 3192 hac
192 3150 304 3196 rerum
330 3131 582 3216 perturbatione
598 3130 690 3195 licuit
713 3129 858 3195 dominis
882 3149 994 3194 servos
1020 3141 1218 3213 permutare,

120 3235 328 3314 venumdare,
348 3235 532 3301 hereditate
552 3235 692 3312 tradere,
719 3234 866 3310 caedere,
882 3233 981 3298 morti
1006 3232 1095 3311 dare,
1112 3233 1217 3318 iisque

111 3335 206 3402 abuti
222 3339 267 3402 ad
284 3337 451 3404 licentiam
475 3337 647 3422 diramque
663 3335 933 3420 superstitionem
949 3360 956 3400 :
980 3335 1118 3419 impune
1133 3347 1167 3402 et
1183 3339 1215 3401 in

119 3437 188 3503 luce
208 3439 309 3507 licuit
337 3439 496 3526 —Quin
523 3443 623 3507 etiam
652 3440 858 3506 ethnicorum
884 3439 941 3522 qui
967 3441 1216 3522 prudentissimi

120 3541 315 3625 ferebantur,
330 3545 547 3629 philosophi
538 3546 693 3628 insignes,
709 3543 972 3609 consultissimi
962 3542 1049 3622 ruris,
1075 3543 1139 3609 hoc
1154 3546 1217 3610 sibi
1242 3535 1391 3639 ώ5555553555

119 3645 265 3731 aliisque,
280 3669 339 3732 per
362 3670 528 3715 summam
550 3649 737 3714 communis
761 3647 899 3714 iudicii
889 3647 1054 3725 iniuriam,
1079 3651 1217 3714 suadere
1242 3655 1280 3756 ξεί
1293 3653 1391 3764 ”ejusl-

112 3753 227 3816 conati
244 3763 330 3830 sunt,
356 3774 430 3818 esse
445 3755 638 3820 servitutem
654 3751 736 3817 nihil
762 3751 853 3816 aliud
870 3772 970 3837 quam
999 3754 1215 3817 necessariam
1252 3724 1393 3874 ‘ignor-32⁶

120 3865 255 3920 naturae
274 3857 523 3922 conditionem·
548 3877 608 3922 nec
625 3857 713 3920 enirn
740 3866 819 3921 sunt
834 3855 930 3920 veriti
957 3854 1113 3938 profiteri,
1139 3855 1217 3937 quia
1243 3887 1392 3947 ,pudfflp

120 3977 286 4024 servorum
300 3981 408 4040 genus
433 3981 547 4045 generi
538 3961 740 4026 liberorum
757 3961 857 4043 longe
882 3959 1090 4042 multumque
1106 3967 1140 4020 et
1155 3958 1215 4020 vir
1242 3949 1332 4053 m.
1354 3947 1392 3990 ⁸¹⁰·

120 4071 188 4127 tute
203 4063 411 4148 intelligendi
436 4075 470 4130 et
484 4066 689 4149 praestantia
716 4082 892 4146 corporum
909 4062 1050 4139 cederet,
1065 4071 1219 4143 oportere

122 4163 250 4242 idcirco,
260 4187 380 4246 servos,
389 4167 491 4234 veluti
501 4169 648 4233 carentia
658 4167 786 4233 ratione
797 4176 830 4231 et
840 4165 981 4230 consilio
990 4164 1220 4241 instrumenta,

114 4269 330 4334 dominorum
355 4291 592 4356 usquequaque
616 4270 844 4336 voluntatibus
872 4277 997 4332 temere
1018 4266 1220 4350 indigneque

152 4443 172 4477 r.
186 4429 285 4486 Lucan.¹
299 4435 386 4488 Phars,
398 4445 422 4489 v,
434 4449 487 4496 343.
500 4438 561 4482 -a'
576 4435 701 4480 Iustinian.
712 4433 772 4478 lust.
785 4431 800 4478 l.
812 4441 828 4483 r,
841 4430 877 4482 tit,
889 4431 911 4482 8,
924 4443 947 4475 n.
963 4441 982 4474 1.
