3336 4870
206 666 863 741 nacouveurunssenrun
887 624 1253 741 memorium

186 654 214 955 ἒξ
232 754 1254 922 uounsrismonuuonu1u1ssnucr1nsursnicr1{

364 1372 606 1440 lNGULARI
631 1372 865 1437 benevolentia
889 1394 1021 1456 semper
1038 1374 1208 1457 complexi
1229 1396 1283 1440 su·
1369 1400 1399 1446 15

336 1451 459 1544 *mus
494 1477 656 1542 illustrem
694 1477 727 1542 S.
760 1477 933 1541 Benedicti
972 1477 1146 1556 Ordinem,
1182 1499 1281 1563 quem
1321 1400 1444 1557 '‘iiii''

245 1497 293 1645 S
335 1519 493 1673 {Nobis
529 1582 808 1646 commendarunt
848 1583 993 1664 insignia
1022 1583 1054 1646 in
1096 1583 1280 1648 Ecclesiam

386 1688 513 1763 merita,
529 1686 731 1770 praecellens
747 1685 929 1751 conditoris
945 1687 1058 1764 virtus,
1073 1686 1284 1770 pluriumque
1308 1657 1461 1764 „,l:‘},’{‘,¹7{{

176 1785 432 1858 alumnoruin
402 1809 473 1854 eius
475 1799 592 1873 ,atque
603 1789 675 1871 ipsa
691 1789 911 1868 institutionis
923 1790 1114 1854 veneranda
1126 1799 1283 1854 vetustas.
1308 1776 1462 1882 ubam„

179 1897 256 1961 Hac
287 1895 528 1970 benevolentia,
552 1912 654 1976 quam
685 1912 765 1974 erga
789 1891 952 1958 Ordinem
982 1893 1172 1957 universum
1204 1895 1462 2001 con-2213&-

176 2009 307 2066 stanter
322 2019 401 2082 prae
412 1997 520 2063 Nobis
530 1997 677 2074 tulimus
692 1996 841 2080 singulas
856 2018 991 2080 quoque
1006 2000 1078 2062 eius
1100 2008 1219 2080 partes,
1232 1995 1280 2059 uti
1308 2014 1380 2060 cusia
1401 2014 1461 2082 optt-

178 2125 239 2189 par
255 2112 315 2178 est,
333 2101 574 2185 prosequimur,
592 2100 693 2183 idque
709 2099 799 2163 haud
816 2101 990 2165 omisimus
1005 2122 1067 2185 pro
1089 2122 1125 2166 re
1141 2109 1220 2164 nata
1235 2109 1283 2162 te·
1310 2087 1368 2179 ᾖ,
1390 2087 1463 2120 ''²''

179 2217 306 2273 statum
324 2204 432 2272 facere
448 2224 516 2268 non
531 2203 681 2268 obscuris
697 2204 835 2268 indiciis.
853 2203 966 2288 Quare
987 2227 1054 2269 non
1079 2206 1126 2270 ita
1154 2205 1283 2288 pridem

181 2312 364 2394 peculiares
374 2321 481 2386 curas,
497 2324 580 2390 quas
596 2327 648 2370 res
664 2327 702 2370 ac
718 2317 852 2388 tempus
868 2327 1004 2390 poscere
1020 2309 1227 2384 videbantur,
1239 2306 1281 2369 ad

183 2437 222 2482 ea
237 2414 439 2481 monasteria
454 2413 679 2478 convertimus
691 2410 841 2475 eiusdem
859 2411 996 2477 Ordinis
1013 2431 1099 2497 quae
1123 2413 1188 2476 sita
1204 2421 1282 2474 sunt

180 2519 268 2586 intra
289 2517 373 2582 fines
391 2517 561 2582 Austriaci
590 2515 736 2599 Imperii,
761 2535 800 2580 ac
824 2515 944 2580 litteris
972 2517 1104 2580 Nostris
1131 2517 1186 2579 die
1208 2528 1284 2578 xxx
1341 2541 1434 2588 mm

178 2623 378 2689 Decembris
415 2621 594 2706 superioris
616 2624 695 2686 anni
722 2623 811 2687 datis
845 2624 888 2686 ad
918 2621 1072 2685 Abbates
1099 2634 1132 2686 et
1156 2621 1284 2685 Priores
1310 2602 1467 2708 ‘gffirff

178 2728 363 2792 eorumden
382 2725 658 2790 monasteriorum
686 2725 888 2790 desiderium
905 2735 939 2788 et
954 2745 1059 2809 spem,
1077 2745 1178 2809 quam
1194 2725 1286 2790 sove-
1311 2720 1378 2774 ¹8³⁸
1425 2719 1463 2764 “²

1311 2781 1463 2851 huswart

181 2851 257 2896 mus
259 2831 506 2913 ,expressimus
526 2839 562 2891 ut
577 2829 732 2892 monachi
750 2829 815 2892 illic
838 2831 999 2912 degentes
1017 2831 1141 2899 fructus
1169 2837 1285 2902 salutis
1305 2853 1463 2967 mmx-

180 2941 215 3004 in
242 2942 313 3003 dies
338 2939 446 3004 ierant
475 2937 664 3020 ampliores.
688 2935 777 3001 Tum
809 2940 986 3005 consilium
1018 2943 1236 3024 patefecimus
1266 2966 1286 3010 a
1312 2959 1363 3005 deva
1390 2957 1463 3004 Orda·-

181 3045 318 3110 Nobis
309 3045 439 3119 initum,
451 3053 488 3107 ut
505 3043 536 3106 in
560 3043 599 3104 iis
615 3043 993 3109 monasteriisomnibus
1022 3068 1081 3129 par
1101 3052 1286 3136 eademque
1311 3016 1467 3123 1⁸12}ssss

179 3150 295 3232 vigeat
310 3147 487 3230 disciplina
502 3147 601 3225 vitae,
614 3148 763 3211 Parentis
780 3147 906 3231 legiferi
923 3151 1040 3232 spiritu
1062 3154 1242 3221 informata
1253 3167 1413 3242 et
1308 3137 1377 3196 ''m‘'
1405 3133 1462 3182 Μ’

179 3250 398 3337 praescriptis
420 3271 616 3334 congruens,
642 3259 745 3333 atque
775 3261 811 3316 ut
841 3254 942 3317 etiarn
975 3255 1052 3334 illic,
1082 3269 1180 3339 prout
1207 3259 1286 3324 alibi
1317 3253 1459 3313 Sillim?

180 3354 310 3422 sactum
336 3365 397 3431 est,
421 3355 708 3438 congregationes
732 3353 822 3432 fiant,
847 3377 933 3439 quae
965 3360 1060 3442 plura
1086 3365 1287 3430 monasteria
1320 3318 1450 3420 ‘tombis

181 3477 247 3523 suo
265 3457 447 3542 complexu
463 3459 665 3523 contineant.
683 3457 761 3542 Quo
781 3461 991 3525 commodius
1015 3474 1127 3529 autem
1151 3480 1288 3549 possent
1361 3437 1411 3480 m

181 3563 268 3628 haec
283 3566 433 3646 cogitata
453 3561 576 3646 perfici,
592 3577 794 3628 conventum
820 3566 1005 3630 indiximus
1022 3567 1207 3654 Salisburgi
1230 3573 1287 3638 ha·

182 3667 343 3745 bendum,
358 3688 427 3752 quo
441 3677 562 3732 coeant
576 3667 731 3732 Abbates
753 3689 871 3732 omnes
898 3691 936 3734 ac
962 3671 1099 3752 Priores,
1111 3677 1167 3757 qui
1195 3695 1288 3758 prae-

182 3771 285 3838 dietis
312 3773 522 3837 monasteriis
543 3782 710 3855 praesunt,
725 3793 908 3856 eorumque
926 3775 1061 3854 Vicarii,
1077 3778 1133 3861 qui
1159 3779 1289 3844 collatis

182 3877 332 3943 consiliis
343 3876 529 3942 deliberent
551 3897 627 3940 curn
647 3878 689 3940 de
713 3877 1041 3961 Congregationibus
1069 3882 1290 3962 instituendis,

181 3993 258 4049 tum
274 3983 317 4046 de
332 3983 428 4046 novis
443 3981 627 4045 condendis
643 3983 947 4059 constitutionibus,
963 3985 1084 4067 quibus
1104 3997 1225 4053 cuncta
1241 4012 1290 4055 re·

181 4097 309 4174 guntur
323 4086 484 4151 Austrrae
494 4087 706 4162 monasteria
721 4107 807 4168 quae
826 4087 952 4150 ordinis
980 4088 1013 4154 S.
1030 4089 1203 4158 Benedicti
1231 4117 1288 4160 oo·

184 4194 320 4258 mincet
336 4189 492 4254 instituto
511 4200 696 4254 censentur.
716 4191 864 4254 Primum
883 4191 982 4256 huius
997 4207 1182 4260 conventus
1198 4199 1290 4266 diem

184 4293 438 4378 praestituimus
450 4305 572 4357 xxvltt
589 4293 687 4357 huius
709 4296 832 4357 mensis
854 4306 887 4358 et
914 4294 993 4357 anni
995 4297 1184 4383 simulque
1196 4303 1292 4385 polii

185 4406 245 4472 citi
262 4425 377 4472 sumus
392 4405 500 4471 virum
515 4417 644 4471 certum
661 4426 681 4470 a
698 4404 806 4470 Nobis
823 4408 959 4473 missum
986 4409 1032 4486 iri,
1048 4411 1104 4492 qui
1131 4412 1293 4482 delibera-
