3230 4874
384 1004 1476 1167 13—21

391 1202 411 1239 ,t
1447 1196 1472 1247 u.

254 1553 285 1600 η
371 1529 372 1532 ’
522 1513 752 1588 ttoLEN‘rt
782 1520 939 1606 laetoque
963 1521 1078 1586 animo
1098 1520 1288 1606 accepimus
1310 1533 1389 1590 acta
1408 1547 1483 1592 con·

202 1599 337 1712 Ἥκ·
372 1517 521 1818 W
588 1636 709 1691 ventus
740 1625 974 1708 Friburgeneis
1004 1643 1111 1710 nuper
1140 1643 1161 1690 a
1188 1625 1284 1691 vobis
1316 1627 1485 1708 celebrati,

192 1760 347 1926 2,,ζέ
585 1853 607 1898 a
629 1832 772 1916 publicis
798 1831 943 1917 negotiis
963 1831 1199 1898 administrum
1223 1834 1483 1901 transmittenda

197 1938 337 2044 Frlltss.
373 1937 482 2004 Nobis
497 1937 680 2003 curavistis.
705 1934 865 2002 Libenter
889 1955 935 2000 ex
961 1936 1002 2000 iis
1028 1937 1258 2020 cognovimus,
1272 1949 1386 2004 cetera
1400 1940 1483 2004 inter

192 2004 348 2126 impl:
374 2041 510 2126 negotia
535 2039 769 2106 deliberationi
795 2049 927 2105 vestrae
952 2041 1136 2124 proposita,
1161 2050 1276 2106 actutu
1306 2062 1441 2128 quoque
1462 2063 1480 2106 a

189 2130 247 2234 22¹2
259 2117 348 2223 {amris
373 2147 481 2212 Vobis
495 2165 569 2211 esse
582 2145 626 2211 de
638 2145 678 2210 iis
689 2163 777 2228 quae
787 2153 943 2228 spectant
959 2145 1002 2210 ed
1013 2143 1278 2212 Universitatem
1296 2144 1478 2212 studiorum

194 2233 346 2343 22‘222„
373 2247 528 2334 Friburgi
543 2269 634 2315 anno
654 2249 824 2333 superiore
849 2247 1048 2315 institutam.
1062 2285 1107 2298 —
1122 2247 1273 2314 Gnarum
1298 2250 1408 2316 Nobis
1423 2259 1480 2324 est,

194 2353 316 2460 ωζῇῑῑατ
372 2354 494 2420 dilecte
509 2353 555 2419 lili
571 2353 697 2419 Noster
718 2372 758 2418 ac
774 2351 993 2419 Venerabilcs
1018 2352 1162 2432 Fratres,
1184 2363 1350 2437 quantum
1375 2371 1479 2429 curae,

189 2419 220 2471 μ
244 2427 322 2463 'm‘
371 2459 495 2526 laboris
509 2467 544 2526 et
559 2459 742 2524 industriae
757 2478 778 2523 a
792 2457 889 2524 vobis
914 2457 1104 2541 impensum
1128 2458 1172 2522 sit
1199 2467 1236 2522 ut
1259 2458 1374 2524 nobile
1400 2457 1476 2522 illud

370 2565 541 2648 inceptum
557 2563 670 2628 felices
685 2563 824 2629 haberet
839 2563 961 2642 exitus,
975 2560 1108 2628 collatis
1130 2561 1220 2628 ultro
1245 2581 1286 2628 ac
1301 2561 1477 2628 liberaliter

369 2667 490 2734 studiis
500 2667 687 2752 opibusque
698 2669 917 2751 magistratus
927 2673 962 2732 et
973 2665 1090 2750 populi
1102 2667 1252 2732 eiusdem
1265 2667 1355 2752 pagi
1369 2665 1476 2752 Quare

369 2770 559 2854 gratissima
576 2768 683 2833 Nobis
699 2767 782 2834 haec
798 2767 915 2834 incidit
930 2767 1062 2834 occasio
1078 2778 1116 2834 ut
1132 2769 1228 2834 vobis
1248 2769 1420 2866 publicum
1435 2769 1475 2834 ob

245 2874 346 2922 mm
369 2893 444 2940 eam
460 2893 531 2940 rem
571 2873 767 2939 raebeamus
791 2873 931 2939 meritae
950 2872 1060 2938 laudis
1085 2873 1327 2939 testimonium.
1343 2911 1388 2924 -
1405 2873 1474 2938 Hac

189 2932 344 3066 ’ἕξ-ιἰῗφιιώ,
369 2995 448 3042 vero
478 2893 731 3061 oppgrtunitate
760 2977 892 3043 adhoc
922 2977 1025 3042 etiam
1055 2975 1105 3041 uti
1132 2977 1297 3056 volumus,
1321 2989 1359 3044 ut
1386 2976 1472 3042 vobis

189 3052 343 3159 fflssm
368 3090 530 3148 testemur
544 3081 815 3165 probatissimam
842 3081 951 3147 Nobis
965 3079 1067 3146 luisse
1083 3101 1159 3146 cum
1176 3081 1347 3165 egregiam
1363 3082 1472 3146 volun·

367 3193 472 3249 tatem
499 3203 566 3268 qua
597 3183 709 3264 modo,
733 3184 832 3250 simul
864 3183 1035 3268 congressi
1060 3201 1121 3250 ceu
1147 3186 1330 3268 quotannis
1356 3183 1471 3260 soletis,

366 3287 563 3354 confirmare
575 3287 640 3352 hoc
650 3308 736 3371 opus
748 3288 838 3355 haud
852 3288 997 3374 exiguae
1011 3287 1109 3352 molis
1124 3287 1356 3368 contendistis,
1365 3285 1471 3354 omnia

365 3390 475 3456 eidem
500 3391 696 3475 pollicentes
722 3391 834 3457 studia
850 3401 884 3457 et
903 3389 1014 3456 officia
1029 3398 1148 3468 vestra,
1174 3399 1246 3454 tum
1274 3389 1470 3474 pastoralem

365 3494 625 3560 sollicitudinem
640 3513 709 3578 qua
724 3493 957 3578 prospexistis,
969 3505 1007 3558 ut
1019 3494 1155 3558 iuvenes
1172 3491 1353 3559 Helvetiae
1368 3490 1470 3559 clerici

364 3599 543 3664 commode
558 3598 693 3665 valeant
717 3619 779 3683 pro
792 3598 955 3682 cuiusque
970 3597 1085 3663 studio
1095 3607 1129 3662 et
1145 3596 1281 3681 ingenio
1296 3595 1393 3682 (quin
1409 3595 1470 3662 ulla

364 3703 524 3769 inseratur
562 3701 690 3767 iactura
721 3700 908 3765 seminariis
946 3699 1165 3784 dioecesium)
1196 3701 1245 3766 uti
1283 3699 1470 3785 magisterio

291 3877 295 3888 ¹
363 3805 557 3884 sublimiori,
574 3805 666 3888 quod
692 3806 725 3869 in
744 3804 974 3870 Universitate
999 3814 1184 3884 exercetur,
1206 3824 1275 3889 quo
1290 3805 1421 3890 plenius
1434 3823 1470 3868 ac

183 3878 336 3994 iuml
362 3909 541 3993 perfectius
567 3911 760 3974 imbuantur
784 3910 824 3972 iis
848 3907 1035 3993 disciplinis
1061 3927 1202 3993 quarum
1227 3909 1419 3974 rudimenta
1438 3907 1468 3971 in

181 3997 337 4103 ,ffi'a‘mssss
362 4012 548 4078 seminariis
563 4011 756 4077 hauserunt.
768 4047 812 4060 —
829 4011 926 4076 Haec
941 4011 1121 4090 enimvero,
1137 4030 1254 4095 quaea
1269 4011 1366 4077 vobis
1381 4020 1469 4096 gesta

182 4111 324 4218 “Qu
362 4125 449 4194 sunt,
479 4134 574 4199 spem
605 4114 721 4180 fovent
751 4124 945 4199 augentque
975 4134 1077 4197 quam
1115 4114 1266 4199 cepimus
1296 4116 1468 4181 sedulitate

179 4178 335 4300 {maffia
362 4218 470 4284 innixi
501 4229 535 4284 et
565 4219 730 4285 industria
761 4229 873 4284 vestra
902 4219 946 4284 de
975 4217 1094 4283 suturis
1125 4218 1340 4286 incrementis
1377 4218 1466 4282 huius

176 4293 336 4402 {iiim
361 4323 516 4401 instituti,
531 4323 625 4387 cuius
641 4343 809 4392 summam
825 4325 1114 4408 opportunitatem
1136 4323 1170 4386 in
1187 4343 1257 4388 rem
1276 4322 1462 4388 Helveticae

177 4420 333 4525 ἕξηᾜω·
362 4422 508 4488 nationis
533 4425 769 4508 prospeximus
786 4426 864 4492 inde
879 4446 900 4491 a
916 4427 1032 4542 primif
1057 4424 1218 4507 exordiis,
1234 4427 1386 4511 adeoque
1400 4423 1461 4487 eius

587 1749 674 1814 quae
694 1749 753 1814 per
772 1729 933 1794 dilectum
954 1725 1058 1794 filium
1082 1727 1245 1794 Nostrum
1269 1727 1482 1798 Cardinalem
1607 1743 1608 1750 ’
