<?xml version="1.0" encoding="UTF-8"?>
<!DOCTYPE html PUBLIC "-//W3C//DTD XHTML 1.0 Transitional//EN"
    "http://www.w3.org/TR/xhtml1/DTD/xhtml1-transitional.dtd">
<html xmlns="http://www.w3.org/1999/xhtml" xml:lang="en" lang="en">
 <head>
  <title>
</title>
<meta http-equiv="Content-Type" content="text/html;charset=utf-8" />
  <meta name='ocr-system' content='tesseract 3.04.00' />
  <meta name='ocr-capabilities' content='ocr_page ocr_carea ocr_par ocr_line ocrx_word'/>
</head>
<body>
  <div class='ocr_page' id='page_1' title='image "./sanctissimidomi03xiiigoog_0645.png"; bbox 0 0 3140 4866; ppageno 0'>
   <div class='ocr_carea' id='block_1_1' title="bbox 391 319 1136 392">
    <p class='ocr_par' dir='ltr' id='par_1_1' title="bbox 391 319 1136 392">
     <span class='ocr_line' id='line_1_1' title="bbox 391 319 1136 392; baseline -0.009 0"><span class='ocrx_word' id='word_1_1' title='bbox 391 319 464 392; x_wconf 81' lang='lat'>280</span> <span class='ocrx_word' id='word_1_2' title='bbox 740 331 859 384; x_wconf 79' lang='lat' dir='ltr'>rnnex</span> <span class='ocrx_word' id='word_1_3' title='bbox 887 331 1136 386; x_wconf 79' lang='lat' dir='ltr'>AilaLilTlcUS.</span> 
     </span>
    </p>
   </div>
   <div class='ocr_carea' id='block_1_2' title="bbox 1411 493 1446 542">
    <p class='ocr_par' dir='ltr' id='par_1_2' title="bbox 1411 493 1446 542">
     <span class='ocr_line' id='line_1_2' title="bbox 1411 493 1446 542; baseline 0 -12"><span class='ocrx_word' id='word_1_4' title='bbox 1411 493 1446 542; x_wconf 58' lang='lat' dir='ltr'>ng.</span> 
     </span>
    </p>
   </div>
   <div class='ocr_carea' id='block_1_3' title="bbox 453 595 1402 988">
    <p class='ocr_par' dir='ltr' id='par_1_3' title="bbox 453 595 1402 988">
     <span class='ocr_line' id='line_1_3' title="bbox 493 595 1399 670; baseline -0.009 -12"><span class='ocrx_word' id='word_1_5' title='bbox 493 601 621 658; x_wconf 75' lang='lat' dir='ltr'>Pontifex</span> <span class='ocrx_word' id='word_1_6' title='bbox 634 601 731 657; x_wconf 82' lang='lat' dir='ltr'>recolit</span> <span class='ocrx_word' id='word_1_7' title='bbox 744 598 914 670; x_wconf 80' lang='lat' dir='ltr'>multiplicia</span> <span class='ocrx_word' id='word_1_8' title='bbox 926 598 1045 655; x_wconf 83' lang='lat' dir='ltr'>affectus</span> <span class='ocrx_word' id='word_1_9' title='bbox 1057 597 1238 654; x_wconf 86' lang='lat' dir='ltr'>condolentis</span> <span class='ocrx_word' id='word_1_10' title='bbox 1255 595 1399 652; x_wconf 86' lang='lat' dir='ltr'>testimonia</span> 
     </span>
     <span class='ocr_line' id='line_1_4' title="bbox 453 675 1400 752; baseline -0.008 -14"><span class='ocrx_word' id='word_1_11' title='bbox 453 683 507 738; x_wconf 89' lang='lat' dir='ltr'>sibi</span> <span class='ocrx_word' id='word_1_12' title='bbox 520 680 644 752; x_wconf 91' lang='lat' dir='ltr'>undique</span> <span class='ocrx_word' id='word_1_13' title='bbox 656 679 782 734; x_wconf 86' lang='lat' dir='ltr'>exhibita</span> <span class='ocrx_word' id='word_1_14' title='bbox 795 677 824 732; x_wconf 91' lang='lat' dir='ltr'>in</span> <span class='ocrx_word' id='word_1_15' title='bbox 838 691 929 734; x_wconf 86' lang='lat' dir='ltr'>morte</span> <span class='ocrx_word' id='word_1_16' title='bbox 940 677 1118 732; x_wconf 77' lang='lat' dir='ltr'>dilectissimi</span> <span class='ocrx_word' id='word_1_17' title='bbox 1132 675 1227 734; x_wconf 85' lang='lat' dir='ltr'>fratris</span> <span class='ocrx_word' id='word_1_18' title='bbox 1247 691 1288 745; x_wconf 80' lang='lat'>30.</span> <span class='ocrx_word' id='word_1_19' title='bbox 1297 705 1330 714; x_wconf 94' lang='lat'>-</span> <span class='ocrx_word' id='word_1_20' title='bbox 1341 676 1400 730; x_wconf 83' lang='lat' dir='ltr'>Cum</span> 
     </span>
     <span class='ocr_line' id='line_1_5' title="bbox 453 755 1401 830; baseline -0.011 -12"><span class='ocrx_word' id='word_1_21' title='bbox 453 761 776 830; x_wconf 69' lang='lat' dir='ltr'>SocietateJesupartes</span> <span class='ocrx_word' id='word_1_22' title='bbox 785 757 942 828; x_wconf 85' lang='lat' dir='ltr'>praecipuas</span> <span class='ocrx_word' id='word_1_23' title='bbox 951 757 1017 814; x_wconf 85' lang='lat' dir='ltr'>huic</span> <span class='ocrx_word' id='word_1_24' title='bbox 1029 757 1115 814; x_wconf 91' lang='lat' dir='ltr'>luctui</span> <span class='ocrx_word' id='word_1_25' title='bbox 1126 759 1219 813; x_wconf 88' lang='lat' dir='ltr'>Roma</span> <span class='ocrx_word' id='word_1_26' title='bbox 1231 755 1327 810; x_wconf 86' lang='lat' dir='ltr'>habuit</span> <span class='ocrx_word' id='word_1_27' title='bbox 1337 770 1401 822; x_wconf 80' lang='lat' dir='ltr'>3o-</span> 
     </span>
     <span class='ocr_line' id='line_1_6' title="bbox 454 833 1402 908; baseline -0.009 -12"><span class='ocrx_word' id='word_1_28' title='bbox 454 840 570 897; x_wconf 91' lang='lat' dir='ltr'>Publice</span> <span class='ocrx_word' id='word_1_29' title='bbox 580 857 611 894; x_wconf 89' lang='lat' dir='ltr'>se</span> <span class='ocrx_word' id='word_1_30' title='bbox 624 849 735 908; x_wconf 83' lang='lat' dir='ltr'>gratum</span> <span class='ocrx_word' id='word_1_31' title='bbox 751 835 878 892; x_wconf 76' lang='lat' dir='ltr'>Pontifex</span> <span class='ocrx_word' id='word_1_32' title='bbox 891 847 1009 893; x_wconf 88' lang='lat' dir='ltr'>testatur</span> <span class='ocrx_word' id='word_1_33' title='bbox 1015 837 1170 906; x_wconf 75' lang='lat' dir='ltr'>30.-Vota</span> <span class='ocrx_word' id='word_1_34' title='bbox 1182 837 1249 892; x_wconf 84' lang='lat' dir='ltr'>facit</span> <span class='ocrx_word' id='word_1_35' title='bbox 1259 853 1310 906; x_wconf 92' lang='lat' dir='ltr'>pro</span> <span class='ocrx_word' id='word_1_36' title='bbox 1321 833 1402 888; x_wconf 81' lang='lat' dir='ltr'>aalma</span> 
     </span>
     <span class='ocr_line' id='line_1_7' title="bbox 455 919 635 988; baseline -0.022 -12"><span class='ocrx_word' id='word_1_37' title='bbox 455 919 579 978; x_wconf 83' lang='lat' dir='ltr'>defuncti</span> <span class='ocrx_word' id='word_1_38' title='bbox 593 933 635 988; x_wconf 81' lang='lat'>³0·</span> 
     </span>
    </p>
   </div>
   <div class='ocr_carea' id='block_1_4' title="bbox 383 1033 1452 1275">
    <p class='ocr_par' dir='ltr' id='par_1_4' title="bbox 383 1033 1452 1275">
     <span class='ocr_line' id='line_1_8' title="bbox 420 1033 1404 1091; baseline -0.011 0"><span class='ocrx_word' id='word_1_39' title='bbox 420 1039 450 1091; x_wconf 76' lang='lat'>5.</span> <span class='ocrx_word' id='word_1_40' title='bbox 467 1035 675 1088; x_wconf 61' lang='lat' dir='ltr'>aristosa</span> <span class='ocrx_word' id='word_1_41' title='bbox 687 1035 730 1085; x_wconf 88' lang='lat' dir='ltr'>ad</span> <span class='ocrx_word' id='word_1_42' title='bbox 744 1033 953 1086; x_wconf 70' lang='lat' dir='ltr'>cardinalem</span> <span class='ocrx_word' id='word_1_43' title='bbox 977 1035 1160 1086; x_wconf 82' lang='lat' dir='ltr'>Benavidee</span> <span class='ocrx_word' id='word_1_44' title='bbox 1181 1039 1213 1084; x_wconf 87' lang='lat' dir='ltr'>et</span> <span class='ocrx_word' id='word_1_45' title='bbox 1238 1033 1404 1084; x_wconf 71' lang='lat' dir='ltr'>navemn</span> 
     </span>
     <span class='ocr_line' id='line_1_9' title="bbox 384 1121 1404 1188; baseline -0.012 -10"><span class='ocrx_word' id='word_1_46' title='bbox 384 1126 678 1188; x_wconf 77' lang='lat' dir='ltr'>archiepiscopum</span> <span class='ocrx_word' id='word_1_47' title='bbox 710 1123 1057 1185; x_wconf 76' lang='lat' dir='ltr'>Caesaraugustsnnm.</span> <span class='ocrx_word' id='word_1_48' title='bbox 1098 1123 1146 1173; x_wconf 84' lang='lat' dir='ltr'>De</span> <span class='ocrx_word' id='word_1_49' title='bbox 1177 1121 1404 1174; x_wconf 76' lang='lat' dir='ltr'>catholicorum</span> 
     </span>
     <span class='ocr_line' id='line_1_10' title="bbox 383 1206 1452 1275; baseline -0.007 -10"><span class='ocrx_word' id='word_1_50' title='bbox 383 1217 549 1266; x_wconf 81' lang='lat' dir='ltr'>conuentu</span> <span class='ocrx_word' id='word_1_51' title='bbox 561 1213 818 1275; x_wconf 62' lang='lat' dir='ltr'>cesaraugusta</span> <span class='ocrx_word' id='word_1_52' title='bbox 832 1211 995 1261; x_wconf 81' lang='lat' dir='ltr'>habendo.</span> <span class='ocrx_word' id='word_1_53' title='bbox 1010 1235 1044 1246; x_wconf 90' lang='lat'>—</span> <span class='ocrx_word' id='word_1_54' title='bbox 1058 1210 1096 1261; x_wconf 89' lang='lat'>10</span> <span class='ocrx_word' id='word_1_55' title='bbox 1111 1211 1265 1261; x_wconf 81' lang='lat' dir='ltr'>Februar.</span> <span class='ocrx_word' id='word_1_56' title='bbox 1280 1206 1357 1258; x_wconf 76' lang='lat'><strong>1890</strong></span> <span class='ocrx_word' id='word_1_57' title='bbox 1431 1211 1452 1264; x_wconf 49' lang='grc' dir='ltr'>’γ’</span> 
     </span>
    </p>
   </div>
   <div class='ocr_carea' id='block_1_5' title="bbox 453 1297 1409 1777">
    <p class='ocr_par' dir='ltr' id='par_1_5' title="bbox 453 1297 1409 1777">
     <span class='ocr_line' id='line_1_11' title="bbox 490 1297 1404 1374; baseline -0.009 -15"><span class='ocrx_word' id='word_1_58' title='bbox 490 1305 619 1360; x_wconf 79' lang='lat' dir='ltr'>Pontifex</span> <span class='ocrx_word' id='word_1_59' title='bbox 640 1303 735 1359; x_wconf 84' lang='lat' dir='ltr'>laudat</span> <span class='ocrx_word' id='word_1_60' title='bbox 757 1303 934 1374; x_wconf 90' lang='lat' dir='ltr'>propositum</span> <span class='ocrx_word' id='word_1_61' title='bbox 946 1303 1109 1359; x_wconf 87' lang='lat' dir='ltr'>celebrandi</span> <span class='ocrx_word' id='word_1_62' title='bbox 1122 1301 1187 1358; x_wconf 86' lang='lat' dir='ltr'>novi</span> <span class='ocrx_word' id='word_1_63' title='bbox 1200 1312 1363 1362; x_wconf 81' lang='lat' dir='ltr'>conventus,</span> <span class='ocrx_word' id='word_1_64' title='bbox 1376 1297 1404 1352; x_wconf 88' lang='lat' dir='ltr'>si-</span> 
     </span>
     <span class='ocr_line' id='line_1_12' title="bbox 453 1379 1403 1457; baseline -0.008 -17"><span class='ocrx_word' id='word_1_65' title='bbox 453 1386 568 1457; x_wconf 87' lang='lat' dir='ltr'>mulque</span> <span class='ocrx_word' id='word_1_66' title='bbox 588 1382 684 1439; x_wconf 83' lang='lat' dir='ltr'>recolit</span> <span class='ocrx_word' id='word_1_67' title='bbox 707 1395 877 1438; x_wconf 85' lang='lat' dir='ltr'>conventum</span> <span class='ocrx_word' id='word_1_68' title='bbox 901 1381 1009 1438; x_wconf 84' lang='lat' dir='ltr'>Matriti</span> <span class='ocrx_word' id='word_1_69' title='bbox 1030 1399 1106 1438; x_wconf 89' lang='lat' dir='ltr'>anno</span> <span class='ocrx_word' id='word_1_70' title='bbox 1127 1382 1274 1454; x_wconf 85' lang='lat' dir='ltr'>superiore</span> <span class='ocrx_word' id='word_1_71' title='bbox 1287 1379 1403 1436; x_wconf 86' lang='lat' dir='ltr'>habitum</span> 
     </span>
     <span class='ocr_line' id='line_1_13' title="bbox 455 1461 1406 1536; baseline -0.006 -16"><span class='ocrx_word' id='word_1_72' title='bbox 455 1481 497 1536; x_wconf 85' lang='lat'>32.</span> <span class='ocrx_word' id='word_1_73' title='bbox 510 1493 545 1504; x_wconf 86' lang='lat'><em>-</em></span> <span class='ocrx_word' id='word_1_74' title='bbox 566 1465 640 1518; x_wconf 85' lang='lat' dir='ltr'>Vota</span> <span class='ocrx_word' id='word_1_75' title='bbox 660 1461 737 1522; x_wconf 87' lang='lat' dir='ltr'>lacit.</span> <span class='ocrx_word' id='word_1_76' title='bbox 752 1473 920 1532; x_wconf 79' lang='lat' dir='ltr'>argumenta</span> <span class='ocrx_word' id='word_1_77' title='bbox 933 1461 1113 1516; x_wconf 86' lang='lat' dir='ltr'>retractanda</span> <span class='ocrx_word' id='word_1_78' title='bbox 1126 1461 1237 1532; x_wconf 81' lang='lat' dir='ltr'>probat,</span> <span class='ocrx_word' id='word_1_79' title='bbox 1249 1461 1406 1530; x_wconf 71' lang='lat' dir='ltr'>Episcopus</span> 
     </span>
     <span class='ocr_line' id='line_1_14' title="bbox 453 1542 1405 1616; baseline -0.008 -16"><span class='ocrx_word' id='word_1_80' title='bbox 453 1545 592 1616; x_wconf 86' lang='lat' dir='ltr'>imprimis</span> <span class='ocrx_word' id='word_1_81' title='bbox 617 1543 793 1598; x_wconf 76' lang='lat' dir='ltr'>cardinalem</span> <span class='ocrx_word' id='word_1_82' title='bbox 820 1542 985 1604; x_wconf 83' lang='lat' dir='ltr'>Praesidem.</span> <span class='ocrx_word' id='word_1_83' title='bbox 1012 1553 1042 1598; x_wconf 90' lang='lat' dir='ltr'>ut</span> <span class='ocrx_word' id='word_1_84' title='bbox 1079 1542 1223 1612; x_wconf 82' lang='lat' dir='ltr'>sapienter</span> <span class='ocrx_word' id='word_1_85' title='bbox 1246 1551 1405 1596; x_wconf 86' lang='lat' dir='ltr'>conventum</span> 
     </span>
     <span class='ocr_line' id='line_1_15' title="bbox 456 1623 1407 1698; baseline -0.005 -16"><span class='ocrx_word' id='word_1_86' title='bbox 456 1639 564 1698; x_wconf 80' lang='lat' dir='ltr'>regant,</span> <span class='ocrx_word' id='word_1_87' title='bbox 578 1627 706 1682; x_wconf 88' lang='lat' dir='ltr'>hortatur</span> <span class='ocrx_word' id='word_1_88' title='bbox 719 1641 760 1694; x_wconf 85' lang='lat'>32.</span> <span class='ocrx_word' id='word_1_89' title='bbox 774 1654 809 1664; x_wconf 96' lang='lat'>-</span> <span class='ocrx_word' id='word_1_90' title='bbox 823 1626 943 1680; x_wconf 83' lang='lat' dir='ltr'>Fructus</span> <span class='ocrx_word' id='word_1_91' title='bbox 962 1626 1095 1696; x_wconf 88' lang='lat' dir='ltr'>princeps</span> <span class='ocrx_word' id='word_1_92' title='bbox 1107 1623 1286 1694; x_wconf 75' lang='lat' dir='ltr'>colligendus</span> <span class='ocrx_word' id='word_1_93' title='bbox 1306 1625 1341 1678; x_wconf 87' lang='lat' dir='ltr'>sit</span> <span class='ocrx_word' id='word_1_94' title='bbox 1353 1639 1407 1678; x_wconf 85' lang='lat' dir='ltr'>con·</span> 
     </span>
     <span class='ocr_line' id='line_1_16' title="bbox 455 1706 1409 1777; baseline -0.005 -12"><span class='ocrx_word' id='word_1_95' title='bbox 455 1710 554 1766; x_wconf 86' lang='lat' dir='ltr'>cordia</span> <span class='ocrx_word' id='word_1_96' title='bbox 562 1709 702 1765; x_wconf 89' lang='lat' dir='ltr'>bonorum</span> <span class='ocrx_word' id='word_1_97' title='bbox 712 1708 740 1762; x_wconf 93' lang='lat' dir='ltr'>in</span> <span class='ocrx_word' id='word_1_98' title='bbox 749 1707 855 1764; x_wconf 89' lang='lat' dir='ltr'>tuenda</span> <span class='ocrx_word' id='word_1_99' title='bbox 869 1707 999 1764; x_wconf 83' lang='lat' dir='ltr'>Ecclesia</span> <span class='ocrx_word' id='word_1_100' title='bbox 1012 1723 1055 1777; x_wconf 52' lang='lat'>35</span> <span class='ocrx_word' id='word_1_101' title='bbox 1068 1737 1100 1748; x_wconf 89' lang='lat'>-</span> <span class='ocrx_word' id='word_1_102' title='bbox 1115 1706 1245 1762; x_wconf 80' lang='lat' dir='ltr'>Pontifex</span> <span class='ocrx_word' id='word_1_103' title='bbox 1258 1706 1361 1777; x_wconf 85' lang='lat' dir='ltr'>premit</span> <span class='ocrx_word' id='word_1_104' title='bbox 1370 1722 1409 1760; x_wconf 84' lang='lat' dir='ltr'>ca·</span> 
     </span>
    </p>
   </div>
   <div class='ocr_carea' id='block_1_6' title="bbox 453 1785 1409 1934">
    <p class='ocr_par' dir='ltr' id='par_1_6' title="bbox 453 1785 1409 1934">
     <span class='ocr_line' id='line_1_17' title="bbox 454 1785 1409 1858; baseline -0.006 -12"><span class='ocrx_word' id='word_1_105' title='bbox 454 1789 576 1846; x_wconf 89' lang='lat' dir='ltr'>tholicos</span> <span class='ocrx_word' id='word_1_106' title='bbox 588 1799 618 1844; x_wconf 94' lang='lat' dir='ltr'>ut</span> <span class='ocrx_word' id='word_1_107' title='bbox 632 1789 758 1854; x_wconf 86' lang='lat' dir='ltr'>taudem,</span> <span class='ocrx_word' id='word_1_108' title='bbox 777 1787 892 1842; x_wconf 89' lang='lat' dir='ltr'>monitis</span> <span class='ocrx_word' id='word_1_109' title='bbox 957 1797 1038 1844; x_wconf 86' lang='lat' dir='ltr'>enies</span> <span class='ocrx_word' id='word_1_110' title='bbox 1051 1787 1119 1858; x_wconf 86' lang='lat' dir='ltr'>suis,</span> <span class='ocrx_word' id='word_1_111' title='bbox 1132 1787 1242 1842; x_wconf 91' lang='lat' dir='ltr'>steriles</span> <span class='ocrx_word' id='word_1_112' title='bbox 1261 1785 1409 1842; x_wconf 82' lang='lat' dir='ltr'>discordias</span> 
     </span>
     <span class='ocr_line' id='line_1_18' title="bbox 453 1857 1408 1934; baseline -0.008 -18"><span class='ocrx_word' id='word_1_113' title='bbox 453 1871 562 1934; x_wconf 91' lang='lat' dir='ltr'>ponant</span> <span class='ocrx_word' id='word_1_114' title='bbox 575 1874 617 1928; x_wconf 65' lang='lat'>35</span> <span class='ocrx_word' id='word_1_115' title='bbox 629 1889 662 1898; x_wconf 84' lang='lat'><em>-</em></span> <span class='ocrx_word' id='word_1_116' title='bbox 676 1859 893 1930; x_wconf 87' lang='lat' dir='ltr'>optatissimam</span> <span class='ocrx_word' id='word_1_117' title='bbox 926 1875 981 1916; x_wconf 87' lang='lat' dir='ltr'>ane</span> <span class='ocrx_word' id='word_1_118' title='bbox 993 1857 1177 1914; x_wconf 89' lang='lat' dir='ltr'>concordiam</span> <span class='ocrx_word' id='word_1_119' title='bbox 1189 1859 1248 1913; x_wconf 86' lang='lat' dir='ltr'>zelo</span> <span class='ocrx_word' id='word_1_120' title='bbox 1268 1859 1408 1929; x_wconf 80' lang='lat' dir='ltr'>praesuiun</span> 
     </span>
    </p>
   </div>
   <div class='ocr_carea' id='block_1_7' title="bbox 457 1939 848 2007">
    <p class='ocr_par' dir='ltr' id='par_1_7' title="bbox 457 1939 848 2007">
     <span class='ocr_line' id='line_1_19' title="bbox 457 1939 848 2007; baseline -0.003 -14"><span class='ocrx_word' id='word_1_121' title='bbox 457 1941 597 1994; x_wconf 85' lang='lat' dir='ltr'>instanter</span> <span class='ocrx_word' id='word_1_122' title='bbox 608 1939 792 1995; x_wconf 76' lang='lat' dir='ltr'>commendat</span> <span class='ocrx_word' id='word_1_123' title='bbox 806 1951 848 2007; x_wconf 81' lang='lat'>33.</span> 
     </span>
    </p>
   </div>
   <div class='ocr_carea' id='block_1_8' title="bbox 386 2053 1460 2198">
    <p class='ocr_par' dir='ltr' id='par_1_8' title="bbox 386 2053 1460 2198">
     <span class='ocr_line' id='line_1_20' title="bbox 422 2053 1410 2109; baseline -0.007 0"><span class='ocrx_word' id='word_1_124' title='bbox 422 2057 452 2109; x_wconf 82' lang='lat'>6.</span> <span class='ocrx_word' id='word_1_125' title='bbox 470 2056 707 2108; x_wconf 69' lang='lat' dir='ltr'>iii-Locutio</span> <span class='ocrx_word' id='word_1_126' title='bbox 724 2057 767 2107; x_wconf 87' lang='lat' dir='ltr'>ad</span> <span class='ocrx_word' id='word_1_127' title='bbox 777 2057 893 2106; x_wconf 77' lang='lat' dir='ltr'>S.R.E.</span> <span class='ocrx_word' id='word_1_128' title='bbox 905 2057 1103 2108; x_wconf 81' lang='lat' dir='ltr'>cardinales.</span> <span class='ocrx_word' id='word_1_129' title='bbox 1116 2055 1165 2106; x_wconf 86' lang='lat' dir='ltr'>De</span> <span class='ocrx_word' id='word_1_130' title='bbox 1177 2055 1287 2106; x_wconf 84' lang='lat' dir='ltr'>oiiicio</span> <span class='ocrx_word' id='word_1_131' title='bbox 1299 2053 1410 2106; x_wconf 89' lang='lat' dir='ltr'>summi</span> 
     </span>
     <span class='ocr_line' id='line_1_21' title="bbox 386 2143 1460 2198; baseline -0.005 -3"><span class='ocrx_word' id='word_1_132' title='bbox 386 2143 855 2196; x_wconf 74' lang='lat' dir='ltr'>Pounnata-antartteeo</span> <span class='ocrx_word' id='word_1_133' title='bbox 1437 2145 1460 2198; x_wconf 79' lang='lat' dir='ltr'>il</span> 
     </span>
    </p>
   </div>
   <div class='ocr_carea' id='block_1_9' title="bbox 454 2232 1415 2936">
    <p class='ocr_par' dir='ltr' id='par_1_9' title="bbox 454 2232 1415 2936">
     <span class='ocr_line' id='line_1_22' title="bbox 492 2232 1408 2304; baseline -0.004 -17"><span class='ocrx_word' id='word_1_134' title='bbox 492 2233 619 2289; x_wconf 82' lang='lat' dir='ltr'>Pontifex</span> <span class='ocrx_word' id='word_1_135' title='bbox 639 2243 706 2288; x_wconf 83' lang='lat' dir='ltr'>vota</span> <span class='ocrx_word' id='word_1_136' title='bbox 728 2233 807 2289; x_wconf 88' lang='lat' dir='ltr'>Sacri</span> <span class='ocrx_word' id='word_1_137' title='bbox 825 2233 944 2302; x_wconf 81' lang='lat' dir='ltr'>Collegii</span> <span class='ocrx_word' id='word_1_138' title='bbox 965 2245 1046 2303; x_wconf 79' lang='lat' dir='ltr'>grate</span> <span class='ocrx_word' id='word_1_139' title='bbox 1067 2233 1222 2304; x_wconf 79' lang='lat' dir='ltr'>excipiens,</span> <span class='ocrx_word' id='word_1_140' title='bbox 1235 2232 1325 2287; x_wconf 80' lang='lat' dir='ltr'>vitam</span> <span class='ocrx_word' id='word_1_141' title='bbox 1338 2245 1408 2285; x_wconf 89' lang='lat' dir='ltr'>suam</span> 
     </span>
     <span class='ocr_line' id='line_1_23' title="bbox 456 2309 1410 2382; baseline -0.002 -16"><span class='ocrx_word' id='word_1_142' title='bbox 456 2311 521 2366; x_wconf 90' lang='lat' dir='ltr'>Deo</span> <span class='ocrx_word' id='word_1_143' title='bbox 532 2309 652 2366; x_wconf 86' lang='lat' dir='ltr'>devovet</span> <span class='ocrx_word' id='word_1_144' title='bbox 664 2311 702 2366; x_wconf 87' lang='lat' dir='ltr'>ad</span> <span class='ocrx_word' id='word_1_145' title='bbox 716 2311 899 2380; x_wconf 85' lang='lat' dir='ltr'>pugnandum</span> <span class='ocrx_word' id='word_1_146' title='bbox 909 2328 961 2382; x_wconf 92' lang='lat' dir='ltr'>pro</span> <span class='ocrx_word' id='word_1_147' title='bbox 972 2312 1102 2367; x_wconf 83' lang='lat' dir='ltr'>Ecclesia</span> <span class='ocrx_word' id='word_1_148' title='bbox 1115 2311 1242 2382; x_wconf 91' lang='lat' dir='ltr'>undique</span> <span class='ocrx_word' id='word_1_149' title='bbox 1254 2319 1410 2380; x_wconf 83' lang='lat' dir='ltr'>oppugnata</span> 
     </span>
     <span class='ocr_line' id='line_1_24' title="bbox 455 2390 1411 2460; baseline -0.004 -16"><span class='ocrx_word' id='word_1_150' title='bbox 455 2390 696 2460; x_wconf 78' lang='lat' dir='ltr'>34-Thesauros</span> <span class='ocrx_word' id='word_1_151' title='bbox 702 2390 849 2446; x_wconf 73' lang='lat' dir='ltr'>catholica</span> <span class='ocrx_word' id='word_1_152' title='bbox 859 2391 997 2446; x_wconf 83' lang='lat' dir='ltr'>doctrinae</span> <span class='ocrx_word' id='word_1_153' title='bbox 1002 2390 1131 2446; x_wconf 88' lang='lat' dir='ltr'>societati</span> <span class='ocrx_word' id='word_1_154' title='bbox 1139 2407 1251 2446; x_wconf 90' lang='lat' dir='ltr'>summe</span> <span class='ocrx_word' id='word_1_155' title='bbox 1260 2391 1411 2460; x_wconf 85' lang='lat' dir='ltr'>profuturos</span> 
     </span>
     <span class='ocr_line' id='line_1_25' title="bbox 454 2469 1411 2540; baseline 0 -15"><span class='ocrx_word' id='word_1_156' title='bbox 454 2480 548 2540; x_wconf 86' lang='lat' dir='ltr'>sperat</span> <span class='ocrx_word' id='word_1_157' title='bbox 562 2485 603 2538; x_wconf 75' lang='lat'>34</span> <span class='ocrx_word' id='word_1_158' title='bbox 616 2499 651 2510; x_wconf 96' lang='lat'>-</span> <span class='ocrx_word' id='word_1_159' title='bbox 666 2469 779 2524; x_wconf 87' lang='lat' dir='ltr'>Mentes</span> <span class='ocrx_word' id='word_1_160' title='bbox 791 2469 939 2525; x_wconf 85' lang='lat' dir='ltr'>hominum</span> <span class='ocrx_word' id='word_1_161' title='bbox 951 2487 969 2526; x_wconf 89' lang='lat' dir='ltr'>a</span> <span class='ocrx_word' id='word_1_162' title='bbox 981 2471 1100 2526; x_wconf 85' lang='lat' dir='ltr'>veritate</span> <span class='ocrx_word' id='word_1_163' title='bbox 1112 2487 1228 2526; x_wconf 81' lang='lat' dir='ltr'>aversas</span> <span class='ocrx_word' id='word_1_164' title='bbox 1241 2470 1319 2525; x_wconf 91' lang='lat' dir='ltr'>dolet</span> <span class='ocrx_word' id='word_1_165' title='bbox 1333 2482 1372 2539; x_wconf 83' lang='lat'>35.</span> <span class='ocrx_word' id='word_1_166' title='bbox 1381 2495 1411 2506; x_wconf 90' lang='lat'><em>-</em></span> 
     </span>
     <span class='ocr_line' id='line_1_26' title="bbox 455 2547 1410 2620; baseline -0.005 -15"><span class='ocrx_word' id='word_1_167' title='bbox 455 2549 604 2605; x_wconf 85' lang='lat' dir='ltr'>Catholica</span> <span class='ocrx_word' id='word_1_168' title='bbox 614 2548 753 2616; x_wconf 86' lang='lat' dir='ltr'>doctrina,</span> <span class='ocrx_word' id='word_1_169' title='bbox 766 2547 871 2603; x_wconf 89' lang='lat' dir='ltr'>nedum</span> <span class='ocrx_word' id='word_1_170' title='bbox 883 2549 957 2604; x_wconf 89' lang='lat' dir='ltr'>obsit</span> <span class='ocrx_word' id='word_1_171' title='bbox 980 2550 1140 2620; x_wconf 82' lang='lat' dir='ltr'>progressui</span> <span class='ocrx_word' id='word_1_172' title='bbox 1153 2549 1288 2604; x_wconf 78' lang='lat' dir='ltr'>humanas</span> <span class='ocrx_word' id='word_1_173' title='bbox 1301 2548 1410 2604; x_wconf 89' lang='lat' dir='ltr'>societa-</span> 
     </span>
     <span class='ocr_line' id='line_1_27' title="bbox 454 2627 1411 2699; baseline -0.004 -16"><span class='ocrx_word' id='word_1_174' title='bbox 454 2628 594 2698; x_wconf 89' lang='lat' dir='ltr'>tis,ipsum</span> <span class='ocrx_word' id='word_1_175' title='bbox 606 2643 785 2696; x_wconf 88' lang='lat' dir='ltr'>summopere</span> <span class='ocrx_word' id='word_1_176' title='bbox 797 2637 891 2684; x_wconf 84' lang='lat' dir='ltr'>tuetur</span> <span class='ocrx_word' id='word_1_177' title='bbox 903 2641 982 2698; x_wconf 79' lang='lat'><strong>35.-</strong></span> <span class='ocrx_word' id='word_1_178' title='bbox 991 2627 1235 2699; x_wconf 60' lang='lat' dir='ltr'>Quarequidquid</span> <span class='ocrx_word' id='word_1_179' title='bbox 1247 2627 1411 2682; x_wconf 87' lang='lat' dir='ltr'>calumnien-</span> 
     </span>
     <span class='ocr_line' id='line_1_28' title="bbox 455 2707 1411 2777; baseline -0.006 -15"><span class='ocrx_word' id='word_1_180' title='bbox 455 2717 500 2762; x_wconf 89' lang='lat' dir='ltr'>tur</span> <span class='ocrx_word' id='word_1_181' title='bbox 512 2707 618 2774; x_wconf 87' lang='lat' dir='ltr'>hostes,</span> <span class='ocrx_word' id='word_1_182' title='bbox 630 2724 648 2762; x_wconf 90' lang='lat' dir='ltr'>a</span> <span class='ocrx_word' id='word_1_183' title='bbox 661 2707 843 2776; x_wconf 74' lang='lat' dir='ltr'>praedicando</span> <span class='ocrx_word' id='word_1_184' title='bbox 857 2708 944 2762; x_wconf 86' lang='lat' dir='ltr'>verbo</span> <span class='ocrx_word' id='word_1_185' title='bbox 957 2708 1056 2762; x_wconf 87' lang='lat' dir='ltr'>salutis</span> <span class='ocrx_word' id='word_1_186' title='bbox 1075 2723 1232 2777; x_wconf 85' lang='lat' dir='ltr'>numquam</span> <span class='ocrx_word' id='word_1_187' title='bbox 1245 2707 1363 2762; x_wconf 87' lang='lat' dir='ltr'>desistet</span> <span class='ocrx_word' id='word_1_188' title='bbox 1374 2717 1411 2773; x_wconf 78' lang='lat'>35.</span> 
     </span>
     <span class='ocr_line' id='line_1_29' title="bbox 455 2785 1415 2856; baseline -0.004 -16"><span class='ocrx_word' id='word_1_189' title='bbox 455 2814 491 2825; x_wconf 96' lang='lat'><em>-</em></span> <span class='ocrx_word' id='word_1_190' title='bbox 502 2785 621 2840; x_wconf 82' lang='lat' dir='ltr'>Utinam</span> <span class='ocrx_word' id='word_1_191' title='bbox 629 2797 753 2841; x_wconf 85' lang='lat' dir='ltr'>rectores</span> <span class='ocrx_word' id='word_1_192' title='bbox 762 2785 908 2840; x_wconf 80' lang='lat' dir='ltr'>civitatum</span> <span class='ocrx_word' id='word_1_193' title='bbox 918 2785 1285 2856; x_wconf 88' lang='lat' dir='ltr'>saperent,Ecclesiamque</span> <span class='ocrx_word' id='word_1_194' title='bbox 1297 2787 1415 2840; x_wconf 88' lang='lat' dir='ltr'>iuvarent</span> 
     </span>
     <span class='ocr_line' id='line_1_30' title="bbox 456 2864 996 2936; baseline 0.002 -16"><span class='ocrx_word' id='word_1_195' title='bbox 456 2864 498 2935; x_wconf 85' lang='lat'>36.</span> <span class='ocrx_word' id='word_1_196' title='bbox 511 2894 546 2904; x_wconf 94' lang='lat'>-</span> <span class='ocrx_word' id='word_1_197' title='bbox 559 2865 648 2920; x_wconf 88' lang='lat' dir='ltr'>Sacro</span> <span class='ocrx_word' id='word_1_198' title='bbox 662 2864 788 2936; x_wconf 75' lang='lat' dir='ltr'>Collegio</span> <span class='ocrx_word' id='word_1_199' title='bbox 798 2865 941 2921; x_wconf 87' lang='lat' dir='ltr'>benedicit</span> <span class='ocrx_word' id='word_1_200' title='bbox 954 2867 996 2934; x_wconf 73' lang='lat' dir='ltr'>36t</span> 
     </span>
    </p>
   </div>
   <div class='ocr_carea' id='block_1_10' title="bbox 383 2983 1465 3220">
    <p class='ocr_par' dir='ltr' id='par_1_10' title="bbox 383 2983 1465 3220">
     <span class='ocr_line' id='line_1_31' title="bbox 420 2983 1415 3045; baseline -0.004 -11"><span class='ocrx_word' id='word_1_201' title='bbox 420 2984 450 3034; x_wconf 88' lang='grc'>7.</span> <span class='ocrx_word' id='word_1_202' title='bbox 466 2983 658 3034; x_wconf 70' lang='lat' dir='ltr'>namna</span> <span class='ocrx_word' id='word_1_203' title='bbox 677 2983 719 3033; x_wconf 86' lang='lat' dir='ltr'>ad</span> <span class='ocrx_word' id='word_1_204' title='bbox 744 2983 948 3034; x_wconf 84' lang='lat' dir='ltr'>Gulieimum</span> <span class='ocrx_word' id='word_1_205' title='bbox 962 2985 1007 3044; x_wconf 81' lang='lat'>11,</span> <span class='ocrx_word' id='word_1_206' title='bbox 1029 2984 1270 3045; x_wconf 82' lang='lat' dir='ltr'>Imperatorem</span> <span class='ocrx_word' id='word_1_207' title='bbox 1290 2983 1415 3032; x_wconf 85' lang='lat' dir='ltr'>Germa-</span> 
     </span>
     <span class='ocr_line' id='line_1_32' title="bbox 384 3069 1417 3128; baseline -0.004 -8"><span class='ocrx_word' id='word_1_208' title='bbox 384 3073 459 3128; x_wconf 73' lang='lat' dir='ltr'>niae.</span> <span class='ocrx_word' id='word_1_209' title='bbox 474 3069 516 3122; x_wconf 93' lang='lat' dir='ltr'>de</span> <span class='ocrx_word' id='word_1_210' title='bbox 526 3074 697 3122; x_wconf 84' lang='lat' dir='ltr'>conuentu</span> <span class='ocrx_word' id='word_1_211' title='bbox 722 3071 866 3120; x_wconf 82' lang='lat' dir='ltr'>Beroiini</span> <span class='ocrx_word' id='word_1_212' title='bbox 891 3071 1045 3122; x_wconf 84' lang='lat' dir='ltr'>habendo</span> <span class='ocrx_word' id='word_1_213' title='bbox 1059 3071 1102 3122; x_wconf 88' lang='lat' dir='ltr'>ad</span> <span class='ocrx_word' id='word_1_214' title='bbox 1115 3071 1369 3122; x_wconf 88' lang='lat' dir='ltr'>deliberandum</span> <span class='ocrx_word' id='word_1_215' title='bbox 1383 3069 1417 3117; x_wconf 85' lang='lat' dir='ltr'>de</span> 
     </span>
     <span class='ocr_line' id='line_1_33' title="bbox 383 3155 1465 3220; baseline -0.002 -12"><span class='ocrx_word' id='word_1_216' title='bbox 383 3157 1066 3220; x_wconf 74' lang='lat' dir='ltr'>conditioneopiiieum.-14uart1890</span> <span class='ocrx_word' id='word_1_217' title='bbox 1442 3155 1465 3212; x_wconf 69' lang='lat' dir='ltr'>ii</span> 
     </span>
    </p>
   </div>
   <div class='ocr_carea' id='block_1_11' title="bbox 451 3249 1417 3716">
    <p class='ocr_par' dir='ltr' id='par_1_11' title="bbox 451 3249 1417 3716">
     <span class='ocr_line' id='line_1_34' title="bbox 489 3249 1415 3321; baseline -0.002 -17"><span class='ocrx_word' id='word_1_218' title='bbox 489 3251 620 3305; x_wconf 81' lang='lat' dir='ltr'>Pontifex</span> <span class='ocrx_word' id='word_1_219' title='bbox 643 3249 808 3320; x_wconf 87' lang='lat' dir='ltr'>Imperatori</span> <span class='ocrx_word' id='word_1_220' title='bbox 829 3251 936 3321; x_wconf 84' lang='lat' dir='ltr'>gratias</span> <span class='ocrx_word' id='word_1_221' title='bbox 959 3252 1017 3321; x_wconf 84' lang='lat' dir='ltr'>agit</span> <span class='ocrx_word' id='word_1_222' title='bbox 1040 3251 1076 3306; x_wconf 91' lang='lat' dir='ltr'>de</span> <span class='ocrx_word' id='word_1_223' title='bbox 1089 3251 1228 3305; x_wconf 81' lang='lat' dir='ltr'>invitante</span> <span class='ocrx_word' id='word_1_224' title='bbox 1246 3269 1279 3306; x_wconf 88' lang='lat' dir='ltr'>se</span> <span class='ocrx_word' id='word_1_225' title='bbox 1292 3249 1415 3320; x_wconf 83' lang='lat' dir='ltr'>epistola,</span> 
     </span>
     <span class='ocr_line' id='line_1_35' title="bbox 453 3327 1416 3402; baseline -0.006 -18"><span class='ocrx_word' id='word_1_226' title='bbox 453 3330 546 3402; x_wconf 87' lang='lat' dir='ltr'>deque</span> <span class='ocrx_word' id='word_1_227' title='bbox 558 3329 677 3384; x_wconf 87' lang='lat' dir='ltr'>consilio</span> <span class='ocrx_word' id='word_1_228' title='bbox 690 3329 804 3385; x_wconf 88' lang='lat' dir='ltr'>salutari</span> <span class='ocrx_word' id='word_1_229' title='bbox 818 3329 928 3402; x_wconf 88' lang='lat' dir='ltr'>abipso</span> <span class='ocrx_word' id='word_1_230' title='bbox 940 3329 1011 3386; x_wconf 91' lang='lat' dir='ltr'>inito</span> <span class='ocrx_word' id='word_1_231' title='bbox 1023 3345 1102 3398; x_wconf 85' lang='lat'>37.-</span> <span class='ocrx_word' id='word_1_232' title='bbox 1118 3330 1230 3386; x_wconf 89' lang='lat' dir='ltr'>Recolit</span> <span class='ocrx_word' id='word_1_233' title='bbox 1243 3347 1309 3402; x_wconf 82' lang='lat' dir='ltr'>quae</span> <span class='ocrx_word' id='word_1_234' title='bbox 1321 3327 1416 3400; x_wconf 80' lang='lat' dir='ltr'>ipsein</span> 
     </span>
     <span class='ocr_line' id='line_1_36' title="bbox 451 3408 1417 3480; baseline -0.004 -16"><span class='ocrx_word' id='word_1_235' title='bbox 451 3408 555 3464; x_wconf 87' lang='lat' dir='ltr'>eodem</span> <span class='ocrx_word' id='word_1_236' title='bbox 567 3409 667 3464; x_wconf 90' lang='lat' dir='ltr'>ordine</span> <span class='ocrx_word' id='word_1_237' title='bbox 686 3409 786 3478; x_wconf 80' lang='lat' dir='ltr'>egerit,</span> <span class='ocrx_word' id='word_1_238' title='bbox 800 3409 903 3464; x_wconf 87' lang='lat' dir='ltr'>dixerit</span> <span class='ocrx_word' id='word_1_239' title='bbox 917 3423 959 3478; x_wconf 86' lang='lat'>37.</span> <span class='ocrx_word' id='word_1_240' title='bbox 973 3439 1010 3449; x_wconf 96' lang='lat'>-</span> <span class='ocrx_word' id='word_1_241' title='bbox 1023 3410 1068 3464; x_wconf 82' lang='lat' dir='ltr'>Ad</span> <span class='ocrx_word' id='word_1_242' title='bbox 1080 3410 1234 3480; x_wconf 79' lang='lat' dir='ltr'>quaesitum</span> <span class='ocrx_word' id='word_1_243' title='bbox 1247 3409 1417 3472; x_wconf 86' lang='lat' dir='ltr'>solvendum,</span> 
     </span>
     <span class='ocr_line' id='line_1_37' title="bbox 452 3485 1413 3560; baseline 0 -20"><span class='ocrx_word' id='word_1_244' title='bbox 452 3504 539 3558; x_wconf 89' lang='lat' dir='ltr'>quum</span> <span class='ocrx_word' id='word_1_245' title='bbox 560 3489 648 3543; x_wconf 84' lang='lat' dir='ltr'>muita</span> <span class='ocrx_word' id='word_1_246' title='bbox 670 3488 773 3543; x_wconf 88' lang='lat' dir='ltr'>utiliter</span> <span class='ocrx_word' id='word_1_247' title='bbox 795 3488 881 3544; x_wconf 90' lang='lat' dir='ltr'>statui</span> <span class='ocrx_word' id='word_1_248' title='bbox 902 3489 1043 3560; x_wconf 91' lang='lat' dir='ltr'>possinta</span> <span class='ocrx_word' id='word_1_249' title='bbox 1063 3499 1204 3559; x_wconf 86' lang='lat' dir='ltr'>potestate</span> <span class='ocrx_word' id='word_1_250' title='bbox 1217 3487 1303 3554; x_wconf 80' lang='lat' dir='ltr'>civili,</span> <span class='ocrx_word' id='word_1_251' title='bbox 1316 3485 1413 3542; x_wconf 86' lang='lat' dir='ltr'>eadem</span> 
     </span>
     <span class='ocr_line' id='line_1_38' title="bbox 452 3567 1415 3637; baseline -0.004 -17"><span class='ocrx_word' id='word_1_252' title='bbox 452 3567 582 3621; x_wconf 82' lang='lat' dir='ltr'>Iaetanter</span> <span class='ocrx_word' id='word_1_253' title='bbox 594 3583 625 3621; x_wconf 89' lang='lat' dir='ltr'>se</span> <span class='ocrx_word' id='word_1_254' title='bbox 637 3567 820 3637; x_wconf 89' lang='lat' dir='ltr'>probaturum</span> <span class='ocrx_word' id='word_1_255' title='bbox 834 3567 960 3624; x_wconf 85' lang='lat' dir='ltr'>declarat</span> <span class='ocrx_word' id='word_1_256' title='bbox 972 3567 1064 3636; x_wconf 81' lang='lat'><strong>37·38.</strong></span> <span class='ocrx_word' id='word_1_257' title='bbox 1081 3567 1186 3623; x_wconf 91' lang='lat' dir='ltr'>-Sed</span> <span class='ocrx_word' id='word_1_258' title='bbox 1211 3567 1335 3636; x_wconf 87' lang='lat' dir='ltr'>insuper,</span> <span class='ocrx_word' id='word_1_259' title='bbox 1349 3573 1415 3619; x_wconf 89' lang='lat' dir='ltr'>teste</span> 
     </span>
     <span class='ocr_line' id='line_1_39' title="bbox 453 3644 1416 3716; baseline -0.003 -16"><span class='ocrx_word' id='word_1_260' title='bbox 453 3644 516 3716; x_wconf 89' lang='lat' dir='ltr'>ipso</span> <span class='ocrx_word' id='word_1_261' title='bbox 541 3647 725 3714; x_wconf 81' lang='lat' dir='ltr'>imperatore,</span> <span class='ocrx_word' id='word_1_262' title='bbox 750 3645 875 3704; x_wconf 86' lang='lat' dir='ltr'>declarat</span> <span class='ocrx_word' id='word_1_263' title='bbox 900 3647 1066 3704; x_wconf 88' lang='lat' dir='ltr'>adhibenda</span> <span class='ocrx_word' id='word_1_264' title='bbox 1090 3645 1218 3703; x_wconf 88' lang='lat' dir='ltr'>remedia</span> <span class='ocrx_word' id='word_1_265' title='bbox 1243 3663 1261 3701; x_wconf 82' lang='lat' dir='ltr'>a</span> <span class='ocrx_word' id='word_1_266' title='bbox 1286 3645 1416 3716; x_wconf 83' lang='lat' dir='ltr'>religione</span> 
     </span>
    </p>
   </div>
   <div class='ocr_carea' id='block_1_12' title="bbox 453 3725 1417 4032">
    <p class='ocr_par' dir='ltr' id='par_1_12' title="bbox 453 3725 1417 4032">
     <span class='ocr_line' id='line_1_40' title="bbox 453 3725 1417 3798; baseline -0.001 -17"><span class='ocrx_word' id='word_1_267' title='bbox 453 3725 551 3796; x_wconf 84' lang='lat' dir='ltr'>petita,</span> <span class='ocrx_word' id='word_1_268' title='bbox 565 3741 677 3780; x_wconf 88' lang='lat' dir='ltr'>necnon</span> <span class='ocrx_word' id='word_1_269' title='bbox 687 3725 725 3780; x_wconf 92' lang='lat' dir='ltr'>ab</span> <span class='ocrx_word' id='word_1_270' title='bbox 738 3725 869 3782; x_wconf 86' lang='lat' dir='ltr'>Ecclesia</span> <span class='ocrx_word' id='word_1_271' title='bbox 882 3729 961 3796; x_wconf 63' lang='lat'>3&amp;-</span> <span class='ocrx_word' id='word_1_272' title='bbox 971 3727 1125 3783; x_wconf 85' lang='lat' dir='ltr'>Rationem</span> <span class='ocrx_word' id='word_1_273' title='bbox 1134 3727 1218 3798; x_wconf 86' lang='lat' dir='ltr'>hujus</span> <span class='ocrx_word' id='word_1_274' title='bbox 1229 3725 1417 3795; x_wconf 79' lang='lat' dir='ltr'>assertiexpo</span> 
     </span>
     <span class='ocr_line' id='line_1_41' title="bbox 453 3803 1416 3876; baseline -0.002 -18"><span class='ocrx_word' id='word_1_275' title='bbox 453 3803 495 3858; x_wconf 91' lang='lat' dir='ltr'>nit</span> <span class='ocrx_word' id='word_1_276' title='bbox 508 3805 588 3872; x_wconf 84' lang='lat'><strong>38.-</strong></span> <span class='ocrx_word' id='word_1_277' title='bbox 600 3803 774 3876; x_wconf 87' lang='lat' dir='ltr'>Quidpossit</span> <span class='ocrx_word' id='word_1_278' title='bbox 787 3806 825 3860; x_wconf 89' lang='lat' dir='ltr'>ad</span> <span class='ocrx_word' id='word_1_279' title='bbox 838 3807 913 3862; x_wconf 88' lang='lat' dir='ltr'>hunc</span> <span class='ocrx_word' id='word_1_280' title='bbox 924 3806 1009 3862; x_wconf 85' lang='lat' dir='ltr'>linem</span> <span class='ocrx_word' id='word_1_281' title='bbox 1024 3807 1155 3862; x_wconf 86' lang='lat' dir='ltr'>Ecclesia</span> <span class='ocrx_word' id='word_1_282' title='bbox 1168 3805 1300 3861; x_wconf 88' lang='lat' dir='ltr'>libertate</span> <span class='ocrx_word' id='word_1_283' title='bbox 1311 3804 1416 3876; x_wconf 86' lang='lat' dir='ltr'>pollens</span> 
     </span>
     <span class='ocr_line' id='line_1_42' title="bbox 454 3882 1416 3954; baseline 0 -18"><span class='ocrx_word' id='word_1_284' title='bbox 454 3882 578 3936; x_wconf 90' lang='lat' dir='ltr'>ostendit</span> <span class='ocrx_word' id='word_1_285' title='bbox 600 3883 642 3951; x_wconf 88' lang='lat'>38.</span> <span class='ocrx_word' id='word_1_286' title='bbox 661 3913 694 3922; x_wconf 95' lang='lat'><em>-</em></span> <span class='ocrx_word' id='word_1_287' title='bbox 707 3883 781 3938; x_wconf 90' lang='lat' dir='ltr'>Vota</span> <span class='ocrx_word' id='word_1_288' title='bbox 802 3884 909 3939; x_wconf 86' lang='lat' dir='ltr'>faciens</span> <span class='ocrx_word' id='word_1_289' title='bbox 931 3901 983 3954; x_wconf 91' lang='lat' dir='ltr'>pro</span> <span class='ocrx_word' id='word_1_290' title='bbox 1006 3883 1081 3940; x_wconf 88' lang='lat' dir='ltr'>felici</span> <span class='ocrx_word' id='word_1_291' title='bbox 1104 3901 1240 3940; x_wconf 90' lang='lat' dir='ltr'>successu</span> <span class='ocrx_word' id='word_1_292' title='bbox 1254 3893 1416 3948; x_wconf 84' lang='lat' dir='ltr'>conventus,</span> 
     </span>
     <span class='ocr_line' id='line_1_43' title="bbox 459 3961 1365 4032; baseline -0.002 -15"><span class='ocrx_word' id='word_1_293' title='bbox 459 3962 564 4030; x_wconf 80' lang='lat' dir='ltr'>gaudet</span> <span class='ocrx_word' id='word_1_294' title='bbox 577 3961 752 4032; x_wconf 89' lang='lat' dir='ltr'>Episcopum</span> <span class='ocrx_word' id='word_1_295' title='bbox 766 3963 992 4020; x_wconf 85' lang='lat' dir='ltr'>Breslaviensem</span> <span class='ocrx_word' id='word_1_296' title='bbox 1002 3964 1096 4020; x_wconf 88' lang='lat' dir='ltr'>eidem</span> <span class='ocrx_word' id='word_1_297' title='bbox 1109 3963 1310 4020; x_wconf 87' lang='lat' dir='ltr'>interfuturum</span> <span class='ocrx_word' id='word_1_298' title='bbox 1322 3977 1365 4031; x_wconf 82' lang='lat'>39.</span> 
     </span>
    </p>
   </div>
   <div class='ocr_carea' id='block_1_13' title="bbox 383 4079 1471 4316">
    <p class='ocr_par' dir='ltr' id='par_1_13' title="bbox 383 4079 1471 4316">
     <span class='ocr_line' id='line_1_44' title="bbox 419 4079 1418 4148; baseline -0.005 -17"><span class='ocrx_word' id='word_1_299' title='bbox 419 4079 447 4131; x_wconf 84' lang='grc'>8.</span> <span class='ocrx_word' id='word_1_300' title='bbox 464 4081 673 4131; x_wconf 79' lang='lat' dir='ltr'>EPISTOLA</span> <span class='ocrx_word' id='word_1_301' title='bbox 695 4082 739 4132; x_wconf 87' lang='lat' dir='ltr'>ad</span> <span class='ocrx_word' id='word_1_302' title='bbox 759 4083 865 4145; x_wconf 84' lang='lat' dir='ltr'>presb.</span> <span class='ocrx_word' id='word_1_303' title='bbox 890 4085 1034 4148; x_wconf 80' lang='lat' dir='ltr'>Sarday</span> <span class='ocrx_word' id='word_1_304' title='bbox 1054 4085 1213 4146; x_wconf 82' lang='lat' dir='ltr'>Salvany.</span> <span class='ocrx_word' id='word_1_305' title='bbox 1226 4083 1418 4132; x_wconf 81' lang='lat' dir='ltr'>directorem</span> 
     </span>
     <span class='ocr_line' id='line_1_45' title="bbox 383 4167 1419 4234; baseline -0.003 -18"><span class='ocrx_word' id='word_1_306' title='bbox 383 4167 631 4230; x_wconf 77' lang='lat' dir='ltr'>ephemeridis(</span> <span class='ocrx_word' id='word_1_307' title='bbox 648 4171 786 4220; x_wconf 82' lang='lat' dir='ltr'>Revista</span> <span class='ocrx_word' id='word_1_308' title='bbox 798 4174 940 4234; x_wconf 84' lang='lat' dir='ltr'>popular</span> <span class='ocrx_word' id='word_1_309' title='bbox 954 4179 980 4223; x_wconf 82' lang='lat' dir='ltr'>t.</span> <span class='ocrx_word' id='word_1_310' title='bbox 998 4173 1046 4222; x_wconf 89' lang='lat' dir='ltr'>De</span> <span class='ocrx_word' id='word_1_311' title='bbox 1060 4173 1188 4222; x_wconf 84' lang='lat' dir='ltr'>ratione</span> <span class='ocrx_word' id='word_1_312' title='bbox 1209 4167 1419 4231; x_wconf 81' lang='lat' dir='ltr'>scriptoribus</span> 
     </span>
     <span class='ocr_line' id='line_1_46' title="bbox 383 4253 1471 4316; baseline 0.002 -10"><span class='ocrx_word' id='word_1_313' title='bbox 383 4253 1039 4316; x_wconf 76' lang='lat' dir='ltr'>ephemeridumsorvanda.-15Mart</span> <span class='ocrx_word' id='word_1_314' title='bbox 1056 4259 1140 4312; x_wconf 75' lang='lat'>1890</span> <span class='ocrx_word' id='word_1_315' title='bbox 1447 4255 1471 4306; x_wconf 69' lang='lat'>4⁰</span> 
     </span>
    </p>
   </div>
   <div class='ocr_carea' id='block_1_14' title="bbox 494 4355 1419 4433">
    <p class='ocr_par' dir='ltr' id='par_1_14' title="bbox 494 4355 1419 4433">
     <span class='ocr_line' id='line_1_47' title="bbox 494 4355 1419 4433; baseline 0.006 -27"><span class='ocrx_word' id='word_1_316' title='bbox 494 4355 622 4409; x_wconf 89' lang='lat' dir='ltr'>Pontifex</span> <span class='ocrx_word' id='word_1_317' title='bbox 631 4359 738 4426; x_wconf 87' lang='lat' dir='ltr'>gratias</span> <span class='ocrx_word' id='word_1_318' title='bbox 751 4362 809 4429; x_wconf 89' lang='lat' dir='ltr'>agit</span> <span class='ocrx_word' id='word_1_319' title='bbox 822 4363 952 4433; x_wconf 89' lang='lat' dir='ltr'>scriptori</span> <span class='ocrx_word' id='word_1_320' title='bbox 966 4364 1002 4419; x_wconf 95' lang='lat' dir='ltr'>de</span> <span class='ocrx_word' id='word_1_321' title='bbox 1018 4364 1091 4419; x_wconf 84' lang='lat' dir='ltr'>votis</span> <span class='ocrx_word' id='word_1_322' title='bbox 1101 4362 1278 4418; x_wconf 87' lang='lat' dir='ltr'>transmissis</span> <span class='ocrx_word' id='word_1_323' title='bbox 1291 4377 1355 4417; x_wconf 86' lang='lat' dir='ltr'>cum</span> <span class='ocrx_word' id='word_1_324' title='bbox 1364 4375 1419 4414; x_wconf 89' lang='lat' dir='ltr'>mu·</span> 
     </span>
    </p>
   </div>
   <div class='ocr_carea' id='block_1_15' title="bbox 0 0 1598 4866">
    <p class='ocr_par' dir='ltr' id='par_1_15' title="bbox 0 0 1598 4866">
     <span class='ocr_line' id='line_1_48' title="bbox 0 0 1598 4866; baseline 0 0"><span class='ocrx_word' id='word_1_325' title='bbox 0 0 1598 4866; x_wconf 95' lang='lat' dir='ltr'> </span> 
     </span>
    </p>
   </div>
  </div>
 </body>
</html>
