3194 4872
396 345 441 436 78
662 369 842 422 ssrsroaa
870 357 890 388 “
918 371 959 422 ru
987 367 1165 424 crunnus
1193 401 1214 442 ,‚

247 563 367 634 nermo
392 551 529 616 tandem
556 551 579 615 ii
606 561 742 636 possent
772 555 806 618 in
837 552 1024 619 libertatem
1051 553 1142 619 dari:
1166 553 1256 636 quod
1283 549 1480 635 profuturum

215 623 365 751 rami,
392 655 489 720 valde
501 666 572 720 erat
586 657 629 721 ad
645 658 788 722 salutern
804 657 905 724 etiam
931 658 1176 742 sempiternam.
1191 695 1235 706 -
1251 655 1343 722 Bene
1358 673 1482 736 respon·

227 747 351 844 22:223?
392 760 479 823 disse
495 769 643 840 eventus,
657 762 794 826 annales
810 783 924 829 sacrae
939 763 1148 846 antiquitatis
1169 760 1312 826 afferunt
1338 759 1480 825 testimo·

216 859 327 904 ”Him-
393 863 456 926 nia.
473 861 611 928 Nobiles
626 865 719 948 ipsae
735 875 916 944 matronae,
934 867 1133 950 Hieronymi
1150 865 1304 930 laudibus
1319 863 1483 946 spectatis·

392 965 505 1044 simae,
519 967 596 1033 huic
611 970 657 1032 rei
681 970 846 1034 iuvandae
871 969 1072 1056 singularem
1097 988 1233 1054 operam
1258 966 1482 1034 contulerunt:

392 1069 553 1136 referente
565 1081 678 1137 autem
692 1073 860 1148 Salviano,
875 1075 908 1138 in
929 1075 1117 1140 christianis
1134 1072 1276 1150 familiis,
1291 1072 1398 1154 iisque
1424 1087 1482 1132 non
1586 1151 1587 1154 Ἴ

393 1175 439 1238 ita
454 1175 684 1259 locupletibus,
699 1175 800 1243 fiebat
815 1197 1063 1261 saepenumero,
1079 1187 1115 1243 ut
1125 1179 1210 1243 servi
1233 1172 1484 1240 manumissione
1586 1155 1587 1162 ἵ

218 1287 367 1348 affigenda
394 1275 548 1340 munifica
564 1276 657 1341 liberi
672 1277 811 1342 abirent.
823 1276 913 1360 Quin
929 1277 1030 1342 etiarn
1047 1297 1088 1342 eo
1103 1275 1303 1361 praeclarius
1325 1273 1483 1356 specimen

237 1351 349 1464 zm
392 1377 538 1442 caritatis
555 1377 588 1444 S.
600 1377 755 1444 Clemens
779 1379 885 1444 multo
907 1391 986 1446 ante
1012 1380 1183 1460 laudavit;
1208 1375 1484 1463 quemadmodum

393 1482 571 1548 Christiani
588 1482 738 1546 nonnulli
753 1503 825 1551 sese
847 1485 1007 1562 servituti,
1027 1485 1195 1551 conversis
1210 1480 1370 1566 personis,
1385 1477 1485 1544 subie-

391 1585 504 1661 cerint,
529 1585 617 1667 quod
642 1605 754 1650 servos
779 1587 944 1670 quosdam
969 1587 1035 1652 alio
1068 1597 1170 1671 pacto
1196 1587 1334 1651 liberare
1361 1579 1486 1664 nequis·

391 1697 465 1752 seut
481 1687 494 1770 (
511 1685 535 1769 ).
545 1725 589 1736 -
601 1685 723 1770 Quare,
734 1699 866 1772 praeter
877 1709 976 1774 quam
989 1692 1080 1776 quod
1093 1709 1262 1756 servorum
1275 1683 1486 1752 manumissio

392 1790 425 1854 in
448 1789 582 1872 templis
605 1790 729 1869 haberi,
753 1792 833 1857 item
858 1802 895 1857 ut
921 1793 1009 1860 actio
1029 1793 1174 1876 pietatis,
1199 1799 1319 1874 coepta
1345 1798 1405 1866 est,
1420 1807 1487 1852 eam

393 1891 544 1958 Ecclesia
573 1895 716 1961 instituit
746 1893 1013 1962 christifidelibus
1053 1905 1254 1962 testamenta
1296 1891 1487 1957 facientibus

392 1998 636 2076 commendare,
660 2007 833 2082 tamquam
863 2019 948 2082 opus
984 2009 1176 2083 pergratum
1205 1999 1281 2062 Deo
1316 1995 1489 2078 magnique
1582 2022 1590 2084 l,

394 2100 483 2184 apud
499 2101 607 2184 ipsum
634 2102 741 2165 meriti
757 2111 791 2167 et
816 2103 955 2186 praemii
970 2125 978 2168 t
993 2123 1038 2168 ex
1048 2122 1116 2186 quo
1143 2101 1199 2167 illa
1226 2097 1488 2165 manumissionis
1588 2131 1589 2138 κ

392 2203 506 2268 heredi
522 2204 734 2270 mandendae
748 2215 911 2290 concepta
926 2207 1027 2271 verba
1034 2217 1098 2290 pro
1116 2185 1226 2270 amore
1238 2203 1311 2280 Dei,
1319 2213 1383 2284 pro
1396 2220 1490 2264 reme-

393 2309 448 2372 dio
477 2307 528 2373 vel
555 2308 694 2373 mrcca'e
716 2309 849 2374 animae
875 2331 969 2374 meae.
990 2311 1109 2394 Neque
1132 2310 1178 2373 rei
1203 2308 1272 2385 ulli,
1287 2307 1320 2370 in
1351 2306 1489 2389 pretium

394 2415 610 2499 captivorum,
625 2424 848 2496 temperatum
864 2424 915 2478 est
931 2439 937 2480 :
952 2415 1078 2479 donata
1102 2415 1177 2479 Deo
1192 2413 1291 2490 bona,
1301 2411 1491 2484 divendita;

392 2539 509 2583 aurum
522 2527 556 2583 et
567 2526 742 2601 argeutum
755 2537 895 2595 sacrum,
904 2517 1049 2582 conflata
1062 2517 1290 2597 ;basilicarum
1300 2520 1492 2579 ornamenta

393 2628 427 2684 et
455 2619 602 2696 donaria,
633 2618 804 2684 alienata:
834 2619 867 2684 id
898 2621 988 2704 quod
1032 2619 1244 2696 Ambrosius,
1279 2616 1493 2700 Augustinus,
1590 2681 1592 2698 ³

396 2720 553 2798 Hilarius,
577 2720 717 2803 Eligius,
743 2721 910 2800 Patritius,
937 2722 992 2787 alii
1021 2723 1121 2786 multi
1148 2731 1182 2787 et
1218 2718 1419 2786 sanctissimi
1437 2712 1492 2780 uiri

393 2825 541 2888 iecerunt
572 2844 638 2889 non
667 2824 779 2890 semel.
801 2863 845 2876 -
863 2827 928 2892 Vel
959 2827 1109 2892 maxime
1136 2826 1285 2891 lecerunt
1307 2845 1369 2908 pro
1395 2819 1493 2886 servis

235 2940 359 3043 ,Li-'²³5
395 2927 571 2994 Pontifices
587 2930 723 3005 romani,
741 2930 787 2994 illi
806 2951 882 2996 vere
896 2933 929 2996 in
946 2933 1039 2996 omni
1055 2931 1215 2996 memoria
1230 2939 1264 2994 et
1279 2927 1493 2994 infirmiorum
1590 2917 1592 2980 ἒ

220 2999 369 3116 alfwld
393 3043 520 3098 tutores
548 3041 582 3097 et
612 3033 759 3097 vindices
782 3053 1027 3117 oppressorum.
1053 3033 1087 3100 S.
1115 3033 1295 3118 Gregorius
1322 3033 1369 3096 M.
1395 3046 1492 3112 quam
1591 3031 1592 3036 ’

219 3117 282 3161 'm'
394 3137 553 3218 plurimos
568 3137 678 3220 potuit
699 3139 771 3221 ipse
786 3138 819 3201 in
849 3137 1038 3204 libertatem
1062 3139 1210 3216 asseruit,
1235 3147 1269 3202 et
1294 3138 1327 3200 in
1354 3130 1492 3198 concilio
1591 3181 1592 3208 ,

394 3233 532 3305 rorn'ano
555 3261 607 3306 an.
635 3255 764 3305 Dxcvu
795 3241 835 3305 iis
862 3242 1052 3307 libertatem
1089 3260 1280 3308 concessam
1308 3239 1412 3304 voluit
1438 3232 1493 3317 qui
1591 3225 1592 3278 ἶ

395 3343 612 3406 monasticam
628 3343 731 3406 vitam
748 3363 847 3425 agere
862 3345 1134 3409 constituissent:
1149 3363 1247 3427 posse
1271 3362 1393 3416 servos
1410 3335 1493 3401 invi·

394 3448 436 3510 tis
451 3447 605 3524 dominis,
621 3447 834 3512 matrimonia
851 3447 953 3512 libere
976 3449 1060 3514 inire
1089 3447 1310 3513 HadrianusI
1327 3443 1493 3511 defendit:

393 3553 436 3615 ab
459 3551 658 3615 Alexandro
682 3551 747 3629 ΙΙΙ,
774 3570 825 3616 an.
854 3567 1020 3632 MCvall,
1049 3553 1256 3637 apertissime
1282 3551 1428 3616 edictum
1444 3555 1495 3610 est

395 3675 509 3720 mauro
524 3653 701 3720 Valentiae
722 3656 800 3738 regi,
816 3676 973 3740 nequem
990 3657 1207 3722 christianum
1233 3657 1403 3719 hominem
1428 3671 1495 3714 ser·

393 3759 475 3823 vitio
499 3757 676 3834 addiceret,
698 3758 788 3840 quod
817 3779 916 3843 nemo
946 3769 1064 3825 natura
1097 3779 1219 3838 servus,
1250 3779 1271 3822 a
1302 3757 1377 3820 Deo
1400 3754 1493 3818 liberi

393 3881 510 3928 omnes
537 3860 625 3925 lacti.
656 3861 872 3927 Innocentius
897 3865 1089 3943 autemIII,
1113 3885 1166 3929 an.
1193 3877 1307 3940 MCIIC,
1332 3858 1494 3939 Ordinem

222 3975 369 4080 Or'fffli-
397 3965 630 4032 Sanctissimae
640 3965 818 4030 Trinitatis
829 3967 1028 4032 Clzrr'stianis
1039 3968 1236 4032 redimendas
1244 3967 1301 4050 qui
1312 3965 1494 4030 Turcarum

221 4093 284 4137 runc
305 4107 368 4162 Ικο,-
395 4073 428 4135 ἰη
438 4080 639 4154 potestatem
651 4071 854 4150 incidissent,
864 4082 981 4155 rogatu
991 4081 1175 4152 auctorum,
1185 4073 1322 4136 Ioannis
1339 4067 1497 4142 aMatha,

219 4155 369 4255 {22³me
396 4175 514 4240 Felicis
529 4173 656 4239 Valesii
680 4174 858 4256 probatum
886 4187 1063 4260 ratumque
1089 4176 1215 4242 habuit.
1241 4175 1391 4241 Similem
1416 4171 1494 4233 huic

397 4280 558 4344 Ordinem
574 4278 711 4342 Mariae
724 4289 853 4342 sanctae
866 4301 887 4341 a
902 4279 1050 4343 Mercede
1063 4281 1234 4346 Honorius
1248 4281 1303 4346 111
1316 4287 1497 4364 posteaque

1304 4387 1494 4401 —..-.-—·

399 4390 447 4463 mr.
461 4420 504 4478 Ep.
517 4421 549 4465 ad
560 4420 626 4473 Cor..
639 4435 660 4466 c.
674 4433 710 4478 55.
