3140 4866
470 389 593 440 INDEX
618 389 866 440 ANALYTICUS.
1152 380 1220 453 295

188 620 226 676 ad
237 636 303 675 eum
316 621 435 675 redeant
449 627 561 690 oportet
574 618 734 674 dilabentes
747 618 901 674 societates
922 631 980 684 191.
993 647 1029 656 -—
1038 615 1071 687 b)
1091 617 1154 669 Nec

186 712 282 756 tamen
294 699 469 770 corporalem
482 700 575 751 vitum
591 698 714 768 neglexit
737 695 878 763 Ecclesia,
891 696 1051 767 praesertim
1063 697 1154 768 prole·

188 779 323 836 tariorum
340 792 397 844 191.
411 807 446 818 -
459 777 487 844 α)
499 777 640 832 Indirecle
648 777 776 846 regendo
788 791 880 830 mores
891 789 949 844 191.
960 805 995 815 -
1011 773 1155 847 Imprimis

187 857 380 931 appetentiam
393 873 487 912 rerum
497 866 525 912 et
547 856 724 927 voluptatum
741 857 817 912 sitim
831 855 992 910 coercendo
1010 869 1068 924 192.
1080 883 1112 894 -
1129 852 1156 927 β)

187 939 299 993 Directe
311 937 436 1006 cujusvis
457 937 570 1005 generis
592 938 728 992 instituio
751 933 874 990 fovendo
894 934 936 988 ad
951 933 1156 988 sublevandam

188 1018 316 1086 inopiam
332 1031 390 1084 192.
403 1046 438 1056 —
451 1018 485 1088 α’)
498 1021 525 1074 Α
537 1015 674 1087 primaeva
686 1025 773 1071 aetate
785 1012 918 1068 Ecclesia
935 1013 1033 1068 munia
1051 1011 1155 1067 benefi-

188 1095 290 1153 centiae
302 1097 541 1154 excellentissime
554 1094 679 1152 exercuit
692 1091 839 1166 191.-β’)
863 1095 935 1152 Inde
948 1103 1041 1150 ortum
1056 1093 1157 1160 ingens

189 1191 345 1248 pauperum
366 1178 570 1246 patrimonium
592 1191 705 1244 semper
736 1174 857 1230 fideliter
882 1171 1045 1239 custodivit,
1070 1168 1156 1236 auxit,

189 1256 259 1311 rexit
275 1268 334 1321 192.
346 1283 382 1292 -
393 1255 429 1324 γ’)
444 1258 477 1310 In
491 1255 572 1326 cujus
584 1254 648 1308 loco
661 1253 857 1310 beneficentiae
876 1272 911 1310 ex
924 1251 1042 1310 caritate
1055 1252 1159 1306 frustra

190 1344 328 1390 conantur
344 1336 499 1405 subrogare
512 1331 730 1390 beneficentiam
739 1333 860 1402 legalem
876 1347 933 1403 192.

228 1413 419 1480 19111111111111
429 1425 570 1469 flumenta
579 1411 718 1467 Ecclesiae
726 1412 892 1484 adjumenta
901 1418 1039 1480 praestent
1047 1415 1159 1476 oportet

194 1507 250 1562 193.
260 1521 296 1531 -
305 1491 344 1560 a‘)
358 1493 444 1563 Qum
454 1507 474 1547 1
488 1502 666 1548 assuentes
677 1502 926 1546 exsecrandum.
937 1519 969 1529 -
985 1486 1159 1557 Respublica

191 1570 346 1628 christiana
358 1572 404 1628 hic
415 1571 581 1642 intelligitur
594 1584 651 1638 193.
663 1575 1014 1626 -10C0ns1ne1tnntorttts
1026 1575 1158 1626 611111111-

191 1668 301 1710 mores.
325 1652 360 1726 a)
374 1653 473 1708 Civilis
486 1649 638 1722 potestatis
652 1661 695 1705 est
712 1649 860 1722 publicam
874 1652 971 1707 fovere
984 1651 1159 1721 prosperita-

190 1741 253 1803 tem,
266 1732 375 1790 scilicet
388 1731 535 1799 moralem,
549 1728 722 1798 religiosam,
735 1727 933 1799 domesticam,
950 1727 1159 1785 oeconomicam

194 1829 251 1884 193.
267 1843 300 1852 -
313 1813 378 1866 Hoc
391 1827 480 1880 agens
498 1809 641 1878 omnibus,
655 1809 815 1879 praesertim
828 1809 999 1881 proletariis,
1009 1809 1074 1880 jure
1094 1825 1160 1880 pro·

191 1893 259 1964 prio,
273 1891 395 1949 consulit
411 1905 468 1958 193.
483 1919 518 1928 -—
530 1887 563 1959 b)
576 1889 735 1958 Specialius
747 1890 965 1960 proletariorum
985 1905 1083 1946 curam
1102 1905 1161 1944 res·

191 1971 305 2043 publica
329 1972 479 2039 utriusque
502 1969 615 2023 ordinis
623 1967 750 2037 fautrix
769 1969 874 2025 habeat
885 1989 893 2036 ;
914 1985 982 2024 nam
1006 1967 1161 2037 proletarii,

193 2069 312 2107 numero
324 2050 455 2120 majores,
466 2047 519 2102 etsi
538 2047 646 2101 directe
659 2045 688 2100 iu
701 2062 853 2104 commune
865 2049 974 2103 bonum
987 2049 1080 2103 minus
1093 2065 1161 2102 con·

191 2133 283 2186 lerunt
302 2146 388 2202 quam
406 2128 477 2207 ordo
489 2128 661 2198 gubernans,
676 2125 798 2180 multum
811 2137 907 2182 tamen
919 2137 1048 2197 prosunt,
1065 2127 1161 2199 impri-

191 2211 245 2266 mis
258 2209 434 2264 affluentiam
444 2209 584 2263 bonorum
595 2215 777 2260 externorum
790 2223 840 2275 per
849 2207 977 2262 laborem
995 2207 1161 2278 praestando

195 2301 318 2360 194-195.
332 2318 367 2329 -
379 2286 511 2356 lnvigilet
523 2301 591 2354 ergo
608 2284 780 2354 respublica,
793 2284 896 2340 intuitu
909 2287 1069 2342 communis
1082 2286 1160 2353 boni,

192 2380 221 2425 ut
230 2369 315 2438 hujus
328 2365 481 2422 affluentiae
494 2365 622 2420 debitam
641 2373 752 2433 partem
766 2373 794 2418 et
807 2365 862 2435 ipsi
875 2363 1036 2436 percipiant
1059 2379 1117 2436 195.
1126 2395 1160 2406 -—

193 2448 223 2519 c)
238 2451 367 2518 insuper,
384 2445 432 2517 qui
445 2453 572 2516 praesuut
585 2445 757 2516 reipublicae,
777 2456 842 2502 sunt
860 2443 986 2499 custodes
1004 2445 1115 2502 ordinis
1135 2453 1163 2501 el

188 2529 306 2600 jurium
328 2537 384 2594 195.
398 2553 434 2564 --
447 2532 563 2594 propter
575 2525 819 2593 communitatem,
832 2540 890 2578 non
913 2533 1027 2594 propter
1050 2527 1161 2597 seipsos

191 2616 363 2677 potestatem
375 2611 476 2674 gerunt
493 2613 550 2670 195.
563 2630 598 2643 -
617 2603 645 2671 α)
662 2605 750 2676 Atqui
772 2604 883 2659 ordinis
901 2604 1020 2659 multum
1042 2605 1159 2662 interest

192 2687 268 2759 quod
278 2683 386 2754 religio,
395 2682 464 2738 boui
474 2697 576 2748 mores,
586 2683 712 2751 corporis
721 2686 809 2756 vigor,
818 2681 935 2752 familia,
943 2692 1020 2740 artes
1029 2685 1161 2752 floreant;

191 2765 266 2822 unde
278 2764 450 2833 ubicumque
471 2761 526 2815 ista
547 2759 753 2833 periclitantur,
766 2763 828 2818 sine
848 2764 1001 2833 potestatis
1014 2781 1069 2834 ope
1082 2767 1161 2822 dam·

191 2861 259 2900 num
271 2853 399 2914 captura,
413 2842 475 2896 baec
485 2839 655 2897 interveniat
668 2853 780 2913 oportet
796 2841 1161 2918 195-196.-p)Juraqui-

193 2926 268 2993 dem,
281 2921 440 2994 praesertim
462 2919 639 2976 intirmorum
652 2933 680 2977 et
693 2923 820 2993 inopum,
839 2921 988 2980 vindicare
1007 2926 1094 2982 debet
1109 2927 1166 2993 196.

97 2995 105 3014 '
195 3034 231 3044 —
255 3008 283 3057 2⁰
312 3007 520 3057 Arrurcrurun
549 3015 614 3054 mac
646 3018 801 3058 erruc11m
829 2997 864 3070 a)
894 3005 936 3060 Ut
957 3005 1163 3075 possidentium

184 3085 263 3156 juro
277 3079 369 3137 civilis
382 3087 511 3151 potestas
530 3087 652 3149 tueatur,
666 3079 693 3147 α)
707 3081 852 3136 cohibebit
874 3081 1045 3156 cupiditates
1057 3083 1163 3139 violen-

192 3177 236 3218 tas
249 3159 340 3231 plebis
351 3168 379 3213 et
392 3155 583 3212 concitatores
596 3174 745 3227 perversos
756 3181 763 3228 3
779 3161 807 3232 β)
820 3163 991 3231 medebitur,
1005 3161 1163 3232 praesertim

192 3237 393 3313 praeveniendo
406 3251 518 3304 causas,
532 3235 716 3294 incommodo
738 3243 892 3313 grassanti,
911 3241 988 3313 quod
1007 3241 1163 3298 artificibus

193 3339 227 3376 ex
239 3316 398 3389 composito
411 3331 498 3386 opere
510 3314 687 3373 solventibus
700 3323 862 3390 respublica
874 3321 980 3392 patitur
995 3322 1119 3394 196·197.
1129 3351 1163 3360 -

193 3396 410 3468 &Modestum
420 3395 559 3465 prasidio
569 3397 765 3468 muniendum,
784 3401 811 3461 ui
824 3399 964 3472 imprimis
974 3399 1003 3455 in
1013 3401 1084 3470 ipsis
1093 3402 1165 3457 dono

193 3479 287 3532 animi
297 3475 442 3544 tutabitur,
453 3473 610 3529 secuudum
622 3492 696 3547 quae,
707 3478 889 3536 inferioribus
900 3479 1009 3535 naturis
1022 3477 1165 3535 dominari

190 3556 271 3628 jussi,
284 3571 384 3611 omnes
395 3554 528 3608 homines
541 3571 624 3624 pares
635 3566 711 3625 sunt,
721 3575 842 3630 quaeque
854 3560 916 3630 ipse
929 3559 1017 3612 bomo
1031 3559 1165 3614 abdicare

194 3653 251 3692 nnn
265 3643 358 3706 potest
374 3633 499 3702 197·198.
512 3663 548 3674 -
562 3635 640 3691 Hinc
652 3636 779 3708 requiem
793 3657 845 3708 per
859 3639 922 3694 dies
935 3637 1023 3693 festos
1034 3653 1165 3694 necessa·

195 3715 265 3770 riam
278 3715 320 3768 eis
333 3711 511 3784 procurabit;
521 3728 608 3783 quem
619 3730 716 3769 rursus
729 3733 783 3772 nec
796 3716 866 3787 ipsis
879 3715 1012 3772 omittere
1024 3715 1091 3773 licet
1107 3717 1164 3786 198.

194 3824 229 3834 -
243 3792 270 3867 β)
283 3793 366 3847 Bona
377 3791 541 3862 corporalia
559 3797 588 3845 et
597 3797 715 3848 externo
732 3796 878 3864 tutabitur,
892 3791 927 3864 α’)
947 3793 1124 3864 invigilando
1137 3805 1167 3850 ut
1235 3807 1238 3816 ·

196 3876 225 3929 in
237 3873 336 3928 labore
348 3869 450 3925 virium
462 3880 491 3925 et
503 3879 665 3940 temporum
677 3873 751 3928 ratio
764 3883 892 3930 servetur
906 3874 964 3942 198.
978 3903 1014 3914 -
1030 3875 1096 3944 Quo
1108 3892 1166 3930 ma·

196 3954 239 4024 gis
251 3968 389 4008 onerosus
410 3950 492 4005 labor
510 3961 564 4019 est,
576 3967 611 4005 eo
623 3952 790 4021 productior
811 3952 848 4008 sit
866 3952 979 4024 requies
1005 3953 1062 4024 198.
1084 3984 1119 3994 —
1133 3952 1167 4030 β’)

199 4031 378 4102 Invigilando
391 4045 429 4086 ue
437 4029 527 4099 puori
541 4031 690 4100 maturius,
695 4032 815 4102 semino
832 4031 861 4087 in
875 4032 1013 4088 damnum
1027 4049 1110 4088 sexus
1124 4031 1169 4088 vel

197 4112 299 4167 domus
321 4111 470 4175 laborent3
489 4108 527 4163 ed
549 4125 613 4180 quae
636 4110 734 4165 omnia
752 4111 780 4166 in
803 4111 1000 4167 contractibus
1022 4123 1169 4183 respectus

197 4192 336 4246 habeatur
347 4197 461 4260 oportet
477 4201 534 4258 199.
548 4215 584 4227 -
596 4187 631 4264 γ’)
647 4189 827 4260 Invigilando
840 4207 877 4246 ne
883 4192 969 4261 justa
989 4190 1111 4246 orercedo
1130 4189 1169 4246 la·

197 4273 249 4325 bor
261 4267 385 4340 privetur
401 4282 458 4336 199.
481 4297 517 4308 -
531 4267 693 4338 Objicitur:
706 4270 852 4339 Mercede,
864 4270 902 4325 de
914 4286 971 4342 qua
994 4269 1085 4325 libere
1097 4268 1170 4324 inter

197 4357 293 4419 partes
306 4356 479 4402 conventum
498 4356 551 4416 est,
564 4345 674 4418 integre
693 4349 794 4417 soluta,
808 4349 888 4405 salva
904 4347 1016 4421 justitia
1035 4347 1170 4404 habenda

199 4437 252 4496 est,
265 4427 364 4498 Resp:
379 4426 444 4482 Hoc
457 4443 513 4482 nou
528 4425 639 4482 sufficit.
659 4427 761 4494 Labor,
774 4425 872 4483 divino
887 4427 1016 4484 instituto
1028 4427 1115 4484 victui
1128 4426 1169 4482 in·

1172 533 1226 584 Peg.
