3230 4874
114 354 1225 508 :2:2-

260 507 585 589 errarme
616 503 1080 588 nposrourcms.
1187 466 1214 607 {3

201 671 267 730 oa
291 668 536 730 coum-:cro
559 667 880 728 semprouun
904 667 1144 728 corruan-
1187 615 1214 758 {3

146 900 154 915 ο
1190 872 1210 909 1.*

146 923 155 939 ·
640 911 1174 927 Q-
1190 912 1215 933 Or·

1191 944 1198 960 ι

310 1071 510 1138 ΑΡΙΕΝΤΙ
543 1068 683 1135 consilio
698 1068 854 1132 decessor
881 1068 1006 1134 Noster
1021 1070 1073 1136 fel.
1095 1077 1220 1145 record.

114 1070 302 1448 {Q}
331 1180 410 1243 Pius
428 1179 479 1242 IX
495 1197 555 1261 per
569 1177 698 1240 litteras
710 1175 766 1239 die
785 1192 823 1238 12
841 1175 1012 1240 Februarii
1028 1198 1119 1242 anno
1138 1183 1221 1246 1866
1276 1145 1369 1256 slqpp

330 1284 428 1348 datas
443 1301 588 1346 eorume
602 1279 772 1345 Societate
784 1279 860 1342 Iesu
876 1279 1054 1359 sodalium,
1063 1283 1121 1366 qui
1131 1305 1221 1348 com·
1267 1307 1400 1366 scapum

116 1384 133 1420 ·⁴
332 1385 512 1450 menterios
531 1398 550 1452 t
568 1383 601 1448 la
617 1381 739 1448 civittt
760 1381 956 1451 Cattolica)
990 1385 1215 1453 conficiendos
1249 1367 1365 1472 ζξζῖξέ
1382 1461 1396 1478 ..

117 1493 332 1573 edendosque
347 1498 572 1573 susceperant,
597 1485 777 1570 collegium
794 1485 963 1568 singulare
983 1497 1160 1556 constituit
1183 1513 1224 1557 ns
1249 1485 1399 1532 “PM''

118 1593 198 1676 ipsis
209 1593 339 1676 legibus
349 1615 387 1658 ac
398 1591 579 1676 privilegiis
590 1591 711 1673 quibus
723 1599 834 1654 cetera
847 1589 1026 1656 Societatis
1037 1593 1113 1659 Iesu
1124 1596 1224 1661 colle·
1248 1545 1386 1651 lllliellsss

118 1697 174 1776 gia
190 1707 337 1763 utuntur.
353 1697 521 1779 Impertiit
539 1695 628 1758 enim
645 1694 781 1777 ingenio
803 1693 1043 1778 doctrinaeque
1058 1697 1223 1780 perhono-
1250 1663 1364 1770 slllllfx

120 1800 247 1866 rilicum
272 1801 530 1865 testimonium:
553 1798 730 1880 simulque,
753 1796 864 1862 sutura
884 1800 1100 1882 prospiciens,
1129 1801 1223 1866 illum

118 1905 323 1970 eruditorum
353 1903 528 1968 hominurn
558 1911 711 1978 coetum,
742 1902 836 1964 cuius
865 1912 1090 1985 opportunam
1124 1916 1226 1990 atque

119 2009 235 2074 utilem
251 2028 387 2092 operam
404 2007 529 2071 multos
556 2006 622 2070 iam
655 2024 762 2069 annos
789 2006 996 2088 experiendo
1011 2012 1225 2091 cognoverati

118 2112 328 2180 auctoritatis
346 2112 435 2178 Suae
450 2110 642 2176 accessione
658 2108 810 2174 stabilius
828 2108 987 2175 fundavit.
1006 2112 1094 2178 Illud
1111 2124 1224 2179 autem

119 2221 184 2284 bac
210 2218 244 2282 in
265 2238 300 2282 rc
315 2217 525 2300 propositum
554 2213 708 2279 Pontifici
736 2213 952 2296 praecipuum
983 2214 1053 2291 fuit,
1085 2228 1121 2281 ut
1148 2217 1224 2283 lecti

118 2324 297 2406 scriptores
319 2321 408 2385 vitae
424 2320 678 2401 studiorumque
705 2317 866 2382 societate
892 2317 1061 2383 coniuncti
1087 2321 1224 2385 catholi-

118 2448 194 2490 cam
223 2425 418 2508 religionem
452 2433 486 2486 et
513 2424 585 2486 iura
619 2421 717 2488 Sedis
748 2421 968 2502 Apostolicae
998 2423 1129 2506 scriptis
1156 2424 1224 2488 suis

116 2540 297 2606 tuerentur,
327 2549 388 2611 pro
418 2529 559 2592 veritate
589 2525 839 2604 contenderent,
870 2525 1067 2608 opinionum
1099 2549 1224 2593 errores

117 2635 307 2698 refutarent.
324 2631 445 2714 Neque
460 2650 539 2693 vero
555 2626 672 2692 fefellit
687 2629 961 2710 expectationem
975 2630 1107 2695 exitus:
1123 2632 1224 2715 siqui·
1256 2696 1261 2705 ,
1297 2638 1401 2684 Fructus

115 2743 194 2804 dem
220 2739 290 2801 eius
314 2735 446 2818 collegii
464 2733 597 2798 sodales
613 2733 763 2796 studium
788 2733 938 2796 veritatis
955 2743 989 2797 et
1004 2753 1153 2800 amorem
1175 2738 1224 2801 iu·
1246 2696 1307 2815 llll*
1323 2703 1402 2815 p‘prl‘oJ

114 2843 228 2908 stitiae
243 2841 420 2906 scribendo
435 2839 540 2903 secuti
557 2846 645 2914 sunt,
660 2837 827 2922 variisque
854 2837 979 2919 ingenii
996 2843 1224 2906 monumentis
1242 2817 1401 2934 fflfss„

113 2948 242 3013 clarum
258 2945 321 3011 sibi
339 2964 463 3008 nomen
480 2962 649 3027 peperere.
679 2941 751 3006 Nos
777 2941 914 3025 quidem
930 2945 1013 3007 haec
1030 2955 1224 3028 reputantes
1249 2935 1385 3052 ξζζξξῇζξ

114 3061 149 3115 et
162 3049 382 3114 adnitendum
398 3068 531 3112 summa
546 3067 611 3129 ope
624 3047 696 3123 rati,
708 3053 744 3110 ut
756 3045 942 3127 scriptores,
964 3068 1050 3130 quos
1065 3049 1224 3126 diximus,
1250 3053 1388 3098 interdie&

116 3175 184 3220 una
199 3155 379 3232 elaborare,
400 3153 553 3236 beneque
568 3153 612 3216 de
627 3151 754 3215 caussis
769 3151 908 3233 optimis
924 3155 1042 3218 mereri
1074 3174 1224 3237 perseve-
1251 3113 1403 3222 §mxu

116 3269 201 3337 rent,
229 3258 393 3324 nonnulla
422 3277 509 3341 quae
540 3256 584 3320 ad
615 3255 860 3339 perennitatem
898 3259 1225 3343 prosperitatemque
1250 3233 1312 3277 Μ’·

115 3361 249 3446 collegii
263 3362 335 3426 visa
352 3369 430 3425 sunt
446 3361 615 3438 interesse,
630 3360 811 3424 statuenda
832 3381 871 3424 ac
898 3361 1134 3444 praecipienda
1149 3383 1225 3426 cen-

117 3463 255 3530 suimus.
283 3463 452 3528 Nimirum
468 3461 520 3527 his
543 3462 664 3527 litteris
680 3461 814 3526 Nostris
830 3462 1069 3528 confirmamus
1087 3474 1227 3548 rataque

117 3588 192 3633 esse
212 3568 327 3633 omnia
350 3568 513 3644 volumus,
532 3587 618 3650 quae
634 3567 713 3630 Pius
731 3566 783 3631 IX
798 3567 862 3631 hac
889 3568 922 3632 in
946 3587 981 3631 re
997 3569 1172 3634 constituit
1193 3581 1227 3634 et

118 3671 288 3738 decrevit:
312 3671 512 3736 nominatim
538 3691 617 3735 vero
644 3669 854 3735 declaramus
877 3671 1057 3754 collegium
1088 3675 1227 3756 scripto·

120 3795 205 3852 rum,
227 3776 271 3841 de
295 3795 363 3859 quo
389 3776 521 3858 agimus
553 3776 586 3839 in
618 3784 786 3857 potestate
813 3774 1011 3840 immediata
1042 3777 1228 3862 Praepositi

120 3879 301 3946 Societatis
318 3879 406 3944 Iesu
424 3897 506 3956 esse,
518 3887 748 3962 perpetuoque
759 3875 916 3942 futurum.
932 3879 1019 3944 Item
1034 3880 1229 3965 Praeposito

121 4003 195 4048 csse
211 3983 387 4065 integrum,
403 3982 582 4065 potestatis
597 4001 677 4046 suae
693 3982 861 4045 destinare
887 3983 1058 4062 vicarium,
1080 3985 1137 4067 qui
1162 3986 1228 4050 col·

121 4087 212 4172 legio
227 4085 289 4150 rite
304 4086 438 4168 praesit,
462 4085 496 4150 in
524 4086 708 4169 primisque
723 4093 816 4150 curet
832 4095 869 4149 ut
885 4086 1062 4169 disciplina
1078 4090 1229 4173 ratioque
1277 4115 1406 4162 Raram.

123 4189 269 4254 instituti
284 4187 445 4252 inviolate
459 4197 618 4253 servetur.
636 4187 777 4252 Sodales
792 4188 826 4251 in
844 4208 884 4252 ea
899 4189 973 4272 ipsa
988 4191 1110 4254 versari
1126 4193 1230 4257 varie·
1256 4177 1408 4296 {2²:2²⁸ss

123 4301 195 4358 tate
212 4292 380 4370 materiae,
394 4311 497 4376 quam
513 4291 566 4356 vel
583 4311 602 4355 a
618 4291 782 4375 principio
799 4311 980 4378 sumpsere,
995 4294 1125 4359 collatis
1146 4297 1232 4364 inter
1256 4293 1348 4347 scribit,

124 4414 162 4460 se
176 4393 333 4469 consiliis,
349 4395 467 4460 sedulo
488 4405 629 4478 pergant
644 4419 652 4460 t
667 4394 701 4458 in
718 4394 846 4475 litteris,
862 4397 896 4461 in
917 4399 1065 4478 historia,
1081 4401 1114 4464 in
1131 4403 1231 4485 phisi-
