3336 4870
494 423 505 433 ν
523 414 541 431 '⁸¹
555 413 577 431 ’,ι
605 423 615 431 ν
644 424 647 429 ¹
679 422 691 432 ν
718 424 727 431 ι’
754 424 764 431 ν
788 424 801 433 1*
818 413 835 431 'D
856 414 873 431 ,ι
893 414 912 431 ,ιι
930 414 943 429 'a
967 413 983 431 ἰ
1003 414 1019 431 ’Δ
1050 422 1057 431 δ
1087 422 1098 431 §A
1124 424 1130 429 ι
1162 422 1169 429 ι
1198 422 1203 429 ι

1211 478 1239 515 2·-

1212 526 1219 540 0

1212 551 1234 565 Or

1212 602 1219 616 0

907 625 911 634 ¹
1212 626 1219 640 ο
1230 620 1246 641 l.

1211 646 1239 669 '-

310 723 359 784 ad
380 723 716 797 archiepiscopum
743 725 1076 784 Mediolanensem.

250 885 316 946 oa
347 884 652 946 osumaurm
688 883 871 944 namra
907 883 1137 946 uacuaro

285 1042 440 1105 «poss
463 1041 691 1103 nemun>
717 1039 1106 1104 pnoposrrrouss

366 1198 711 1261 nosnmmuss
745 1199 1023 1260 brunnum.
1210 1146 1237 1185 ²'

1229 842 1234 858 i

1232 868 1239 879 e

1234 944 1238 951 ι

331 1506 525 1573 ITTERIS
541 1507 585 1570 ad
602 1515 644 1583 te,
656 1505 867 1572 Venerabilis
881 1511 1007 1591 Frater,
1018 1523 1052 1578 et
1064 1516 1107 1578 ad
1123 1516 1245 1582 Archi·
1338 1543 1352 1576 ι

134 1507 322 1822 Ἦ
348 1613 525 1695 episcopos
535 1609 779 1676 Taurinensem
789 1621 824 1676 et
833 1611 1083 1680 vercellensem
1096 1619 1244 1703 itemque
1296 1590 1392 1700 Jriiis'

134 1659 323 1882 {ww
349 1718 393 1780 ad
421 1714 610 1796 Episcopos
633 1713 883 1796 provinciarum
912 1717 1060 1797 istarum,
1077 1722 1165 1786 datis
1188 1725 1244 1790 die
1306 1802 1421 1848 pm

351 1833 390 1898 25
426 1817 571 1880 Ianuarii
602 1836 655 1882 an.
684 1819 775 1896 1882,
801 1817 903 1882 officii
934 1822 1050 1887 Nostri
1081 1826 1242 1892 duximus
1267 1816 1352 1907 mli,
1371 1861 1420 1921 φὶ,

133 1924 309 1989 vobiscum
324 1943 424 2006 agere
447 1925 491 1986 de
506 1921 708 2006 quibusdam
734 1922 981 1990 dissensionum
1007 1929 1110 1993 initiis
1133 1933 1242 2014 deque
1267 1922 1420 2038 m'jjffi

133 2029 299 2112 periculis,
314 2048 400 2112 quae
417 2029 590 2090 imminere
607 2026 805 2091 videbamus
820 2028 866 2092 ob
888 2049 1006 2110 graves
1022 2033 1094 2097 istis
1110 2035 1190 2117 ipsis
1207 2037 1239 2100 in
1266 2039 1418 2144 suffitia?

132 2134 313 2216 provinciis
328 2141 475 2208 exortas,
490 2128 685 2213 praesertim
702 2131 789 2194 inter
809 2133 1062 2214 ephemeridum
1079 2148 1239 2215 auctores,
1282 2157 1407 2204 troversia

132 2239 176 2301 de
191 2235 639 2320 philosophico-theologicis
655 2235 799 2299 Antonii
823 2237 978 2302 Rosmini
998 2241 1159 2306 doctrinis
1174 2245 1240 2308 dis·
1279 2229 1407 2328 '‘w‘'

132 2341 350 2424 ceptationes.
365 2378 409 2390 —
425 2339 659 2404 Providentiae
670 2359 837 2423 curaeque
848 2353 978 2407 vestrae
993 2363 1066 2408 esse
1081 2345 1241 2424 diximus,

131 2447 214 2510 nihil
237 2447 392 2511 omittere
418 2444 507 2528 quod
532 2445 574 2508 ad
602 2442 740 2507 modurn
763 2443 908 2527 aliquem
925 2449 1112 2512 animorum
1130 2452 1239 2515 ardori

127 2550 373 2634 imponendum
390 2547 498 2631 magis
522 2557 639 2629 aptum
660 2547 828 2611 videretur
842 2569 885 2613 ne
899 2549 1049 2615 veritatis
1072 2552 1239 2636 inquiren·

127 2654 194 2718 dae
209 2653 358 2718 studium
382 2652 416 2714 in
432 2649 671 2714 detrimentum
688 2649 846 2716 evaderet
869 2653 1018 2717 caritatis
1033 2665 1068 2718 et
1083 2655 1238 2722 iustitiae.

127 2793 172 2806 -
190 2757 278 2822 lllud
292 2757 394 2820 etiam
416 2755 633 2831 addebamus,
649 2753 753 2818 satius
769 2775 841 2819 esse
857 2767 895 2820 ut
916 2757 1073 2823 catholici
1090 2780 1236 2843 praeser·
1262 2786 1336 2845 nque
1367 2788 1414 2832 uu

126 2863 190 2928 tim
215 2861 467 2945 ephemeridum
492 2860 670 2942 scriptores
697 2859 741 2924 ab
764 2859 957 2927 huiusmodi
983 2865 1235 2947 quaestionibus
1261 2847 1413 2952 ΕΜ]

125 2968 312 3033 tractandis
342 2968 568 3030 abstinerent:
598 2974 632 3029 et
662 2966 749 3030 hanc
777 2966 901 3032 Sedem
928 2969 1164 3051 Apostolicam
1193 2973 1236 3036 de
1259 2971 1356 3025 lim*
1382 2967 1416 3010 Μ

124 3071 336 3154 gravioribus
348 3070 501 3152 negotiis,
516 3067 727 3150 potissimum
745 3089 831 3152 quae
846 3072 889 3135 ad
903 3074 1116 3138 sanctitatem
1133 3083 1235 3156 atque
1274 3029 1400 3142 rimi·

124 3176 356 3257 integritatem
383 3173 569 3238 catholicae
596 3173 745 3238 veritatis
772 3176 950 3256 pertinent,
977 3198 1038 3260 pro
1059 3178 1110 3242 sui
1134 3175 1235 3242 officii
1315 3147 1350 3194 Μ’

124 3279 259 3344 ratione
273 3277 452 3343 sollicitam
468 3276 634 3360 evigilare,
651 3297 691 3341 ea
705 3278 861 3343 adhibita
883 3281 1015 3345 consilii
1038 3283 1233 3347 maturitate

122 3383 161 3446 in
174 3403 241 3465 qua
255 3381 440 3466 quemlibet
451 3379 653 3444 catholicum
671 3381 776 3445 virum
794 3402 855 3464 par
869 3394 920 3448 est
935 3385 1179 3468 conquiescere.

172 3486 385 3569 Propositum
417 3485 553 3567 quidem
583 3483 692 3547 Nobis
719 3495 799 3558 erat,
829 3487 957 3552 iteratis
983 3487 1233 3570 quamplurium

119 3591 301 3654 doctorum
332 3590 488 3665 virorum,
518 3588 621 3652 etiam
646 3608 691 3651 ex
717 3590 837 3654 ordine
868 3589 1124 3675 Episcopomm,
1147 3591 1234 3655 votis
1290 3609 1383 3678 naum

117 3693 325 3771 satisfacere,
336 3693 394 3776 qui
408 3712 530 3772 nempe
545 3691 656 3756 enixis
672 3694 826 3774 precibus
841 3695 1061 3776 postularant,
1071 3705 1109 3762 ut
1124 3695 1233 3778 place.
1274 3671 1402 3774 imm

117 3809 172 3866 ret
189 3799 351 3864 Nobisde
367 3797 511 3863 Antonii
528 3797 683 3860 Rosmini
699 3799 832 3880 scriptis
848 3819 1051 3882 cognoscere
1066 3821 1105 3863 ac
1121 3801 1233 3864 decer·
1259 3788 1411 3910 &2⁰:152ss

117 3924 212 3969 nere.
235 3939 277 3952 --
302 3902 486 3966 Enimvero
509 3899 582 3965 Nos
608 3899 798 3965 istiusmodi
823 3923 936 3966 curam
953 3903 1233 3969 demandavimus
1272 3915 1395 4024 nyma

113 4006 262 4074 consilio
290 4004 545 4070 venerabilium
578 4003 733 4069 Fratrum
770 4005 971 4070 Nostrorum
1002 4006 1231 4072 Cardinalium
1259 4027 1410 4075 deriseram-

116 4115 154 4181 S.
173 4113 215 4178 R.
227 4119 262 4177 et
278 4111 321 4176 U.
336 4111 551 4184 inquisitioni
562 4111 845 4194 praepositorum:
858 4120 1104 4176 noruntautem
1114 4133 1232 4177 omnes
1254 4088 1411 4208 §335⁰ssss

113 4217 219 4280 huius
236 4214 483 4280 Praefecturam
502 4213 642 4281 Consilii
658 4214 701 4278 ab
714 4214 788 4297 ipso
801 4215 873 4297 geri
891 4213 1055 4279 Pontifice
1071 4215 1230 4284 maximo.
1269 4207 1397 4312 igme?

117 4321 175 4386 Illi
202 4329 316 4384 autem
332 4319 499 4384 voluntati
525 4318 780 4402 praeceptisque
796 4317 930 4382 Nostris
946 4319 1124 4402 obsequuti
1144 4329 1231 4397 sunt,
1271 4325 1394 4432 duwe

112 4429 169 4503 ea,
185 4442 286 4508 quam
303 4423 430 4507 negotii
445 4423 593 4507 gravitas
618 4421 841 4500 desiderabat,
865 4422 1043 4504 prudentia
1058 4433 1093 4488 et
1116 4423 1229 4490 iudicii
