3336 4870
423 341 494 414 208
672 361 854 414 emenone
886 350 907 378 ¹‘
925 361 1064 414 exmia
1092 362 1221 415 rueres
1241 397 1261 428 „

419 559 521 623 opera
546 539 753 622 consilioque
777 539 810 603 in
837 537 1030 603 huiusmodi
1058 539 1202 622 negotiis
1229 539 1362 618 utimur,
1381 550 1418 606 ut
1444 542 1519 608 illuc

419 644 532 709 studia
547 663 608 707 sua
622 643 806 721 conserant,
820 643 986 726 optimam
1002 642 1185 726 quaesituri
1212 642 1376 708 rationem
1400 665 1519 728 quasa
1635 685 1636 694 ÷

419 766 471 810 res
486 746 665 810 commode
688 745 817 829 riteque
841 744 951 809 valeat
975 745 1137 828 expediri.
1152 782 1196 794 —
1212 745 1285 810 Nos
1306 745 1419 830 itaque
1434 748 1519 816 lacta

419 871 496 934 spes
521 858 624 928 tenet,
639 857 672 914 et
697 858 857 914 eventura
874 848 1013 914 feliciter
1036 869 1124 934 quae
1150 850 1184 914 in
1210 849 1337 934 optatis
1360 851 1519 932 habes,et

419 975 488 1020 rem
505 972 662 1038 prospere
677 955 826 1037 sciteque
841 965 973 1037 gestam
984 953 1111 1019 fructus
1121 954 1278 1019 daturam
1294 955 1411 1022 salutis
1427 957 1518 1024 uber-

419 1059 529 1124 rimos.
547 1057 622 1122 Imo
647 1077 756 1141 neque
782 1058 843 1122 tibi
867 1056 1062 1142 populoque
1087 1057 1140 1121 cui
1166 1057 1336 1142 praesides
1356 1059 1520 1126 benefacti

314 1169 320 1180 ‘
340 1229 344 1238 ,
368 1227 373 1239 ,
418 1162 584 1227 credimus
594 1160 750 1228 delutura
764 1161 921 1246 praemia.
934 1198 978 1212 -·
990 1161 1062 1226 Eae
1074 1180 1219 1245 namque
1229 1160 1408 1244 sylvestres
1417 1165 1519 1230 tribus

282 1243 305 1332 ‚sa
331 1243 371 1332 Γ
419 1284 600 1349 earumque
621 1266 811 1349 posteritas,
827 1285 930 1349 quum
958 1285 1024 1348 ope
1047 1274 1158 1330 vestra
1184 1265 1340 1330 exuerint
1355 1265 1519 1334 feritatem

291 1362 356 1452 “af
418 1369 602 1450 pristinam,
618 1378 743 1434 etcum
771 1369 931 1454 religione
955 1388 1074 1434 omnes
1097 1371 1287 1456 acceperint
1303 1371 1519 1438 humanitatis

417 1487 514 1552 artes,
530 1475 637 1540 lacere
663 1493 730 1539 non
758 1484 916 1558 poterunt
941 1475 1022 1558 quin
1049 1475 1175 1558 gratias
1190 1474 1285 1539 vobis
1300 1475 1450 1540 habeant
1463 1477 1521 1540 im·

419 1579 586 1658 mortales,
601 1579 755 1663 tantique
771 1580 959 1644 mercedem
977 1579 1124 1644 muneris
1140 1579 1236 1644 vobis
1250 1579 1474 1662 adpreoentur
1487 1589 1519 1643 et

418 1683 598 1766 impetrent
613 1703 634 1746 a
650 1702 783 1746 summo
809 1682 975 1747 bonorum
1003 1683 1160 1765 largitore
1182 1682 1266 1748 Deo.
1284 1683 1425 1748 Interim
1452 1682 1522 1760 tibi,

418 1787 540 1850 dilecte
565 1785 638 1863 Fili,
655 1785 775 1850 nobilis
802 1795 836 1850 et
862 1786 1000 1850 illustris
1016 1786 1087 1864 Vir,
1101 1785 1309 1869 gratulamur
1333 1805 1378 1849 ex
1404 1787 1518 1852 animo

312 1916 327 1946 r
361 1901 394 1946 'i
418 1891 509 1973 quod
537 1889 690 1972 religioni
717 1889 856 1954 studens
882 1910 957 1955 eam
984 1891 1096 1954 inieris
1123 1891 1211 1954 viam
1236 1909 1323 1973 quae
1350 1891 1393 1955 ad
1409 1911 1520 1956 veram

243 1976 334 2066 aaa.
352 1975 394 2065 εἰ
419 1996 513 2060 ducit
541 1996 751 2077 solidamque
780 1993 944 2077 gloriam;
972 2015 1012 2060 ac
1042 2006 1133 2060 certa
1164 1993 1286 2060 fiducia
1316 1994 1465 2072 nitimur,
1488 2003 1521 2057 te
1635 2001 1636 2006 ’

243 2096 276 2185 ff,
302 2094 395 2186 affl·
420 2117 603 2180 numquam
633 2097 682 2161 tui
712 2097 909 2162 dissimilem
940 2098 1020 2177 fore,
1050 2107 1151 2182 teque
1180 2098 1290 2181 ipsum
1328 2106 1520 2162 constanter

241 2199 281 2244 ‘'l-
419 2203 656 2287 praestiturum
685 2201 855 2266 Ecclesiae
893 2210 963 2266 tam
1001 2203 1244 2287 obsequentem
1275 2200 1390 2278 filium,
1421 2221 1520 2286 quam

419 2317 572 2392 paratum
600 2306 642 2370 ad
668 2303 778 2370 officia
804 2307 1002 2372 adiutorem.
1018 2307 1165 2370 Demum
1193 2316 1353 2390 paternae
1375 2305 1522 2370 caritatis

419 2425 538 2480 testem
566 2411 801 2496 Apostolicam
829 2414 1097 2478 benedictionem
1123 2413 1194 2492 tibi,
1219 2413 1351 2478 duobus
1381 2411 1522 2496 publicis

419 2519 578 2585 Conciliis
594 2527 627 2582 et
644 2519 799 2582 universo
825 2518 952 2600 populo
967 2519 1020 2582 cui
1036 2537 1153 2601 praees
1168 2527 1380 2600 peramanter
1400 2518 1520 2600 imper-

419 2625 529 2688 timus.

465 2730 593 2792 Datum
622 2729 753 2793 Romae
777 2730 867 2810 apud
896 2728 930 2794 S.
948 2729 1082 2793 Petrum
1108 2729 1163 2793 die
1189 2745 1231 2810 30
1257 2728 1402 2792 Ianuarii
1433 2730 1522 2808 1889,

423 2830 637 2896 Pontificatus
656 2831 770 2896 Nostri
787 2853 877 2895 anno
894 2834 1079 2897 undecimo.

815 2987 910 3052 LEO
930 2989 990 3050 PP.
1011 2987 1131 3051 XIIIl.
