3172 4874
271 369 322 420 bu
340 367 581 419 munuscula
599 369 641 419 ru
661 367 807 420 usxrco
825 367 1065 422 ormununrt.
1122 446 1129 464 υ
1151 371 1222 444 237

114 565 188 623 can,
208 547 292 610 Paso
308 545 352 609 de
368 543 401 612 S.
416 543 515 628 Juan,
536 543 745 628 Achayucan
762 553 796 608 et
812 543 1019 611 Chinameca
1044 545 1113 628 (eui
1129 545 1224 630 oppi·
1270 547 1379 656 Ilm!

116 650 198 718 dula
225 649 375 733 Jaltipan
392 669 430 712 ac
448 647 641 714 Minatitlan
658 649 793 714 addicta
810 648 917 732 fuere)
932 650 975 716 ad
992 651 1223 736 episcopatum
1287 657 1353 718 18⁹1·

115 757 159 822 de
170 753 263 819 Vera
275 753 382 820 Cruce
398 753 501 817 modo
512 753 726 838 pertinentes,
738 773 891 838 quaeque
902 754 946 820 ab
961 755 1080 821 eodem
1097 757 1224 840 episco-

116 867 200 943 patu
221 857 417 922 eximentur
438 855 618 921 anaturali
641 855 747 922 limite
774 856 960 937 fluminum,
983 859 1078 942 queis
1102 880 1225 928 nomen

117 963 317 1049 Papolopan
344 971 378 1025 et
405 959 440 1026 S.
455 960 553 1042 Juan,
569 979 629 1026 nec
650 981 717 1026 non
734 959 820 1025 aliae
835 963 1010 1044 paroeciae
1035 963 1227 1030 Tehuante-

117 1087 190 1154 pec,
214 1066 249 1133 S.
276 1065 396 1142 Maria,
421 1062 629 1147 Chimalapa,
654 1063 817 1146 Niltepec,
846 1063 879 1130 S.
909 1064 1026 1130 Mateo
1055 1067 1110 1131 del
1143 1068 1229 1149 Mar,

118 1174 257 1257 Petapa,
284 1167 490 1248 Guichicovi,
516 1167 585 1234 San
610 1168 792 1252 Jeronimo,
817 1168 987 1251 Juchitan,
1014 1171 1229 1254 Huamelula,

117 1271 906 1366 Jalapa,Tequisistlan,Acatlan,Puxmetacan
917 1273 1230 1358 Yahuive,Lalana,

119 1382 227 1465 Playa
239 1379 409 1445 Vincente
423 1386 457 1442 et
473 1375 635 1454 Otatilan,
649 1397 734 1462 quas
749 1377 794 1443 ab
811 1377 1018 1462 Episcopatu
1030 1381 1074 1446 de
1087 1380 1229 1450 Oaxaca

117 1489 189 1554 sive
219 1486 262 1550 de
292 1481 491 1565 Anthuera
520 1481 726 1565 seiungimus
757 1491 790 1546 et
813 1481 981 1547 seiunctas
1010 1483 1228 1555 declaramus.

118 1589 232 1658 Huius
265 1605 371 1652 novae
400 1585 489 1649 sedis
523 1583 748 1670 episcopalem
786 1585 981 1650 cathedram
1021 1587 1055 1652 in
1093 1592 1230 1661 civitate
1319 1627 1322 1637 ·

117 1693 360 1773 Tehuantepec
387 1688 567 1753 fundamus
594 1699 694 1773 prout
718 1689 821 1755 etiam
849 1688 1026 1756 ecclesiam
1057 1696 1229 1777 quondam

120 1799 250 1865 Sancto
265 1793 456 1871 Dominico,
468 1793 570 1857 modo
583 1813 661 1857 vero
674 1793 798 1857 Beatae
812 1792 942 1858 Mariae
955 1794 1088 1879 Virgini
1107 1797 1231 1864 Imma-

117 1899 252 1966 culatae
268 1898 424 1974 dicatam,
439 1895 482 1960 ad
507 1895 772 1960 cathedralitatis
791 1895 954 1961 honorem
979 1907 1013 1962 et
1028 1900 1230 1983 dignitatem

119 2011 284 2090 perpetuo
311 1999 491 2064 evehimus.
508 1997 637 2065 Omnes
659 1998 761 2082 igitur
783 2008 818 2062 et
833 2000 983 2084 singulos
1000 2001 1115 2068 fideles
1131 2007 1178 2069 sic
1194 2016 1231 2072 ut

117 2103 307 2194 praefertur
317 2102 518 2166 constitutas
530 2120 634 2165 novas
650 2102 820 2166 dioeceses
835 2102 1020 2169 incolentes
1037 2107 1091 2189 (iis
1106 2109 1230 2174 solum-

119 2209 224 2278 modo
252 2206 413 2288 exceptis,
436 2207 464 2268 si
490 2205 548 2288 qui
572 2205 649 2284 sint,
671 2205 728 2288 qui
749 2204 910 2288 singulari
926 2210 1100 2290 gaudeant
1115 2233 1230 2276 exem-

119 2311 253 2398 ptione)
273 2328 431 2375 unacum
448 2309 515 2373 suis
536 2308 734 2374 circumsitis
749 2309 841 2388 locis,
861 2310 926 2394 piis
942 2312 1114 2394 institutis,
1128 2319 1229 2382 adne-

121 2417 176 2483 xis
201 2415 309 2491 rebus,
325 2414 430 2492 terris,
453 2414 587 2498 oppidis
614 2432 746 2498 unaque
762 2433 838 2478 cum
855 2415 981 2480 iuribus
998 2426 1070 2482 tum
1087 2421 1231 2488 realibus

120 2529 195 2586 tum
223 2517 453 2603 personalibus
469 2527 541 2583 tum
567 2516 684 2581 mixtis
706 2537 787 2582 suae
809 2518 929 2603 cuique
956 2521 1087 2602 noviter
1101 2535 1232 2590 erectae

120 2623 267 2692 dioecesi
294 2622 481 2687 addicimus
497 2630 532 2686 et
555 2630 719 2706 perpetuo
743 2622 936 2688 subiicimus
962 2633 996 2690 et
1020 2628 1175 2693 addictos
1197 2640 1231 2695 et

121 2726 290 2794 subiectos
321 2725 391 2789 sore
421 2725 639 2803 decernimus,
669 2726 834 2809 regendos
860 2736 894 2791 et
922 2728 1161 2811 gubernandos
1187 2734 1231 2798 ab

120 2856 238 2904 eorum
256 2834 436 2902 Ordinatio
451 2834 626 2912 Antistite,
647 2834 742 2898 cuius
764 2833 863 2898 dictis
879 2855 986 2919 prono
1002 2835 1116 2900 animo
1135 2848 1232 2904 erunt

121 2941 355 3021 obsequentes.
378 2936 487 3004 Simili
511 2937 613 3002 modo
638 2936 791 3001 iubemus
807 2938 898 3020 quod
916 2950 1144 3018 monumenta,
1160 2942 1232 3006 iura

121 3054 157 3109 et
184 3043 388 3107 documenta
414 3041 528 3106 omnia
557 3061 645 3124 quae
674 3041 817 3124 populos
848 3041 1110 3125 incorporandos
1137 3048 1232 3110 novis

119 3148 332 3216 dioecesibus
347 3147 538 3230 respiciunt,
553 3167 707 3230 quaeque
729 3147 763 3211 in
787 3149 956 3231 praesenti
972 3151 1005 3213 in
1032 3170 1232 3234 unaquaque

121 3253 319 3319 eorumdem
331 3251 475 3315 dioecesi
487 3259 708 3328 asservantur,
718 3250 797 3316 inde
809 3251 876 3314 sint
891 3261 1053 3330 extracta,
1065 3264 1098 3317 et
1114 3273 1230 3335 quam-

120 3358 267 3442 primum
285 3354 453 3440 praesecto
468 3355 623 3420 tabularii
646 3375 753 3419 novae
774 3365 903 3420 erectae
919 3355 1081 3420 dioecesis
1096 3359 1231 3421 tradan-

120 3461 239 3533 turibi
256 3480 317 3543 pro
330 3460 584 3544 opportunitate
599 3459 827 3524 custodienda
844 3459 952 3524 Novis
968 3459 1069 3543 igitur
1083 3461 1232 3544 quinque
1258 3500 1383 3560 mm,

121 3563 324 3652 supradictis
350 3564 557 3628 dioecesibus
584 3564 631 3629 ita
657 3565 774 3629 erectis
798 3575 831 3629 et
858 3565 1059 3644 constitutis,
1075 3567 1231 3650 antiquas
1257 3559 1412 3666 ww

123 3675 195 3738 sive
226 3666 502 3751 metropolitanas
531 3667 602 3730 sive
632 3666 839 3751 episcopales
866 3666 963 3730 sedes
986 3665 1231 3751 infrascriptam
1257 3679 1383 3740 amarun-

124 3771 237 3840 subire
253 3770 462 3836 decernimus
474 3771 744 3835 immutationem
758 3795 765 3835 :
781 3791 801 3833 a
818 3770 1001 3834 Mexicano
1013 3773 1232 3855 archiepisco·
1259 3745 1309 3786 Μ’

124 3885 207 3960 patu
224 3873 351 3938 scilicet
367 3874 521 3955 paroecia
541 3872 584 3936 de
611 3872 722 3937 Tasco
748 3872 781 3935 in
798 3871 887 3935 civili
903 3880 994 3936 statu
1010 3875 1053 3938 de
1069 3873 1234 3942 Guerrero

124 3979 191 4043 sita
207 3977 386 4055 eximatur,
400 3995 506 4059 eaque
522 3975 665 4040 dioecesi
690 3976 732 4040 de
757 3974 900 4058 Chilapa
915 3976 1165 4060 incorporetur;
1189 4001 1233 4045 ex

125 4081 219 4146 dicto
234 4079 371 4162 insuper
386 4078 672 4165 archiepiscopatu
688 4078 862 4162 paroeciae
881 4079 924 4142 de
945 4079 1139 4162 Jochimilio
1155 4083 1234 4148 alia·

127 4204 192 4268 que
208 4185 251 4249 de
267 4183 355 4248 Tula
370 4183 434 4248 sita
450 4183 484 4248 in
510 4192 600 4249 statu
615 4184 703 4248 civili
722 4184 765 4248 de
782 4182 934 4266 Hidalgo
949 4184 1178 4252 distrahantur
1201 4197 1236 4254 et

126 4289 237 4373 primo
267 4287 358 4352 dicta
387 4288 593 4372 episcopatui
624 4291 667 4355 de
697 4288 833 4366 Puebla,
856 4290 1005 4354 secundo
1035 4291 1125 4356 dicta
1156 4313 1235 4360 vero

127 4390 283 4475 paroecia
298 4391 505 4475 episcopatui
517 4394 559 4458 de
571 4393 783 4478 Tulancingo
795 4395 977 4477 respective
993 4396 1214 4464 adnectantur
1227 4423 1235 4482 ;
