3336 4870
479 379 529 436 DE
556 381 647 432 VITA
673 382 819 435 SANCTE
846 387 1119 442 INSTITUENDA.
1292 395 1357 464 195

248 552 335 618 tatio
350 555 394 621 sit
405 562 680 645 consuetudoque
696 563 845 646 patiendi
862 587 937 630 cum
954 567 1189 650 aspernatione
1205 572 1355 636 mollium
1384 584 1536 658 sarriens

247 667 285 722 et
299 660 517 728 delicatarum
533 665 754 750 voluptatum.
766 668 904 733 Revixit
920 671 1009 734 enim
1026 672 1128 736 homo
1145 673 1274 740 infinita
1290 674 1355 738 Dei
1424 664 1490 710 ¹⁸⁸⁸·

245 780 403 846 bonitate
428 773 462 838 in
492 791 586 852 spem
603 769 768 836 bonorum
794 773 1043 854 immortalium,
1059 779 1149 842 unde
1174 783 1356 857 exciderat,

246 887 307 950 sed
325 905 364 948 ea
379 876 538 959 consequi
554 895 620 938 non
648 886 769 959 potest,
790 877 853 940 nisi
879 877 959 960 ipsis
975 879 1099 947 Christi
1131 887 1280 970 vestigiis
1308 890 1356 953 in-

244 989 341 1072 gredi
372 992 520 1058 conetur,
549 988 583 1044 et
609 980 814 1060 cogitatione
845 984 1078 1067 exemplorum
1110 990 1181 1053 eius
1208 1003 1354 1060 mentem

246 1117 341 1162 suam
359 1109 534 1173 moresque
555 1086 751 1151 conformet.
769 1087 889 1170 Itaque
905 1109 971 1153 non
996 1093 1183 1173 consilium,
1205 1099 1264 1162 sed
1286 1100 1355 1164 offi.
1428 1112 1532 1180 prorsu-

244 1203 345 1277 cium,
360 1215 468 1279 neque
484 1211 600 1256 eorum
616 1192 806 1268 dumtaxat,
821 1195 879 1275 qui
896 1194 1074 1276 perfectius
1086 1198 1175 1263 vitae
1190 1206 1356 1285 optaverit
1381 1174 1532 1283 ‘ciiiilrinlf

244 1325 363 1389 genus,
378 1302 436 1366 sed
453 1299 554 1382 plane
568 1296 720 1360 omnium
733 1306 793 1374 est,
809 1297 1090 1382 mortificationem
1100 1301 1173 1366 Iesu
1185 1304 1220 1368 in
1232 1319 1357 1390 corpore
1382 1287 1422 1334 Ἀ
1465 1289 1534 1348 ΨΜ·

1383 1361 1423 1393 um
1434 1364 1446 1400 ,“
1486 1363 1532 1394 71011

244 1404 483 1488 circumferre(
500 1403 521 1486 ).
537 1440 581 1452 -
605 1403 684 1485 ipsa
705 1412 845 1466 naturae
870 1404 936 1480 lex,
952 1424 1038 1485 quae
1064 1407 1157 1472 iubet
1184 1409 1355 1478 hominem
1395 1407 1521 1512 tt'soeffid

244 1534 323 1580 cum
339 1512 462 1576 virtute
482 1508 602 1584 vivere,
617 1507 675 1590 qui
691 1526 787 1570 secus
799 1516 913 1588 posset
929 1507 1021 1570 salva
1034 1509 1239 1578 consistere?
1256 1513 1355 1578 Dele-
1378 1480 1453 1583 tlibi
1481 1482 1533 1572 bn-

245 1629 301 1685 tur
324 1616 415 1682 enim
446 1632 541 1677 sacro
567 1610 773 1693 baptismate
803 1620 988 1692 peccatum,
1002 1614 1092 1696 quod
1119 1625 1171 1679 est
1186 1621 1356 1684 nascendo
1382 1599 1461 1631 nsum.

245 1729 466 1793 contractum,
484 1717 542 1780 sed
562 1715 682 1798 stirpes
701 1717 863 1781 distortae
879 1737 918 1780 ac
934 1737 1065 1799 pravae,
1080 1738 1165 1800 quas
1179 1733 1354 1802 peccatum

243 1823 375 1901 insevit,
393 1840 605 1905 nequaquam
623 1819 794 1884 tolluntur.
811 1821 893 1883 Pars
908 1821 1055 1885 hominis
1067 1842 1115 1896 ea,
1132 1843 1218 1906 quae
1233 1847 1355 1910 expers
1395 1837 1534 1898 Baptismus

242 1927 383 1992 rationis
400 1933 450 1987 est
466 1923 528 1986 etsi
545 1922 774 1988 resistentibus
790 1923 994 2006 viriliterque
1009 1945 1070 2008 per
1095 1925 1182 1992 IESU
1197 1929 1355 1996 CHRISTI
1381 1897 1443 2011 iiii
1453 1905 1535 2002 Ἢ

241 2031 388 2116 gratiam
401 2027 664 2109 repugnantibus
675 2048 795 2091 nocere
807 2047 874 2091 non
885 2028 1001 2109 possit,
1013 2037 1125 2093 tamen
1137 2053 1212 2096 cum
1227 2035 1356 2098 ratione
1381 2031 1428 2062 ''⁰''
1439 2017 1537 2076 ⁸⁶⁰³*-

241 2137 287 2202 de
302 2135 443 2219 imperio
455 2142 593 2215 pugnat,
608 2152 743 2197 omnem
760 2132 863 2197 animi
889 2143 1015 2197 statum
1041 2136 1222 2216 perturbat,
1237 2137 1354 2202 volun-

242 2249 416 2322 tatemque
441 2235 617 2318 tyrannice
642 2255 661 2298 a
689 2235 813 2299 virtute
839 2236 1018 2317 detorquet
1048 2245 1144 2300 tanta
1170 2239 1212 2316 vi,
1229 2249 1265 2304 ut
1292 2261 1353 2304 nec
1415 2271 1532 2325 HM„

239 2344 325 2410 vitia
340 2341 454 2426 sugere
479 2358 540 2402 nec
564 2336 674 2401 officia
689 2348 820 2402 servata
837 2339 910 2402 sine
925 2338 1121 2420 quotidiana
1137 2341 1354 2409 dimicatione
1379 2335 1444 2376 “⁸“
1477 2331 1533 2376 Τή-

240 2445 418 2530 possimus.
435 2441 575 2506 Manere
599 2452 710 2506 autem
735 2443 770 2505 in
797 2441 972 2524 baptisatis
996 2443 1279 2524 conarpr'scentium
1302 2449 1358 2511 vel
1381 2390 1529 2496 mimmii·

231 2549 398 2632 fomitem,
413 2545 617 2610 baecsancta
631 2545 772 2627 synodus
778 2545 915 2625 fatetur
937 2567 976 2608 ac
993 2545 1101 2622 sentit,
1112 2568 1195 2628 quae
1208 2569 1294 2632 curn⁸
1307 2551 1357 2614 ad
1379 2508 1532 2614 biblii?

238 2675 376 2738 agonem
389 2652 501 2716 relicta
514 2651 568 2726 sit,
580 2671 687 2715 nocere
705 2672 767 2714 non
778 2649 1055 2728 consentientibus,
1075 2650 1356 2736 seduiriliterptr

238 2758 315 2822 Iesu
334 2754 464 2822 Christi
467 2753 619 2836 gratiam
642 2752 908 2837 repugnantibus,
924 2774 986 2817 non
1002 2752 1090 2817 valet
1101 2776 1117 2828 ‚·
1132 2753 1280 2837 quinimo
1294 2757 1356 2840 qui

236 2861 384 2946 legitime
397 2859 571 2923 certaverit
593 2857 829 2940 coronabitur(
846 2856 867 2940 ).
891 2896 935 2907 -
960 2857 1023 2922 Est
1039 2857 1072 2920 in
1089 2859 1154 2923 hoc
1170 2862 1352 2926 certamine

237 2965 365 3048 gradus
377 2962 591 3039 fortitudinis,
606 2982 675 3044 quo
693 2963 798 3026 virtus
814 2982 880 3026 non
898 2962 1071 3044 perveniat
1091 2963 1155 3025 nisi
1171 2966 1352 3042 excellens,
1386 3037 1391 3048 ·
1416 2979 1494 3026 Lucra
1515 3040 1519 3050 Ι

237 3087 356 3133 eorum
368 3067 532 3144 videlicet,
544 3067 600 3149 qui
614 3068 646 3131 in
663 3067 880 3150 profligandis
892 3065 1039 3131 motibus
1054 3087 1075 3130 a
1087 3068 1215 3132 ratione
1227 3071 1350 3134 aversis
1378 3053 1531 3152 bramis

235 3191 281 3235 eo
296 3191 402 3254 usque
425 3170 647 3251 profecerunt,
671 3179 708 3234 ut
725 3169 902 3234 caelestem
935 3171 969 3233 in
997 3170 1092 3233 terris
1118 3170 1222 3235 vitam
1250 3193 1350 3256 agere
1377 3171 1486 3263 3ξῇξῇΐὶ
1501 3160 1529 3204 ‘⁸

235 3275 484 3357 propemodum
510 3273 694 3339 videantur.
726 3273 820 3351 Esto,
847 3293 1030 3355 paucorum
1059 3273 1102 3336 sit
1128 3282 1224 3339 tanta
1254 3297 1349 3358 prae·
1485 3253 1492 3266 ’

235 3377 385 3442 stantia:
400 3377 469 3454 sed,
484 3377 576 3460 quod
596 3378 670 3460 ipsa
694 3375 908 3460 philosophia
932 3387 1083 3441 veterum
1114 3380 1348 3460 praecipiebat,

234 3479 385 3545 domitas
393 3481 518 3546 habere
533 3483 735 3564 cupiditates
746 3501 846 3545 nemo
858 3502 924 3545 non
939 3482 1039 3545 debet
1052 3481 1171 3562 :idque
1188 3481 1209 3544 ii
1223 3484 1348 3548 maiore

234 3583 339 3648 etiam
370 3585 491 3663 studio,
514 3585 636 3667 quibus
661 3605 769 3649 rerum
802 3584 994 3648 mortalium
1021 3583 1238 3666 quotidianus
1268 3605 1348 3648 usus

232 3687 445 3754 irritamenta
458 3689 585 3753 maiora
601 3690 814 3773 suppeditat:
832 3689 894 3752 nisi
911 3689 968 3772 qui
997 3687 1099 3752 stulte
1116 3698 1220 3770 putet,
1236 3688 1346 3752 minus

233 3811 310 3854 esse
339 3794 546 3877 vigilandum
574 3793 631 3859 ubi
658 3797 866 3878 praesentius
891 3794 1044 3858 imminet
1074 3793 1263 3871 discrimen,
1278 3802 1346 3871 aut,

231 3893 294 3974 qui
310 3897 443 3976 gravius
459 3906 645 3978 aegrotant,
660 3917 719 3960 eos
730 3898 840 3961 minus
853 3917 950 3980 egere
964 3894 1138 3959 medicina.
1149 3931 1192 3943 -
1208 3896 1242 3958 ls
1257 3914 1345 3971 vero,

234 3997 294 4079 qui
312 3997 346 4062 in
362 3999 527 4064 eiusmodi
544 4001 701 4065 conflictu
726 4000 913 4083 suscipitur,
930 3998 1024 4062 labor
1039 3998 1170 4079 magnis
1186 4017 1344 4079 compen·

234 4111 339 4179 satur,
354 4113 486 4184 praeter
500 4104 657 4169 caelestia
681 4114 783 4188 atque
799 4102 1011 4180 immortalia,
1036 4101 1153 4165 bonis:
1178 4102 1210 4164 in
1227 4102 1343 4183 primis
1398 4132 1500 4180 affl,

232 4208 328 4289 quod
353 4209 419 4274 isto
446 4211 557 4289 modo,
572 4213 688 4276 sedata
704 4208 955 4293 perturbatione
979 4208 1134 4291 partium,
1162 4208 1341 4291 plurimum
1390 4193 1495 4253 smum

234 4311 421 4376 restituitur
435 4322 576 4378 naturae
591 4315 633 4378 de
656 4315 822 4397 dignitate
838 4313 987 4395 pristina.
1006 4310 1081 4373 Hac
1097 4311 1185 4373 enim
1204 4309 1277 4392 lege
1293 4319 1344 4372 est
1407 4259 1478 4300 Μ’

268 4462 287 4493 r.
301 4449 334 4500 11.
346 4451 402 4498 Cor.
416 4462 451 4506 tv,
466 4467 500 4500 ao.
513 4479 543 4488 -
552 4468 573 4500 a
587 4455 661 4502 Cone.
672 4455 739 4502 Tn‘d.
752 4443 816 4502 sese.
828 4465 851 4508 ν,
865 4469 917 4500 een.
931 4467 953 4512 5·
