3172 4874
270 469 595 581 [urrunnu
623 498 1024 583 nncrcmcna

124 636 243 773 {nd
266 677 513 754 patriarchas,
531 677 726 754 primates,
742 676 1055 750 archiepiscopos
1077 640 1174 756 et}

94 786 370 950 iilsplscopos
384 843 583 904 universos
603 842 779 903 catholici
800 843 903 904 orbls
919 842 1078 915 gratiam
1096 847 1135 902 et
1166 810 1193 913 ’ζ

102 1009 474 1070 :communionem
496 1021 584 1068 cum
598 1009 814 1081 apostolica
830 1007 926 1070 Sede
940 1008 1132 1070 habentes.
1167 969 1193 1119 {ff

307 1175 373 1235 DE
395 1173 707 1238 CONDITIONE
728 1173 1037 1300 OPlFICUM.

96 1475 105 1495 ¹·
257 1478 266 1555 f
288 1468 429 1534 ERUM
455 1487 616 1532 novarum
642 1467 745 1532 semel
773 1469 921 1534 excitata
936 1470 1101 1551 cupidine,
1116 1489 1202 1553 quae
1265 1459 1345 1546 Μ’ἑη

307 1574 364 1638 diu
381 1573 516 1657 quidem
542 1582 733 1638 commovet
757 1573 919 1652 civitates,
934 1573 1015 1638 illud
1033 1586 1105 1640 erat
1124 1597 1201 1640 con·
1272 1557 1332 1616 ¹⁸⁹¹

255 1708 263 1737 ι.
307 1686 498 1742 secuturum
516 1685 553 1740 ut
568 1678 872 1742 commutationum
896 1679 1008 1742 studia
1031 1681 1201 1744 arationi·
1227 1675 1379 1712 exorimur.

140 1794 157 1813 ·'
178 1795 198 1815 ⁸
216 1798 231 1815 ·’
260 1798 272 1817 ··
307 1782 369 1845 bus
387 1779 559 1864 politicis'
550 1800 583 1844 rn
600 1782 892 1846 oeconomicarum
905 1793 1086 1866 cognatum
1097 1803 1202 1866 genus
1229 1775 1381 1881 cffljr'ssg]

90 1879 273 1965 aliquando
289 1885 482 1950 defluerent
493 1921 538 1934 -
554 1885 685 1948 Revera
701 1905 789 1949 nova
799 1886 1008 1950 industriae
999 1895 1202 1952 rncrementa
1230 1910 1293 1947 m

91 1989 254 2071 novisque
279 1999 395 2054 euntes
422 1989 597 2052 itineribus
621 1998 731 2052 artes:
756 1999 905 2053 mutatae
929 1992 1143 2055 dominorum
1170 2001 1205 2055 et
1229 2003 1365 2064 multiplea·

93 2094 372 2158 mercenariorum
390 2094 534 2156 rationes
563 2101 721 2156 mutuae:
738 2092 963 2157 divitiarum'
953 2114 986 2157 m
1003 2095 1128 2176 exiguo
1144 2115 1204 2160 nu·
1221 2065 1293 2176 {22⁶
1327 2078 1365 2109 ⁰⁷

93 2213 185 2259 mero
200 2195 383 2273 affluentia,
398 2196 430 2260 in
449 2195 666 2260 multitudine
692 2196 806 2278 inopia
821 2219 828 2259 :
843 2195 1001 2277 opiticum
1018 2217 1093 2260 cum
1111 2199 1154 2261 de
1169 2219 1221 2262 se·

91 2297 296 2365 confidentia
324 2302 440 2378 maior,
468 2308 540 2363 tum
568 2300 654 2362 inter
681 2319 717 2364 se
747 2299 959 2363 necessitudo
988 2302 1206 2380 coniunctior,

90 2411 265 2482 praeterea
289 2405 375 2468 versi
401 2404 435 2468 in
462 2404 630 2467 deteriora
656 2422 775 2480 mores,
790 2401 939 2478 effecere,
969 2412 1005 2467 ut
1035 2412 1205 2469 certamen

91 2515 290 2588 erumperet.
307 2508 347 2572 ln
364 2528 433 2590 quo
447 2515 577 2589 quanta
592 2525 701 2570 rerum
712 2516 885 2570 momenta
893 2516 1073 2585 vertantur,
1085 2528 1130 2571 ex
1141 2507 1205 2573 hoc

92 2599 244 2690 apparet,
265 2612 356 2694 quod
381 2611 514 2674 animos
541 2608 643 2674 habet
659 2609 726 2672 acri
742 2609 980 2692 expectatione
1004 2631 1206 2693 suspensos

92 2711 276 2796 denique
266 2715 401 2798 ingenia
432 2723 566 2778 exercet
597 2714 785 2790 doctorum,
822 2713 963 2777 concilia
993 2717 1206 2796 prudentum,
1230 2735 1349 2782 omarum-

92 2819 272 2883 conciones
297 2819 423 2903 populi,
439 2818 698 2902 legumlatorum
727 2817 897 2896 iudicium,
919 2819 1059 2884 consilia
1085 2821 1206 2902 princi·
1230 2808 1321 2902 iiim
1311 2791 1384 2898 “diei

93 2941 185 3006 pum,
201 2925 320 2988 utiam
337 2945 454 2989 caussa
482 2921 574 2986 nulla
590 2925 774 3006 reperiatur
796 2931 900 3000 tanta,
915 2943 1001 3006 quae
1018 2933 1131 2991 teneat
1146 2925 1205 2990 ho·
1231 2929 1296 2968 Μ’·

94 3024 223 3092 minum
249 3030 360 3094 studia
387 3027 628 3094 vehementius.
658 3064 702 3076 —
735 3027 864 3109 ltaque,
895 3029 1068 3110 proposita
1099 3030 1206 3094 Nobis

95 3126 267 3196 Ecclesiae
282 3153 400 3198 caussa
412 3143 446 3198 et
457 3133 565 3196 salute
577 3131 759 3208 communi,
769 3131 859 3213 quod
870 3130 952 3196 alias
964 3133 1208 3212 consuevimus,

94 3229 314 3300 Venerabiles
330 3237 474 3316 Fratres,
489 3237 578 3301 datis
605 3235 649 3299 ad
676 3254 737 3298 vos
754 3233 894 3298 Litteris
909 3236 977 3299 de
968 3235 1108 3318 imperio
1123 3236 1206 3317 poli·
1233 3281 1310 3323 m,
1320 3275 1383 3322 p„

94 3333 171 3413 tico,
195 3339 239 3402 de
254 3339 408 3405 libertate
424 3338 584 3416 humana,
608 3339 652 3402 de
678 3336 850 3402 civitatum
868 3339 1108 3402 constitutione
1123 3339 1207 3403 chri·
1232 3337 1341 3440 ΨΜ.
1357 3338 1385 3379 '⁴'

94 3437 213 3519 stiana,
237 3443 379 3527 aliisque
397 3463 465 3508 nou
481 3441 637 3508 dissimili
663 3461 796 3524 genere,
825 3461 912 3525 quae
942 3443 984 3506 ad
1016 3442 1209 3509 refutandas
1234 3393 1385 3502 'diffiniit

94 3563 292 3627 oprmonum
303 3547 453 3612 fallacias
464 3556 656 3631 opportuna
668 3545 877 3624 videbantur
889 3547 1078 3610 idemnunc
1089 3547 1210 3614 facien
1235 3511 1387 3632 iiriressqpii

95 3649 178 3714 dum
203 3650 244 3716 de
268 3653 448 3717 conditione
473 3651 623 3737 opficum
649 3652 768 3716 iisdem
784 3651 828 3714 de
843 3651 968 3714 caussis
983 3652 1152 3720 duximus.
1167 3691 1211 3704 —
1236 3639 1285 3680 ‘'¹''
1366 3639 1373 3652 ’

96 3751 212 3820 Genus
227 3756 292 3821 hoc
308 3757 500 3842 argumenti
527 3776 594 3820 non
621 3755 725 3820 semel
750 3754 817 3819 iarn
834 3775 893 3838 per
907 3756 1118 3821 occasionem
1135 3759 1212 3823 atti·

96 3859 229 3942 gimus:
253 3863 286 3926 in
312 3861 366 3926 his
391 3871 506 3927 tamen
535 3861 672 3925 Litteris
699 3868 807 3924 totam
835 3860 916 3923 data
941 3878 1044 3941 opera
1070 3871 1213 3928 tractare

97 3965 330 4044 quaestionem
347 3961 525 4048 apostolici
542 3963 688 4026 muneris
703 3960 909 4027 conscientia
932 3974 1056 4042 monet,
1071 3974 1109 4028 ut
1123 3967 1213 4049 prin·

97 4064 186 4148 cipia
216 4069 397 4145 emineant,
423 4085 566 4150 quorum
598 4085 671 4148 ope,
699 4066 748 4130 uti
778 4065 900 4129 veritas
930 4075 1033 4149 atque
1062 4071 1214 4152 aequitas

99 4171 282 4252 postulant,
298 4171 472 4236 dimicatio
487 4169 670 4233 dirimatur.
688 4167 817 4234 Caussa
832 4179 883 4234 est
898 4169 942 4233 ad
964 4171 1213 4252 expediendum

99 4271 254 4354 difficilis,
271 4297 331 4340 nec
349 4293 455 4340 vacua
481 4271 637 4356 periculo.
653 4272 810 4337 Arduum
836 4273 1000 4357 siquidem
1019 4277 1127 4342 metiri
1143 4277 1215 4341 iura
1276 4313 1338 4359 pm
1352 4324 1392 4355 a„

101 4387 135 4443 et
151 4379 271 4458 officia,
286 4381 408 4464 quibus
433 4376 620 4463 locupletes
646 4385 680 4442 et
706 4377 915 4462 proletarios,
930 4399 988 4444 eos
1013 4381 1069 4462 qui
1086 4401 1166 4459 rem,
1182 4389 1215 4444 et
1241 4374 1317 4420 ΛΜ
1360 4371 1393 4416 ⁸⁸²

162 4539 239 4587 Aera
256 4538 358 4584 Laurus
374 4535 446 4583 xlll.
1032 4535 1157 4582 lv.-12.
