3230 4874
454 676 502 736 ad
525 677 754 751 Episcopum
779 679 814 738 s.
839 677 941 736 Flori

234 851 299 910 os
318 850 507 910 ausum
531 849 751 915 eumont:
771 849 1162 914 curuoucosuu

339 1278 561 1344 EDDITAE
580 1279 661 1344 mihi
683 1289 762 1344 sunt
787 1279 919 1344 litterae
943 1279 987 1344 ab
1011 1279 1249 1363 Amplitudine
1337 1287 1369 1333 ²8

200 1386 272 1534 R
359 1382 433 1446 Tua
444 1381 500 1446 die
514 1399 554 1463 19
570 1381 774 1448 Novembris
790 1383 1023 1468 datae,quibus
1039 1392 1110 1448 erat
1126 1384 1250 1451 iniecta
1283 1346 1426 1456 Nww'

359 1485 486 1550 mentio
501 1485 631 1552 dissidii
658 1485 901 1550 sententiarum
927 1487 1018 1570 quod
1034 1505 1140 1570 nuper
1156 1491 1247 1554 exci·
1291 1505 1428 1576 cesama

357 1599 430 1653 tum
447 1597 498 1653 est
521 1589 554 1653 in
578 1587 698 1654 Galliis
730 1608 829 1672 super
854 1609 890 1652 re
915 1589 1113 1671 gravissima
1133 1591 1247 1674 ;quod
1275 1566 1378 1671 ῗξῇῗῖξ
1389 1579 1426 1670 ,¹,''

143 1693 319 1759 dissidium
333 1711 373 1756 eo
383 1691 491 1774 magis
506 1691 647 1756 abbesse
656 1699 836 1774 oporteret,
851 1711 918 1775 quo
935 1692 1043 1775 magis
1059 1695 1247 1759 necessaria
1275 1689 1300 1730 ‘⁰

142 1805 196 1862 est
207 1797 293 1862 inter
302 1796 486 1860 catholicos
495 1815 613 1860 omnes
626 1815 758 1860 summa
773 1795 986 1861 voluntatum
1003 1796 1205 1864 coniunctio.

186 1899 282 1985 Quae
300 1919 443 1964 mensae
454 1891 622 1964 sententia
637 1900 681 1964 sit
692 1899 915 1982 Apostolicae
932 1898 1030 1966 Sedis
1046 1920 1087 1964 ea
1096 1920 1196 1984 super
1206 1921 1249 1980 re,
1304 1895 1366 1952 quid
1376 1909 1425 1940 ’Μ’

140 2003 237 2068 facile
253 2003 451 2086 dignoscere
461 2011 558 2085 potes
574 2022 620 2068 ex
636 2002 790 2067 doctrina
802 2001 973 2085 explicata
995 2003 1029 2067 in
1053 2003 1137 2067 actis
1161 2024 1248 2088 quae
1273 1955 1425 2060 532szssss

143 2105 186 2170 ab
202 2106 321 2170 eadem
344 2105 507 2187 prodiere.
518 2137 562 2150 --
575 2105 672 2170 Patet
691 2125 736 2170 ex
753 2104 817 2168 illis
834 2104 1035 2170 catholicam
1052 2105 1248 2186 Ecclesiam,
1273 2073 1424 2178 gfdmpa'

137 2210 233 2275 cuius
258 2210 372 2274 diviua
397 2209 513 2272 missio
528 2218 681 2292 tempora
700 2219 733 2274 et
758 2209 832 2274 loca
863 2210 977 2274 omnia
1003 2210 1247 2292 complectitur,

141 2314 223 2378 nihil
237 2315 269 2377 in
283 2332 344 2376 sua
359 2312 601 2378 constitutione
612 2321 647 2378 et
658 2313 820 2378 doctrinis
832 2313 955 2377 habere
970 2314 1062 2396 quod
1079 2313 1123 2378 ab
1134 2314 1246 2399 aliqua
1273 2291 1423 2398 wilm,

141 2417 319 2483 abhorreat
335 2417 538 2500 reipublicae
553 2416 671 2495 forma,
686 2437 790 2502 quum
806 2414 959 2499 singulae
974 2415 1142 2499 optimum
1167 2419 1245 2483 civi·
1272 2409 1422 2528 ffiffssessjj

138 2521 219 2586 tatis
230 2530 356 2586 statum
370 2539 487 2604 parare
503 2540 542 2584 ac
552 2521 637 2586 tueri
649 2519 790 2605 possint,
801 2519 829 2584 si
841 2521 929 2584 iuste
937 2540 978 2585 ac
994 2521 1176 2603 prudenter
1187 2523 1245 2588 ad·
1272 2529 1346 2598 utica,
1365 2528 1421 2597 “1⁸1-

136 2625 325 2691 hibeantur.
341 2624 478 2692 Scilicet
497 2625 650 2690 Ecclesia
675 2643 853 2709 assurgens
869 2643 970 2707 supra
988 2623 1167 2690 mutabiles
1183 2625 1243 2692 im·
1267 2601 1421 2706 2⁰22}ss

135 2730 218 2814 perii
236 2728 360 2794 t'ormas
376 2749 415 2794 ac
425 2729 660 2795 contentiones
675 2737 710 2794 et
731 2729 844 2795 studia
864 2728 1021 2812 partium,
1035 2737 1167 2811 spectat
1182 2730 1243 2794 im·
1269 2708 1381 2754 ‘mm

132 2834 251 2917 primis
263 2832 433 2915 religionis
455 2833 664 2898 incrementa
688 2841 722 2897 et
747 2832 934 2898 animarum
960 2831 1129 2913 salutem3
1151 2834 1242 2917 quod

132 2935 260 3000 bonum
276 2955 470 3019 supremum
486 2945 547 3013 est,
561 2936 615 3000 cui
627 2936 778 3002 curando
802 2956 842 3000 ac
864 2935 1080 3018 provehendo
1093 2936 1241 3002 studium

133 3058 341 3122 operamque
357 3059 493 3104 omnem
506 3039 625 3105 sedulo
639 3041 741 3106 debet
756 3039 916 3105 conferre.

186 3141 282 3206 Haec
306 3142 457 3225 cogitans
485 3152 519 3207 et
543 3142 658 3208 animo
691 3143 868 3209 intendens
892 3141 1093 3225 Apostolica
1129 3141 1244 3220 Sedes,
1295 3166 1419 3236 ¹tutatast-

135 3247 354 3313 traditionem
380 3265 523 3328 sequens
545 3255 695 3312 aetatum
722 3247 884 3326 omnium,
908 3265 975 3310 non
1004 3247 1107 3311 modo
1132 3243 1244 3310 civiles
1270 3226 1421 3338 {322⁸}ss

138 3358 323 3433 potestates
348 3349 503 3414 observat
527 3349 612 3432 (sive
643 3351 750 3430 unius,
780 3351 850 3415 sive
876 3349 1021 3433 plurium
1038 3349 1178 3432 imperio
1194 3369 1243 3412 re·
1269 3345 1391 3392 ‘mimi

136 3462 235 3534 gatur
251 3451 461 3536 respublica),
476 3453 535 3518 sed
551 3453 653 3519 etiam
670 3475 746 3520 curn
763 3453 803 3518 iis
819 3453 888 3536 agit
905 3451 1014 3518 missis
1026 3452 1244 3538 exceptisque
1270 3405 1421 3510 mum

138 3555 267 3620 nunciis
282 3567 316 3620 et
332 3555 461 3640 legatis,
476 3566 510 3621 et
522 3557 662 3623 consilia
677 3557 807 3624 coniert
821 3559 863 3622 ad
881 3555 1097 3639 transigenda
1108 3557 1243 3640 negotia
1269 3527 1327 3569 “⁰‘'

139 3670 172 3726 et
187 3659 396 3726 definiendas
411 3661 634 3743 quaestiones,
649 3682 737 3746 quae
753 3669 886 3726 mutuas
910 3650 1057 3726 rationes
1074 3659 1244 3724 Ecclesiae

135 3774 173 3829 et
188 3764 390 3849 reipublicae
406 3764 587 3849 attingunt.
602 3801 646 3816 -
661 3764 854 3830 Perfunctio
869 3763 967 3828 huius
984 3763 1140 3843 muneris,
1151 3763 1245 3828 cuius

139 3868 329 3952 amplitudo
353 3869 520 3934 humanas
547 3889 599 3934 res
627 3868 861 3952 supereminet,
888 3866 1016 3932 nullum
1037 3865 1136 3932 insert
1151 3887 1245 3951 prae-

138 3971 299 4038 iudicium
331 3971 457 4036 iuribus
484 3991 570 4054 quae
601 3971 687 4040 iorte
717 3972 760 4036 ad
784 3970 914 4053 aliquos
930 3978 1082 4053 spectare
1097 3981 1248 4054 possunt,

136 4071 231 4139 velut
246 4075 418 4157 sapienter
434 4073 615 4139 declaravit
631 4084 769 4139 sanctae
791 4075 974 4138 memoriae
990 4072 1149 4137 Pontifex
1166 4073 1248 4139 Gre-

140 4177 255 4262 gorius
271 4176 368 4254 XVI,
384 4177 598 4240 decessorum
616 4195 750 4242 suorum
768 4173 909 4259 vestigia
921 4175 1116 4257 sequens,in
1130 4175 1250 4241 litteris

145 4278 335 4362 Apostolici
351 4278 407 4344 die
422 4295 442 4361 7
456 4277 604 4362 Augusti
619 4277 708 4344 datis
724 4297 814 4342 anno
834 4279 925 4358 1831,
953 4296 1094 4361 quarum
1116 4279 1248 4345 initium

146 4394 167 4449 t
184 4380 415 4450 Sollicitudo).
