3250 4876
206 531 386 600 emergendi,
412 530 602 588 Providentiae
627 532 763 602 parendo,
788 542 874 604 atque
894 534 932 588 ab
958 530 1037 588 omni
1057 533 1182 591 violenta

206 613 444 670 mendicatione
458 630 491 669 se
502 614 611 670 alienos
624 615 773 684 habentes,
785 615 829 670 fisi
849 615 987 672 Ecclesiae
999 615 1111 673 caritati
1124 615 1184 682 276.

207 723 248 734 —
260 695 307 750 Ad
318 695 482 766 augendum
504 696 537 751 B.
552 697 726 754 Patriarcbae
738 697 847 754 cultum
859 698 950 754 oratio
963 699 1115 769 peculiaris
1128 711 1185 754 sta-

207 777 309 846 tuitur,
322 779 435 834 Rosarii
452 780 610 836 recitationi
623 779 652 836 in
666 790 811 850 posterum
827 797 926 837 meuse
938 783 1048 838 octobri
1066 791 1187 853 quotan-

206 859 257 915 nis
268 861 452 934 adjungenda
472 863 533 929 276.
545 892 581 903 -
595 863 778 934 Indulgentia
797 863 864 920 huic
883 865 1004 920 orationi
1025 865 1186 921 adnectitur

210 942 273 1009 276.
286 973 322 985 -
335 944 561 1001 Commendatur
571 946 688 1017 insuper
699 947 791 1002 cultus
803 945 912 1003 mensis
931 946 1035 1016 martii,
1047 959 1076 1003 et
1090 947 1185 1019 impri-

211 1026 267 1081 mis
279 1025 369 1097 ipsius
381 1027 446 1084 festi
461 1029 492 1084 B.
505 1028 624 1100 Josepbi
638 1042 699 1096 277.

177 1135 228 1188 71.
243 1132 452 1191 EPISTOLA
464 1141 508 1192 ad
530 1140 626 1192 Card.
641 1141 788 1192 thbons
809 1142 1010 1204 Arohleplsc.
1028 1143 1185 1193 32111100-

136 1229 279 1272 rensem.
295 1247 330 1257 -
342 1221 391 1274 De
410 1223 606 1274 celebrando
632 1225 812 1275 centesimo
828 1236 916 1274 anno
937 1225 980 1274 ab
999 1223 1186 1276 hierarchia

22 1323 23 1328 1
136 1299 173 1350 ln
189 1302 361 1354 foederans
372 1307 534 1356 Amerina
546 1306 742 1358 civitatibus
759 1308 950 1358 constituta.
965 1331 1001 1342 -
1014 1307 1034 1358 7
1045 1310 1185 1370 saptent-

134 1384 210 1438 brts
231 1387 331 1440 1889..
1152 1389 1256 1456 ...278

250 1490 380 1547 Pontifex
391 1489 489 1548 laudat
499 1491 649 1547 consilium
662 1491 826 1548 celebrandi
836 1491 1023 1548 centesimum
1031 1509 1138 1548 annum
1148 1493 1185 1548 ab

213 1573 385 1630 Hierarchia
401 1573 508 1630 ibidem
528 1575 690 1642 constituta,
703 1585 764 1630 turn
784 1585 926 1630 conventu
949 1575 1113 1630 Baltimorae
1135 1575 1187 1630 ba·

212 1655 318 1724 hendo,
331 1665 391 1712 tum
403 1656 494 1726 lycaeo
507 1656 699 1727 Washington
711 1657 864 1712 condendo
874 1658 935 1726 278.
948 1686 984 1698 -
995 1659 1040 1713 lta
1052 1658 1137 1714 simul
1149 1659 1187 1714 de

213 1741 338 1810 peractis
350 1740 451 1810 gratiae
462 1751 591 1811 agentur,
603 1749 821 1796 monumentum
833 1741 995 1813 posteritati
1006 1742 1186 1813 profuturum

214 1835 354 1880 statuetur
363 1826 424 1893 278.
433 1855 469 1866 -
479 1827 644 1882 Gratulatur
654 1825 784 1881 Pontifex
796 1827 855 1882 zelo
865 1827 1034 1882 Antistitum
1042 1827 1185 1884 Americae

213 1906 362 1962 civitatum
374 1908 586 1977 foederatarum,
598 1925 710 1963 necnon
723 1908 867 1964 devotioni
881 1926 980 1964 eorum
993 1909 1022 1964 in
1036 1910 1064 1965 S.
1080 1911 1186 1966 Sedent

213 2001 333 2062 paterne
343 1991 421 2062 ipsos
434 1991 651 2064 complectentis
664 2005 764 2061 279.-
775 1993 912 2048 Delectos
924 1993 1000 2047 viros
1011 1993 1186 2049 solemnibus

214 2075 276 2130 istis
290 2074 473 2130 interfuturos
492 2074 614 2132 libenter
629 2074 731 2144 mittet,
741 2085 829 2131 testes
842 2073 926 2130 simul
938 2087 967 2131 et
979 2076 1186 2132 benevolentiae

215 2158 298 2214 Sedis
311 2158 452 2214 Romanae
465 2169 494 2214 et
514 2158 631 2213 unitatis
654 2157 794 2212 Ecclesiae
814 2171 874 2228 279.
888 2159 1044 2214 -Fausta
1065 2177 1186 2231 quaeque

215 2240 261 2296 bis
273 2239 436 2310 regionibus
450 2250 561 2312 optata
575 2241 701 2295 Domino
711 2254 771 2310 279.

182 2350 235 2401 72.
251 2348 490 2401 ALLOGU'rtO
502 2350 545 2401 ad
557 2351 691 2414 optttoes
701 2349 811 2401 Gallos
819 2350 965 2400 Romam
978 2352 1185 2412 peregrlnan-

143 2435 203 2484 tos.
218 2459 252 2468 -
266 2433 312 2484 De
324 2434 470 2484 remedio
490 2435 603 2485 sociali
623 2447 644 2485 a
662 2434 817 2498 religione
829 2433 979 2497 patendo.
995 2457 1030 2468 -
1043 2434 1088 2485 30
1102 2439 1185 2485 octo·

142 2514 212 2565 brts
233 2514 330 2566 1889..
1151 2513 1257 2570 ,2180

249 2615 379 2672 Pontifex
392 2616 490 2672 recolit
507 2615 625 2688 opifices
637 2615 791 2672 inchoante
809 2630 885 2669 anno
894 2613 1003 2682 jubilaei
1016 2632 1034 2670 a
1046 2631 1078 2670 se
1087 2631 1183 2686 recep-

212 2708 257 2753 tos
267 2699 328 2754 280.
341 2729 376 2740 -
391 2700 556 2769 Confirmat,
569 2700 645 2771 quod
656 2698 870 2770 peregrinantes
880 2697 997 2768 opifices
1010 2698 1065 2770 ipsi
1080 2709 1183 2756 testan·

210 2791 264 2850 tur,
277 2781 306 2837 io
319 2783 458 2854 religione
469 2800 534 2840 esse
542 2783 700 2838 remedium
712 2797 855 2836 summurn
868 2781 1063 2838 laborantibus
1077 2783 1137 2839 280.
1150 2814 1186 2825 -

210 2865 349 2922 AEthnica
366 2865 489 2924 societas
507 2866 643 2924 servitute
660 2865 782 2920 arduum
801 2863 952 2935 quaesitum
974 2865 1057 2921 solvit
1077 2867 1137 2923 281.
1150 2895 1187 2907 -

213 2947 449 3006 christianismus
470 2967 572 3005 omnes
595 2949 694 3005 fideles
715 2945 885 3016 nobilitavit,
906 2947 1057 3019 legemque
1077 2948 1183 3006 laboris

213 3033 346 3090 omnibus
368 3034 504 3105 imposuit
525 3051 637 3092 sacram
659 3033 722 3088 281.
742 3031 936 3086 -Conditor
956 3031 1101 3102 religionis
1121 3034 1182 3106 ipse

213 3133 368 3188 pauperem
392 3119 481 3174 vitam
502 3119 569 3189 egit,
589 3117 724 3173 divitibus
748 3131 848 3171 severa
871 3115 966 3170 officia
990 3114 1019 3170 iu
1044 3132 1184 3187 pauperes

214 3200 364 3271 imponens
377 3203 438 3257 281.
450 3231 486 3242 -
500 3202 619 3272 Insuper
638 3200 744 3255 sociale
756 3197 900 3254 vinculum
913 3199 1062 3253 caritatem
1075 3197 1184 3258 induxit

213 3282 272 3338 281.
285 3311 322 3323 -
336 3285 409 3339 Haec
418 3283 558 3352 doctrina,
568 3282 792 3354 inaequalitatem
805 3280 1001 3336 eonditionum
1011 3289 1182 3354 temperans,

211 3381 261 3434 per
272 3365 360 3434 longa
371 3365 477 3421 saecuta
489 3383 589 3437 pacem
604 3363 743 3421 continuit
754 3363 814 3418 281.
825 3391 860 3404 -
873 3363 1019 3418 Redeatur
1031 3364 1067 3419 ad
1081 3365 1183 3438 ipsam,

210 3449 353 3520 adjunctis
365 3451 486 3507 coetibus
499 3451 632 3522 opificum
646 3465 721 3504 novo
733 3465 826 3504 rerum
841 3447 932 3502 ordini
946 3449 1182 3520 accommodatis,

212 3533 368 3605 spirituque
392 3533 550 3590 christiano
575 3532 691 3589 imbutis
715 3533 776 3588 282.
798 3560 834 3571 -
859 3531 942 3586 Salus
964 3531 1183 3603 enharmonica

213 3617 425 3688 conspiratione
446 3619 593 3690 utriusque
610 3615 754 3683 elementi,
773 3613 942 3671 substantiae
961 3623 1047 3684 atque
1069 3614 1184 3687 laboris,

213 3701 338 3772 petenda
350 3703 410 3756 282.
424 3731 460 3742 --
476 3701 655 3769 Remedium,
668 3699 741 3755 falso
754 3700 783 3754 in
797 3697 983 3753 subversione
1003 3696 1185 3768 proprietatis

214 3783 375 3854 quaesitum,
394 3783 423 3838 in
443 3783 519 3839 fideli
540 3781 671 3839 custodia
690 3791 734 3837 est
754 3779 881 3835 omnium
900 3773 1138 3849 officiorum'283.
1151 3811 1187 3822 -

214 3865 341 3922 Virtutes
354 3865 383 3921 in
396 3867 474 3921 omni
495 3867 586 3936 gradu
606 3864 705 3920 sociali
718 3862 889 3918 necessariae
909 3871 1111 3916 enumerantur
1124 3863 1183 3933 283.

214 3978 250 3989 -
263 3949 361 4004 Sciant
373 3965 433 4004 rem
447 3947 591 4020 publicam
599 3957 730 4017 regentes
743 3943 972 4001 efficacissimum
985 3943 1146 3999 remedium
1156 3946 1186 4000 in

215 4033 304 4090 libera
325 4032 439 4088 actione
460 4032 598 4088 Ecclesiae
616 4030 750 4099 residere,
766 4029 908 4098 simulque
921 4027 950 4082 in
971 4027 1085 4083 tuendis
1098 4029 1186 4085 sacris

212 4116 324 4188 juribus
337 4131 469 4188 personas
480 4125 567 4186 atque
579 4113 695 4170 familiae
707 4111 817 4182 opificis
831 4111 892 4179 283.
904 4139 940 4150 -
961 4111 1083 4166 Munera
1095 4111 1186 4168 domi·

217 4216 319 4256 norum
340 4215 405 4270 quae
424 4199 482 4255 sint
503 4199 563 4268 283.
588 4227 624 4238 -
645 4195 772 4266 Opifices
793 4202 905 4249 servent
930 4194 1024 4249 officia
1045 4194 1187 4266 religiosa,

218 4281 385 4350 domestica,
404 4281 499 4338 civilia
518 4280 578 4347 284.
601 4308 636 4319 -
657 4277 770 4334 Recolit
789 4275 920 4332 Pontifex
939 4276 1080 4347 promissa
1101 4277 1188 4332 modo

217 4367 344 4438 ipsorum
353 4381 403 4422 ore
414 4374 533 4436 accepta
542 4364 603 4430 284.
617 4391 651 4402 -
664 4361 779 4416 Fideles
786 4369 973 4432 permaneant
984 4360 1053 4416 Sedi
1063 4362 1185 4429 Aposto-
