3172 4874
408 330 460 382 ns
477 329 716 382 couorrroun
733 329 927 384 ovrrrcuu.
1086 335 1089 344 ·
1151 332 1220 404 199

87 509 269 591 idemque
284 507 469 572 valetudini
484 508 605 590 gravis,
621 528 697 572 cum
714 508 878 573 brevitate
890 509 1051 593 temporis
1063 519 1114 574 est
1129 529 1219 574 com·
1285 527 1365 616 3311

87 612 313 696 pensandus.
338 611 431 676 Anni
454 631 590 696 quoque
624 613 832 695 dispicienda
855 623 1024 696 tempora:
1051 612 1219 696 quianon
1285 626 1352 685 1891.

86 740 173 784 raro
192 719 290 784 idem
307 739 429 802 operae
453 738 558 802 genus
577 719 645 784 alio
660 731 812 804 tempore
840 720 935 786 facile
951 730 1001 787 est
1016 723 1060 786 ad
1075 720 1219 786 toleran-

87 826 194 903 dum,
212 823 285 889 alio
300 833 359 889 aut
375 823 508 888 tolerari
525 823 616 889 nulla
633 825 763 890 ratione
778 834 900 908 potest,
927 835 986 890 aut
1001 827 1072 890 sine
1088 845 1220 890 summa

88 927 307 993 difficultate
323 947 389 992 non
407 936 529 1009 potest.
546 965 590 976 —
605 929 763 1013 Denique
778 931 868 1013 quod
885 929 993 994 iacere
1008 929 1157 1011 enitique
1171 927 1221 992 vir
1259 937 1398 1008 paravar-

88 1033 223 1098 adulta
241 1041 353 1096 aetate
375 1031 527 1114 beneque
554 1031 685 1097 validus
702 1041 823 1116 potest,
839 1033 872 1097 id
890 1054 910 1097 a
926 1033 1050 1097 semina
1076 1051 1221 1116 puerove
1246 1005 1399 1122 fflmtssf

91 1155 167 1200 non
187 1145 245 1200 est
261 1154 406 1217 aequum
420 1135 597 1216 postulare.
613 1136 725 1200 Immo
740 1137 783 1200 de
795 1137 905 1220 pueris
917 1135 1015 1200 valde
1026 1135 1222 1213 cavendum,
1247 1125 1308 1176 ’Μ
1331 1123 1398 1170 sm·

1295 1197 1304 1227 ,
1389 1209 1397 1218 .

90 1241 259 1324 ueprius
282 1237 415 1304 officina
438 1239 559 1323 capiat,
582 1259 683 1324 quam
712 1260 844 1324 corpus,
868 1241 1049 1324 ingenium,
1071 1239 1221 1304 animum
1246 1183 1398 1289 lm

92 1347 183 1412 satis
202 1344 390 1409 firmaverit
416 1354 518 1409 aetas.
545 1345 776 1428 Erumpentes
800 1344 891 1409 enim
908 1345 940 1408 in
964 1345 1106 1428 pueritia
1128 1343 1223 1421 vires,
1247 1301 1399 1415 iibriilssm

92 1450 194 1515 velut
211 1449 467 1514 herbescentem
483 1448 705 1528 viriditatem,
732 1449 873 1533 agitatio
889 1468 1015 1531 precox
1030 1448 1141 1513 elidit:
1156 1467 1223 1531 qua

91 1577 141 1620 ex
159 1575 199 1619 re
217 1554 332 1618 omnis
347 1562 399 1617 est
415 1553 584 1617 institutio
600 1554 735 1636 puerilis
746 1554 928 1642 interitura.
955 1553 1011 1619 Sic
1023 1563 1113 1617 certa
1122 1572 1222 1637 quae·

88 1659 176 1722 dam
207 1655 356 1722 artificia
384 1657 494 1721 minus
512 1668 591 1740 apte
614 1658 819 1722 conveniunt
842 1658 875 1721 in
893 1657 1033 1723 seminas
1061 1658 1104 1722 ad
1121 1675 1223 1740 opera

90 1761 296 1827 domestica
311 1770 423 1825 natas:
439 1779 527 1844 quae
539 1761 683 1844 quidem
700 1782 803 1845 opera
818 1771 853 1826 et
867 1770 1006 1826 tuentur
1021 1746 1224 1844 magnopere

92 1867 129 1932 in
149 1865 315 1931 muliebri
331 1885 453 1949 genere
477 1867 589 1943 decus,
604 1877 637 1930 et
664 1867 845 1930 liberorum
861 1865 1073 1930 institutione
1088 1883 1223 1949 prospe-

95 1971 270 2053 ritatique
293 1967 439 2033 familiae
456 1978 575 2033 natura
603 1971 817 2047 respondent.
846 1969 1012 2034 Universe
1028 1977 1140 2032 autem
1157 1977 1223 2032 sta·
1245 2023 1247 2028 .

96 2082 367 2153 tuatur,tantum
379 2091 451 2136 esse
463 2069 641 2154 opificibus
652 2073 869 2137 tribuendum
881 2074 952 2149 otii,
965 2082 1130 2156 quantum
1146 2092 1223 2136 cum

98 2179 237 2242 viribus
252 2186 489 2259 compensetur
514 2175 628 2240 labore
643 2177 855 2258 consumptis
863 2197 871 2254 ;
894 2177 973 2260 quia
1000 2175 1139 2240 detritas
1160 2193 1222 2239 usu
1247 2177 1398 2248 adrem·

98 2283 193 2345 vires
220 2280 321 2345 debet
343 2279 486 2344 cessatio
509 2280 691 2346 restituere.
716 2280 755 2343 ln
779 2280 871 2344 omni
895 2278 1109 2362 obligatione,
1136 2299 1222 2362 quae
1247 2250 1399 2341 mciii?

99 2385 257 2448 dominis
273 2392 374 2466 atque
393 2381 575 2447 artificibus
590 2383 735 2448 invicem
751 2384 977 2462 contrahatur,
991 2383 1074 2448 baec
1088 2402 1221 2464 semper
1246 2359 1365 2458 {2272}ssss

100 2495 165 2552 aut
182 2487 355 2570 adscripta
371 2495 430 2550 aut
445 2486 550 2551 tacita
564 2487 719 2551 conditio
734 2487 829 2562 inest,
853 2487 985 2570 utrique
1000 2486 1113 2568 generi
1128 2484 1220 2568 quie·
1245 2477 1339 2533 ‘'pm“-

100 2591 226 2656 scendi
242 2601 280 2655 ut
294 2599 430 2656 cautum
447 2592 506 2671 sit;
517 2610 630 2674 neque
646 2591 736 2656 euim
752 2591 931 2656 honesturn
948 2599 1035 2656 esset
1043 2588 1222 2655 convenire

101 2717 214 2775 secus,
241 2695 321 2779 quia
347 2715 409 2758 nec
436 2695 605 2779 postulare
636 2695 792 2780 cuiquam
815 2695 867 2760 fas
890 2704 950 2775 est,
972 2714 1033 2758 nec
1056 2694 1222 2778 spondere

102 2801 303 2884 neglectum
330 2797 524 2877 officiorum,
547 2819 634 2883 quac
650 2799 701 2866 vel
719 2799 796 2864 Deo
820 2799 872 2864 vel
889 2799 1089 2884 sibimetipsi
1113 2798 1221 2862 homi·

103 2923 188 2969 nem
206 2903 429 2986 obstringunt.

152 3009 243 3073 Rem
259 3006 410 3072 hocloco
425 3006 624 3090 attingimus
640 3015 692 3072 sat
709 3007 823 3090 magni
840 3008 1017 3072 momenti:
1033 3027 1120 3092 quae
1132 3015 1221 3071 recte
1247 3040 1282 3106 γι)
1303 3043 1398 3105 1„„·3·,

103 3110 317 3194 intelligatur
339 3130 474 3175 necesse
490 3120 549 3187 est,
575 3110 608 3173 in
626 3109 820 3174 alterutram
843 3119 973 3194 partem
990 3129 1033 3175 ne
1055 3119 1221 3193 peccetur.
1244 3105 1321 3225 Ἐξ
1338 3118 1398 3210 mg}

104 3215 281 3280 Videlicet
303 3215 414 3280 salarii
437 3214 595 3280 definitur
629 3214 735 3279 libero
757 3235 921 3280 consensu
947 3216 1083 3280 modus:
1106 3214 1221 3295 itaque
1246 3224 1305 3294 cette
1331 3223 1400 3270 rator

107 3321 268 3386 dominus
280 3321 336 3398 rei,
346 3329 446 3404 pacta
462 3322 616 3386 mercede
632 3320 811 3403 persoluta,
826 3321 1017 3385 liberavisse
1033 3318 1144 3396 fidem,
1161 3339 1221 3382 nec
1240 3287 1363 3343 ‘'mm''

108 3424 199 3490 ultra
214 3423 336 3490 debere
351 3424 540 3509 quidquam
558 3425 720 3492 videatur.
730 3425 827 3490 Tunc
843 3425 952 3490 solum
969 3422 1038 3488 fieri
1051 3424 1182 3500 iniuste,
1193 3422 1221 3485 si
1260 3442 1398 3490 orirerur:

108 3529 162 3593 vel
180 3530 325 3614 pretium
341 3528 499 3594 dominus
522 3528 677 3607 solidum,
700 3529 752 3592 vel
775 3529 942 3612 obligatas
963 3527 1086 3592 artifex
1101 3546 1221 3610 operas
1246 3501 1400 3631 fflm‘fflss

110 3633 250 3696 reddere
262 3641 352 3698 totas
368 3640 549 3696 recusaret:
574 3631 626 3697 his
642 3634 769 3697 caussis
786 3641 912 3698 rectum
929 3649 1002 3695 esse
1017 3638 1220 3715 potestatem
1246 3624 1400 3726 {mm

111 3735 284 3815 politicam
301 3736 515 3813 intercedere,
541 3744 579 3801 ut
595 3756 693 3800 suum
709 3736 829 3818 cuique
845 3736 896 3799 ius
913 3735 1080 3798 incolume
1094 3735 1146 3812 sit,
1163 3734 1222 3800 sed
1247 3740 1400 3850 ssatssftesrarlf

113 3847 286 3918 praeterea
301 3837 408 3902 nullis
425 3875 468 3889 -
485 3837 548 3904 Cui
565 3839 848 3922 argumentationi
859 3857 986 3921 aequus
998 3856 1107 3902 rerum
1119 3839 1223 3902 iudex
1248 3873 1280 3904 va
1296 3856 1400 3917 justitia

114 3959 181 4005 non
198 3942 304 4017 facile,
321 3961 428 4026 neque
444 3942 477 4007 in
491 3952 601 4008 totum
615 3944 825 4020 assentiatur,
836 3944 917 4026 quia
931 3963 999 4007 non
1009 3952 1060 4007 est
1070 3942 1224 4008 absoluta
1248 3917 1355 4030 ἔξω

115 4047 271 4110 omnibus
286 4048 453 4132 partibus:
470 4056 681 4112 momentum
697 4048 868 4130 quoddam
885 4047 1023 4112 rationis
1043 4049 1138 4112 abest
1154 4069 1223 4112 ma·

117 4148 202 4212 ximi
224 4151 389 4232 ponderis,
415 4151 492 4215 Hoc
516 4159 567 4216 cst
591 4151 682 4216 enirn
705 4153 845 4234 operari,
879 4170 1033 4216 exercere
1056 4172 1092 4216 se
1115 4171 1224 4218 rerum

116 4254 418 4337 comparandarum
431 4273 559 4333 caussa,
569 4274 656 4338 quae
668 4255 736 4320 sint
749 4256 791 4320 ad
803 4255 911 4320 varios
927 4255 1016 4320 vitae
1029 4257 1224 4341 usus,potis-

112 4353 307 4441 simumque
323 4359 367 4424 ad
392 4358 570 4426 tuitionem
594 4360 646 4425 sui
674 4359 887 4426 necessariae
912 4357 955 4423 In
978 4359 1095 4425 rudore
1114 4361 1226 4426 vultus
