<?xml version="1.0" encoding="UTF-8"?>
<!DOCTYPE html PUBLIC "-//W3C//DTD XHTML 1.0 Transitional//EN"
    "http://www.w3.org/TR/xhtml1/DTD/xhtml1-transitional.dtd">
<html xmlns="http://www.w3.org/1999/xhtml" xml:lang="en" lang="en">
 <head>
  <title>
</title>
<meta http-equiv="Content-Type" content="text/html;charset=utf-8" />
  <meta name='ocr-system' content='tesseract 3.04.00' />
  <meta name='ocr-capabilities' content='ocr_page ocr_carea ocr_par ocr_line ocrx_word'/>
</head>
<body>
  <div class='ocr_page' id='page_1' title='image "./sanctissimidomi03xiiigoog_0313.png"; bbox 0 0 3250 4876; ppageno 0'>
   <div class='ocr_carea' id='block_1_1' title="bbox 420 934 1105 988">
    <p class='ocr_par' dir='ltr' id='par_1_1' title="bbox 371 934 1105 988">
     <span class='ocr_line' id='line_1_1' title="bbox 420 934 1105 988; baseline 0.003 -1.866"><span class='ocrx_word' id='word_1_1' title='bbox 420 934 439 963; x_wconf 68' lang='lat'>²&#39;</span> <span class='ocrx_word' id='word_1_2' title='bbox 457 945 474 965; x_wconf 78' lang='grc'><em>”</em></span> <span class='ocrx_word' id='word_1_3' title='bbox 495 935 1074 988; x_wconf 55' lang='grc' dir='ltr'>ἪΉΜΠΕΕΜΠ</span> <span class='ocrx_word' id='word_1_4' title='bbox 1090 948 1105 963; x_wconf 66' lang='lat'>⁸</span> 
     </span>
    </p>
   </div>
   <div class='ocr_carea' id='block_1_2' title="bbox 182 1049 1481 1652">
    <p class='ocr_par' dir='ltr' id='par_1_2' title="bbox 187 1049 1481 1314">
     <span class='ocr_line' id='line_1_2' title="bbox 187 1049 1481 1156; baseline 0.006 -44"><span class='ocrx_word' id='word_1_5' title='bbox 187 1074 340 1156; x_wconf 50' lang='lat' dir='ltr'>mmm</span> <span class='ocrx_word' id='word_1_6' title='bbox 364 1051 400 1122; x_wconf 60' lang='lat' dir='ltr'>it</span> <span class='ocrx_word' id='word_1_7' title='bbox 536 1049 878 1116; x_wconf 66' lang='lat' dir='ltr'>‚EMPESTNUM</span> <span class='ocrx_word' id='word_1_8' title='bbox 901 1050 1074 1134; x_wconf 79' lang='lat' dir='ltr'>quoddam</span> <span class='ocrx_word' id='word_1_9' title='bbox 1097 1051 1255 1117; x_wconf 87' lang='lat' dir='ltr'>solatium</span> <span class='ocrx_word' id='word_1_10' title='bbox 1277 1073 1324 1118; x_wconf 86' lang='lat' dir='ltr'>ex</span> <span class='ocrx_word' id='word_1_11' title='bbox 1339 1058 1481 1120; x_wconf 84' lang='lat' dir='ltr'>remotis</span> 
     </span>
     <span class='ocr_line' id='line_1_3' title="bbox 229 1153 1479 1314; baseline 0.014 -107"><span class='ocrx_word' id='word_1_12' title='bbox 229 1162 296 1222; x_wconf 76' lang='lat'>1889.</span> <span class='ocrx_word' id='word_1_13' title='bbox 417 1159 506 1314; x_wconf 86' lang='lat' dir='ltr'>T</span> <span class='ocrx_word' id='word_1_14' title='bbox 575 1153 755 1218; x_wconf 87' lang='lat' dir='ltr'>Americae</span> <span class='ocrx_word' id='word_1_15' title='bbox 783 1154 859 1231; x_wconf 90' lang='lat' dir='ltr'>oris,</span> <span class='ocrx_word' id='word_1_16' title='bbox 883 1155 1075 1238; x_wconf 81' lang='lat' dir='ltr'>pariterque</span> <span class='ocrx_word' id='word_1_17' title='bbox 1099 1173 1144 1219; x_wconf 86' lang='lat' dir='ltr'>ex</span> <span class='ocrx_word' id='word_1_18' title='bbox 1174 1155 1342 1221; x_wconf 88' lang='lat' dir='ltr'>Helvetiis</span> <span class='ocrx_word' id='word_1_19' title='bbox 1368 1177 1479 1242; x_wconf 83' lang='lat' dir='ltr'>nuper</span> 
     </span>
    </p>

    <p class='ocr_par' dir='ltr' id='par_1_3' title="bbox 182 1117 1478 1652">
     <span class='ocr_line' id='line_1_4' title="bbox 293 1117 1478 1362; baseline 0.008 -44"><span class='ocrx_word' id='word_1_20' title='bbox 293 1322 298 1334; x_wconf 68' lang='grc'><strong>,</strong></span> <span class='ocrx_word' id='word_1_21' title='bbox 397 1117 521 1362; x_wconf 64' lang='lat' dir='ltr'>U</span> <span class='ocrx_word' id='word_1_22' title='bbox 576 1255 776 1340; x_wconf 88' lang='lat' dir='ltr'>accepimus.</span> <span class='ocrx_word' id='word_1_23' title='bbox 807 1255 909 1340; x_wconf 86' lang='lat' dir='ltr'>Quod</span> <span class='ocrx_word' id='word_1_24' title='bbox 946 1259 1036 1324; x_wconf 91' lang='lat' dir='ltr'>enim</span> <span class='ocrx_word' id='word_1_25' title='bbox 1076 1278 1281 1342; x_wconf 82' lang='lat' dir='ltr'>magnopere</span> <span class='ocrx_word' id='word_1_26' title='bbox 1315 1261 1478 1328; x_wconf 81' lang='lat' dir='ltr'>catholici</span> 
     </span>
     <span class='ocr_line' id='line_1_5' title="bbox 185 1321 1477 1452; baseline 0.004 -27"><span class='ocrx_word' id='word_1_27' title='bbox 185 1321 339 1452; x_wconf 49' lang='lat' dir='ltr'>armi}</span> <span class='ocrx_word' id='word_1_28' title='bbox 575 1359 793 1445; x_wconf 86' lang='lat' dir='ltr'>expetebant,</span> <span class='ocrx_word' id='word_1_29' title='bbox 817 1371 853 1426; x_wconf 93' lang='lat' dir='ltr'>ut</span> <span class='ocrx_word' id='word_1_30' title='bbox 875 1362 1009 1444; x_wconf 89' lang='lat' dir='ltr'>propria</span> <span class='ocrx_word' id='word_1_31' title='bbox 1031 1363 1160 1444; x_wconf 83' lang='lat' dir='ltr'>aliquot</span> <span class='ocrx_word' id='word_1_32' title='bbox 1182 1363 1247 1428; x_wconf 88' lang='lat' dir='ltr'>sibi</span> <span class='ocrx_word' id='word_1_33' title='bbox 1267 1383 1342 1428; x_wconf 88' lang='lat' dir='ltr'>esse</span> <span class='ocrx_word' id='word_1_34' title='bbox 1368 1362 1477 1449; x_wconf 84' lang='lat' dir='ltr'>Gym-</span> 
     </span>
     <span class='ocr_line' id='line_1_6' title="bbox 182 1454 1475 1550; baseline 0.004 -22"><span class='ocrx_word' id='word_1_35' title='bbox 182 1454 337 1546; x_wconf 54' lang='lat' dir='ltr'>ffiaffssj</span> <span class='ocrx_word' id='word_1_36' title='bbox 362 1467 456 1532; x_wconf 88' lang='lat' dir='ltr'>nasia</span> <span class='ocrx_word' id='word_1_37' title='bbox 467 1485 590 1550; x_wconf 88' lang='lat' dir='ltr'>magna</span> <span class='ocrx_word' id='word_1_38' title='bbox 600 1465 634 1528; x_wconf 92' lang='lat' dir='ltr'>in</span> <span class='ocrx_word' id='word_1_39' title='bbox 646 1462 869 1528; x_wconf 88' lang='lat' dir='ltr'>eruditionem</span> <span class='ocrx_word' id='word_1_40' title='bbox 883 1464 1064 1529; x_wconf 87' lang='lat' dir='ltr'>iuventutis</span> <span class='ocrx_word' id='word_1_41' title='bbox 1074 1465 1197 1544; x_wconf 91' lang='lat' dir='ltr'>liceret,</span> <span class='ocrx_word' id='word_1_42' title='bbox 1208 1466 1242 1530; x_wconf 93' lang='lat' dir='ltr'>id</span> <span class='ocrx_word' id='word_1_43' title='bbox 1253 1485 1313 1530; x_wconf 90' lang='lat' dir='ltr'>sua</span> <span class='ocrx_word' id='word_1_44' title='bbox 1324 1466 1475 1549; x_wconf 86' lang='lat' dir='ltr'>ipsorum</span> 
     </span>
     <span class='ocr_line' id='line_1_7' title="bbox 185 1559 1477 1652; baseline 0.007 -24"><span class='ocrx_word' id='word_1_45' title='bbox 185 1559 335 1628; x_wconf 58' lang='lat' dir='ltr'>‘&#39;dm“</span> <span class='ocrx_word' id='word_1_46' title='bbox 361 1570 578 1636; x_wconf 81' lang='lat' dir='ltr'>contentione</span> <span class='ocrx_word' id='word_1_47' title='bbox 602 1567 786 1633; x_wconf 86' lang='lat' dir='ltr'>novissimo</span> <span class='ocrx_word' id='word_1_48' title='bbox 816 1579 969 1652; x_wconf 89' lang='lat' dir='ltr'>tempore</span> <span class='ocrx_word' id='word_1_49' title='bbox 994 1569 1138 1634; x_wconf 85' lang='lat' dir='ltr'>assecuti</span> <span class='ocrx_word' id='word_1_50' title='bbox 1162 1579 1251 1648; x_wconf 88' lang='lat' dir='ltr'>sunt,</span> <span class='ocrx_word' id='word_1_51' title='bbox 1281 1573 1477 1638; x_wconf 87' lang='lat' dir='ltr'>constitutis</span> 
     </span>
    </p>
   </div>
   <div class='ocr_carea' id='block_1_3' title="bbox 183 1619 1475 1760">
    <p class='ocr_par' dir='ltr' id='par_1_4' title="bbox 183 1619 1475 1760">
     <span class='ocr_line' id='line_1_8' title="bbox 183 1619 1475 1760; baseline 0.004 -23"><span class='ocrx_word' id='word_1_52' title='bbox 183 1619 335 1724; x_wconf 43' lang='lat' dir='ltr'>iiiam·</span> <span class='ocrx_word' id='word_1_53' title='bbox 361 1674 608 1758; x_wconf 87' lang='lat' dir='ltr'>Washingtoni,</span> <span class='ocrx_word' id='word_1_54' title='bbox 625 1671 791 1750; x_wconf 89' lang='lat' dir='ltr'>Ottawae,</span> <span class='ocrx_word' id='word_1_55' title='bbox 808 1673 956 1758; x_wconf 83' lang='lat' dir='ltr'>itemque</span> <span class='ocrx_word' id='word_1_56' title='bbox 973 1673 1127 1756; x_wconf 88' lang='lat' dir='ltr'>Friburgi</span> <span class='ocrx_word' id='word_1_57' title='bbox 1145 1675 1309 1740; x_wconf 90' lang='lat' dir='ltr'>maiorum</span> <span class='ocrx_word' id='word_1_58' title='bbox 1326 1677 1475 1760; x_wconf 87' lang='lat' dir='ltr'>discipli·</span> 
     </span>
    </p>
   </div>
   <div class='ocr_carea' id='block_1_4' title="bbox 173 1741 1477 4348">
    <p class='ocr_par' dir='ltr' id='par_1_5' title="bbox 182 1741 1477 3210">
     <span class='ocr_line' id='line_1_9' title="bbox 182 1741 1476 1864; baseline 0.003 -23"><span class='ocrx_word' id='word_1_59' title='bbox 182 1741 222 1784; x_wconf 59' lang='grc' dir='ltr'>ω’</span> <span class='ocrx_word' id='word_1_60' title='bbox 360 1797 477 1842; x_wconf 88' lang='lat' dir='ltr'>narum</span> <span class='ocrx_word' id='word_1_61' title='bbox 494 1775 694 1842; x_wconf 88' lang='lat' dir='ltr'>domiciliis:</span> <span class='ocrx_word' id='word_1_62' title='bbox 711 1775 745 1840; x_wconf 92' lang='lat' dir='ltr'>in</span> <span class='ocrx_word' id='word_1_63' title='bbox 762 1777 884 1860; x_wconf 90' lang='lat' dir='ltr'>quibus</span> <span class='ocrx_word' id='word_1_64' title='bbox 899 1777 963 1842; x_wconf 90' lang='lat' dir='ltr'>hoc</span> <span class='ocrx_word' id='word_1_65' title='bbox 988 1778 1123 1860; x_wconf 91' lang='lat' dir='ltr'>quidem</span> <span class='ocrx_word' id='word_1_66' title='bbox 1140 1779 1374 1844; x_wconf 83' lang='lat' dir='ltr'>sanctissimae</span> <span class='ocrx_word' id='word_1_67' title='bbox 1389 1780 1476 1864; x_wconf 91' lang='lat' dir='ltr'>legis</span> 
     </span>
     <span class='ocr_line' id='line_1_10' title="bbox 359 1879 1475 1964; baseline 0.004 -20"><span class='ocrx_word' id='word_1_68' title='bbox 359 1881 464 1946; x_wconf 88' lang='lat' dir='ltr'>instar</span> <span class='ocrx_word' id='word_1_69' title='bbox 478 1881 665 1956; x_wconf 86' lang='lat' dir='ltr'>habebitur,</span> <span class='ocrx_word' id='word_1_70' title='bbox 689 1880 892 1964; x_wconf 88' lang='lat' dir='ltr'>coniungere</span> <span class='ocrx_word' id='word_1_71' title='bbox 919 1880 1187 1946; x_wconf 84' lang='lat' dir='ltr'>incolumitatem</span> <span class='ocrx_word' id='word_1_72' title='bbox 1209 1879 1286 1948; x_wconf 85' lang='lat' dir='ltr'>fidel</span> <span class='ocrx_word' id='word_1_73' title='bbox 1312 1903 1389 1948; x_wconf 91' lang='lat' dir='ltr'>cum</span> <span class='ocrx_word' id='word_1_74' title='bbox 1406 1884 1475 1948; x_wconf 88' lang='lat' dir='ltr'>ele-</span> 
     </span>
     <span class='ocr_line' id='line_1_11' title="bbox 358 1983 1474 2070; baseline 0.004 -22"><span class='ocrx_word' id='word_1_75' title='bbox 358 1985 474 2067; x_wconf 84' lang='lat' dir='ltr'>gantia</span> <span class='ocrx_word' id='word_1_76' title='bbox 505 1985 687 2058; x_wconf 86' lang='lat' dir='ltr'>doctrinae,</span> <span class='ocrx_word' id='word_1_77' title='bbox 717 2002 827 2067; x_wconf 89' lang='lat' dir='ltr'>neque</span> <span class='ocrx_word' id='word_1_78' title='bbox 855 1983 964 2048; x_wconf 88' lang='lat' dir='ltr'>minus</span> <span class='ocrx_word' id='word_1_79' title='bbox 994 1985 1037 2048; x_wconf 86' lang='lat' dir='ltr'>ad</span> <span class='ocrx_word' id='word_1_80' title='bbox 1065 1983 1272 2067; x_wconf 83' lang='lat' dir='ltr'>religionem,</span> <span class='ocrx_word' id='word_1_81' title='bbox 1293 2006 1396 2070; x_wconf 91' lang='lat' dir='ltr'>quarn</span> <span class='ocrx_word' id='word_1_82' title='bbox 1428 1989 1474 2054; x_wconf 86' lang='lat' dir='ltr'>ad</span> 
     </span>
     <span class='ocr_line' id='line_1_12' title="bbox 357 2086 1477 2175; baseline 0.004 -22"><span class='ocrx_word' id='word_1_83' title='bbox 357 2097 445 2153; x_wconf 89' lang='lat' dir='ltr'>artes</span> <span class='ocrx_word' id='word_1_84' title='bbox 471 2088 618 2172; x_wconf 89' lang='lat' dir='ltr'>optimas</span> <span class='ocrx_word' id='word_1_85' title='bbox 649 2086 830 2153; x_wconf 78' lang='lat' dir='ltr'>informare</span> <span class='ocrx_word' id='word_1_86' title='bbox 860 2086 1101 2154; x_wconf 82' lang='lat' dir='ltr'>adolescentes.</span> <span class='ocrx_word' id='word_1_87' title='bbox 1126 2086 1206 2172; x_wconf 87' lang='lat' dir='ltr'>Qua</span> <span class='ocrx_word' id='word_1_88' title='bbox 1229 2089 1273 2154; x_wconf 92' lang='lat' dir='ltr'>de</span> <span class='ocrx_word' id='word_1_89' title='bbox 1297 2111 1332 2154; x_wconf 90' lang='lat' dir='ltr'>re</span> <span class='ocrx_word' id='word_1_90' title='bbox 1366 2093 1477 2175; x_wconf 88' lang='lat' dir='ltr'>probe</span> 
     </span>
     <span class='ocr_line' id='line_1_13' title="bbox 357 2189 1473 2276; baseline 0.002 -20"><span class='ocrx_word' id='word_1_91' title='bbox 357 2191 575 2276; x_wconf 80' lang='lat' dir='ltr'>intelligimus</span> <span class='ocrx_word' id='word_1_92' title='bbox 587 2200 749 2274; x_wconf 89' lang='lat' dir='ltr'>quantam</span> <span class='ocrx_word' id='word_1_93' title='bbox 760 2190 874 2255; x_wconf 89' lang='lat' dir='ltr'>haberi</span> <span class='ocrx_word' id='word_1_94' title='bbox 887 2189 1030 2272; x_wconf 89' lang='lat' dir='ltr'>gratiam</span> <span class='ocrx_word' id='word_1_95' title='bbox 1045 2190 1208 2274; x_wconf 88' lang='lat' dir='ltr'>imprimis</span> <span class='ocrx_word' id='word_1_96' title='bbox 1222 2192 1473 2276; x_wconf 88' lang='lat' dir='ltr'>Episcoporum</span> 
     </span>
     <span class='ocr_line' id='line_1_14' title="bbox 357 2293 1474 2381; baseline 0.002 -21"><span class='ocrx_word' id='word_1_97' title='bbox 357 2296 588 2378; x_wconf 86' lang='lat' dir='ltr'>providentiae</span> <span class='ocrx_word' id='word_1_98' title='bbox 602 2305 637 2360; x_wconf 91' lang='lat' dir='ltr'>et</span> <span class='ocrx_word' id='word_1_99' title='bbox 652 2293 872 2372; x_wconf 86' lang='lat' dir='ltr'>constantiae,</span> <span class='ocrx_word' id='word_1_100' title='bbox 887 2305 960 2359; x_wconf 91' lang='lat' dir='ltr'>tum</span> <span class='ocrx_word' id='word_1_101' title='bbox 973 2293 1116 2358; x_wconf 90' lang='lat' dir='ltr'>collatae</span> <span class='ocrx_word' id='word_1_102' title='bbox 1127 2295 1333 2377; x_wconf 85' lang='lat' dir='ltr'>privatorum</span> <span class='ocrx_word' id='word_1_103' title='bbox 1346 2317 1474 2381; x_wconf 87' lang='lat' dir='ltr'>operae</span> 
     </span>
     <span class='ocr_line' id='line_1_15' title="bbox 355 2397 1473 2484; baseline 0.002 -20"><span class='ocrx_word' id='word_1_104' title='bbox 355 2410 520 2484; x_wconf 89' lang='lat' dir='ltr'>oporteat.</span> <span class='ocrx_word' id='word_1_105' title='bbox 533 2399 696 2484; x_wconf 90' lang='lat' dir='ltr'>Utrisque</span> <span class='ocrx_word' id='word_1_106' title='bbox 711 2419 772 2464; x_wconf 89' lang='lat' dir='ltr'>sua</span> <span class='ocrx_word' id='word_1_107' title='bbox 788 2397 967 2464; x_wconf 87' lang='lat' dir='ltr'>tribuenda</span> <span class='ocrx_word' id='word_1_108' title='bbox 983 2397 1055 2462; x_wconf 87' lang='lat' dir='ltr'>laus</span> <span class='ocrx_word' id='word_1_109' title='bbox 1071 2399 1173 2483; x_wconf 91' lang='lat' dir='ltr'>quod,</span> <span class='ocrx_word' id='word_1_110' title='bbox 1184 2400 1372 2466; x_wconf 90' lang='lat' dir='ltr'>coniunctis</span> <span class='ocrx_word' id='word_1_111' title='bbox 1389 2422 1473 2466; x_wconf 87' lang='lat' dir='ltr'>eon·</span> 
     </span>
     <span class='ocr_line' id='line_1_16' title="bbox 355 2498 1470 2589; baseline 0.002 -20"><span class='ocrx_word' id='word_1_112' title='bbox 355 2507 437 2570; x_wconf 86' lang='lat' dir='ltr'>siliis</span> <span class='ocrx_word' id='word_1_113' title='bbox 452 2505 648 2589; x_wconf 88' lang='lat' dir='ltr'>studiisque,</span> <span class='ocrx_word' id='word_1_114' title='bbox 664 2501 882 2568; x_wconf 88' lang='lat' dir='ltr'>memorabile</span> <span class='ocrx_word' id='word_1_115' title='bbox 897 2498 1097 2566; x_wconf 88' lang='lat' dir='ltr'>beneficium</span> <span class='ocrx_word' id='word_1_116' title='bbox 1114 2503 1312 2586; x_wconf 89' lang='lat' dir='ltr'>pepererint,</span> <span class='ocrx_word' id='word_1_117' title='bbox 1321 2523 1390 2588; x_wconf 91' lang='lat' dir='ltr'>quo</span> <span class='ocrx_word' id='word_1_118' title='bbox 1400 2527 1470 2571; x_wconf 89' lang='lat' dir='ltr'>non</span> 
     </span>
     <span class='ocr_line' id='line_1_17' title="bbox 357 2606 1470 2690; baseline 0.001 -16"><span class='ocrx_word' id='word_1_119' title='bbox 357 2609 508 2674; x_wconf 88' lang='lat' dir='ltr'>Ecclesia</span> <span class='ocrx_word' id='word_1_120' title='bbox 520 2608 638 2685; x_wconf 90' lang='lat' dir='ltr'>solum,</span> <span class='ocrx_word' id='word_1_121' title='bbox 650 2607 709 2671; x_wconf 90' lang='lat' dir='ltr'>sed</span> <span class='ocrx_word' id='word_1_122' title='bbox 721 2606 840 2670; x_wconf 87' lang='lat' dir='ltr'>civitas</span> <span class='ocrx_word' id='word_1_123' title='bbox 853 2609 977 2688; x_wconf 79' lang='lat' dir='ltr'>magna</span> <span class='ocrx_word' id='word_1_124' title='bbox 986 2625 1063 2670; x_wconf 87' lang='lat' dir='ltr'>curn</span> <span class='ocrx_word' id='word_1_125' title='bbox 1079 2606 1187 2672; x_wconf 88' lang='lat' dir='ltr'>salute</span> <span class='ocrx_word' id='word_1_126' title='bbox 1198 2626 1259 2672; x_wconf 87' lang='lat' dir='ltr'>sua</span> <span class='ocrx_word' id='word_1_127' title='bbox 1269 2609 1470 2690; x_wconf 82' lang='lat' dir='ltr'>perfruatur.</span> 
     </span>
     <span class='ocr_line' id='line_1_18' title="bbox 356 2710 1470 2796; baseline -0.002 -18"><span class='ocrx_word' id='word_1_128' title='bbox 356 2714 446 2778; x_wconf 89' lang='lat' dir='ltr'>Narn</span> <span class='ocrx_word' id='word_1_129' title='bbox 476 2711 641 2778; x_wconf 89' lang='lat' dir='ltr'>eiusmodi</span> <span class='ocrx_word' id='word_1_130' title='bbox 671 2719 868 2796; x_wconf 89' lang='lat' dir='ltr'>coeptorum</span> <span class='ocrx_word' id='word_1_131' title='bbox 899 2711 1067 2774; x_wconf 86' lang='lat' dir='ltr'>cernimus</span> <span class='ocrx_word' id='word_1_132' title='bbox 1097 2710 1220 2789; x_wconf 88' lang='lat' dir='ltr'>animo,</span> <span class='ocrx_word' id='word_1_133' title='bbox 1245 2711 1470 2777; x_wconf 90' lang='lat' dir='ltr'>Venerabiles</span> 
     </span>
     <span class='ocr_line' id='line_1_19' title="bbox 356 2813 1466 2898; baseline 0.003 -18"><span class='ocrx_word' id='word_1_134' title='bbox 356 2818 500 2894; x_wconf 85' lang='lat' dir='ltr'>Fratres,</span> <span class='ocrx_word' id='word_1_135' title='bbox 514 2816 640 2880; x_wconf 84' lang='lat' dir='ltr'>fructus</span> <span class='ocrx_word' id='word_1_136' title='bbox 657 2813 810 2880; x_wconf 83' lang='lat' dir='ltr'>futuros:</span> <span class='ocrx_word' id='word_1_137' title='bbox 836 2814 1030 2898; x_wconf 89' lang='lat' dir='ltr'>intereaque</span> <span class='ocrx_word' id='word_1_138' title='bbox 1048 2814 1120 2878; x_wconf 90' lang='lat' dir='ltr'>Nos</span> <span class='ocrx_word' id='word_1_139' title='bbox 1147 2834 1187 2878; x_wconf 90' lang='lat' dir='ltr'>ea</span> <span class='ocrx_word' id='word_1_140' title='bbox 1214 2813 1379 2897; x_wconf 89' lang='lat' dir='ltr'>cogitatio</span> <span class='ocrx_word' id='word_1_141' title='bbox 1396 2835 1466 2883; x_wconf 86' lang='lat' dir='ltr'>non</span> 
     </span>
     <span class='ocr_line' id='line_1_20' title="bbox 354 2917 1469 3002; baseline -0.001 -18"><span class='ocrx_word' id='word_1_142' title='bbox 354 2939 473 3002; x_wconf 88' lang='lat' dir='ltr'>parurn</span> <span class='ocrx_word' id='word_1_143' title='bbox 489 2928 627 2996; x_wconf 88' lang='lat' dir='ltr'>recreat,</span> <span class='ocrx_word' id='word_1_144' title='bbox 643 2917 675 2981; x_wconf 91' lang='lat' dir='ltr'>in</span> <span class='ocrx_word' id='word_1_145' title='bbox 692 2917 895 2994; x_wconf 86' lang='lat' dir='ltr'>civitatibus,</span> <span class='ocrx_word' id='word_1_146' title='bbox 910 2936 997 2999; x_wconf 90' lang='lat' dir='ltr'>quae</span> <span class='ocrx_word' id='word_1_147' title='bbox 1024 2927 1230 2982; x_wconf 88' lang='lat' dir='ltr'>memoratae</span> <span class='ocrx_word' id='word_1_148' title='bbox 1256 2931 1346 2995; x_wconf 89' lang='lat' dir='ltr'>sunt,</span> <span class='ocrx_word' id='word_1_149' title='bbox 1362 2917 1469 2983; x_wconf 91' lang='lat' dir='ltr'>libere</span> 
     </span>
     <span class='ocr_line' id='line_1_21' title="bbox 354 3020 1469 3106; baseline 0.002 -19"><span class='ocrx_word' id='word_1_150' title='bbox 354 3042 532 3106; x_wconf 88' lang='lat' dir='ltr'>properare</span> <span class='ocrx_word' id='word_1_151' title='bbox 558 3021 601 3086; x_wconf 90' lang='lat' dir='ltr'>ad</span> <span class='ocrx_word' id='word_1_152' title='bbox 629 3021 834 3086; x_wconf 86' lang='lat' dir='ltr'>incrementa</span> <span class='ocrx_word' id='word_1_153' title='bbox 860 3040 960 3103; x_wconf 88' lang='lat' dir='ltr'>posse</span> <span class='ocrx_word' id='word_1_154' title='bbox 986 3020 1190 3086; x_wconf 88' lang='lat' dir='ltr'>catholicum</span> <span class='ocrx_word' id='word_1_155' title='bbox 1207 3043 1341 3100; x_wconf 89' lang='lat' dir='ltr'>nomen,</span> <span class='ocrx_word' id='word_1_156' title='bbox 1356 3023 1469 3089; x_wconf 86' lang='lat' dir='ltr'>tutela</span> 
     </span>
     <span class='ocr_line' id='line_1_22' title="bbox 355 3123 1162 3210; baseline -0.004 -20"><span class='ocrx_word' id='word_1_157' title='bbox 355 3127 467 3210; x_wconf 89' lang='lat' dir='ltr'>legum</span> <span class='ocrx_word' id='word_1_158' title='bbox 484 3135 519 3191; x_wconf 88' lang='lat' dir='ltr'>et</span> <span class='ocrx_word' id='word_1_159' title='bbox 534 3125 710 3190; x_wconf 90' lang='lat' dir='ltr'>hominurn</span> <span class='ocrx_word' id='word_1_160' title='bbox 727 3125 900 3208; x_wconf 88' lang='lat' dir='ltr'>aequitate</span> <span class='ocrx_word' id='word_1_161' title='bbox 914 3123 1102 3190; x_wconf 80' lang='lat' dir='ltr'>defensum.</span> <span class='ocrx_word' id='word_1_162' title='bbox 1117 3161 1162 3174; x_wconf 90' lang='grc'>--</span> 
     </span>
    </p>

    <p class='ocr_par' dir='ltr' id='par_1_6' title="bbox 199 3224 1469 3314">
     <span class='ocr_line' id='line_1_23' title="bbox 199 3224 1469 3314; baseline -0.004 -16"><span class='ocrx_word' id='word_1_163' title='bbox 199 3255 330 3314; x_wconf 57' lang='lat' dir='ltr'>rarusque.</span> <span class='ocrx_word' id='word_1_164' title='bbox 401 3231 471 3295; x_wconf 90' lang='lat' dir='ltr'>lsta</span> <span class='ocrx_word' id='word_1_165' title='bbox 481 3229 617 3314; x_wconf 89' lang='lat' dir='ltr'>quidem</span> <span class='ocrx_word' id='word_1_166' title='bbox 629 3228 711 3292; x_wconf 88' lang='lat' dir='ltr'>satis</span> <span class='ocrx_word' id='word_1_167' title='bbox 727 3227 873 3293; x_wconf 89' lang='lat' dir='ltr'>iucunda</span> <span class='ocrx_word' id='word_1_168' title='bbox 882 3224 962 3292; x_wconf 82' lang='lat' dir='ltr'>foris</span> <span class='ocrx_word' id='word_1_169' title='bbox 978 3225 1183 3292; x_wconf 86' lang='lat' dir='ltr'>acerbiorem</span> <span class='ocrx_word' id='word_1_170' title='bbox 1200 3248 1335 3292; x_wconf 87' lang='lat' dir='ltr'>sensum</span> <span class='ocrx_word' id='word_1_171' title='bbox 1348 3248 1469 3294; x_wconf 85' lang='lat' dir='ltr'>carum</span> 
     </span>
    </p>

    <p class='ocr_par' dir='ltr' id='par_1_7' title="bbox 177 3315 1470 3434">
     <span class='ocr_line' id='line_1_24' title="bbox 177 3315 1470 3434; baseline -0.001 -36"><span class='ocrx_word' id='word_1_172' title='bbox 177 3315 330 3434; x_wconf 35' lang='lat' dir='ltr'>&amp;22ssss</span> <span class='ocrx_word' id='word_1_173' title='bbox 354 3354 463 3399; x_wconf 84' lang='lat' dir='ltr'>return</span> <span class='ocrx_word' id='word_1_174' title='bbox 480 3333 628 3398; x_wconf 87' lang='lat' dir='ltr'>efficiunt</span> <span class='ocrx_word' id='word_1_175' title='bbox 644 3353 730 3416; x_wconf 85' lang='lat' dir='ltr'>quae</span> <span class='ocrx_word' id='word_1_176' title='bbox 748 3341 910 3415; x_wconf 90' lang='lat' dir='ltr'>geruntur</span> <span class='ocrx_word' id='word_1_177' title='bbox 936 3331 1039 3396; x_wconf 90' lang='lat' dir='ltr'>dorni.</span> <span class='ocrx_word' id='word_1_178' title='bbox 1058 3331 1124 3396; x_wconf 91' lang='lat' dir='ltr'>Hic</span> <span class='ocrx_word' id='word_1_179' title='bbox 1149 3333 1238 3396; x_wconf 89' lang='lat' dir='ltr'>enirn</span> <span class='ocrx_word' id='word_1_180' title='bbox 1264 3331 1470 3416; x_wconf 86' lang='lat' dir='ltr'>impugnare</span> 
     </span>
    </p>

    <p class='ocr_par' dir='ltr' id='par_1_8' title="bbox 177 3433 1469 4041">
     <span class='ocr_line' id='line_1_25' title="bbox 177 3433 1469 3519; baseline -0.002 -15"><span class='ocrx_word' id='word_1_181' title='bbox 177 3433 232 3478; x_wconf 50' lang='grc' dir='ltr'>Μ’·</span> <span class='ocrx_word' id='word_1_182' title='bbox 355 3437 540 3504; x_wconf 90' lang='lat' dir='ltr'>Ecclesiam</span> <span class='ocrx_word' id='word_1_183' title='bbox 556 3436 735 3502; x_wconf 87' lang='lat' dir='ltr'>adversarii</span> <span class='ocrx_word' id='word_1_184' title='bbox 751 3455 820 3500; x_wconf 91' lang='lat' dir='ltr'>non</span> <span class='ocrx_word' id='word_1_185' title='bbox 836 3436 1023 3500; x_wconf 87' lang='lat' dir='ltr'>desistunt:</span> <span class='ocrx_word' id='word_1_186' title='bbox 1039 3435 1119 3519; x_wconf 92' lang='lat' dir='ltr'>quin</span> <span class='ocrx_word' id='word_1_187' title='bbox 1136 3438 1239 3500; x_wconf 89' lang='lat' dir='ltr'>etiam</span> <span class='ocrx_word' id='word_1_188' title='bbox 1263 3435 1469 3519; x_wconf 88' lang='lat' dir='ltr'>profitentur</span> 
     </span>
     <span class='ocr_line' id='line_1_26' title="bbox 353 3539 1466 3624; baseline -0.003 -17"><span class='ocrx_word' id='word_1_189' title='bbox 353 3541 492 3608; x_wconf 89' lang='lat' dir='ltr'>hostiles</span> <span class='ocrx_word' id='word_1_190' title='bbox 522 3541 653 3606; x_wconf 87' lang='lat' dir='ltr'>animos</span> <span class='ocrx_word' id='word_1_191' title='bbox 684 3539 835 3624; x_wconf 88' lang='lat' dir='ltr'>quotidie</span> <span class='ocrx_word' id='word_1_192' title='bbox 864 3540 1035 3618; x_wconf 86' lang='lat' dir='ltr'>audacius,</span> <span class='ocrx_word' id='word_1_193' title='bbox 1065 3539 1276 3623; x_wconf 87' lang='lat' dir='ltr'>gloriamque</span> <span class='ocrx_word' id='word_1_194' title='bbox 1305 3539 1466 3604; x_wconf 81' lang='lat' dir='ltr'>facinoris</span> 
     </span>
     <span class='ocr_line' id='line_1_27' title="bbox 354 3642 1466 3730; baseline -0.004 -17"><span class='ocrx_word' id='word_1_195' title='bbox 354 3646 441 3713; x_wconf 91' lang='lat' dir='ltr'>ultro</span> <span class='ocrx_word' id='word_1_196' title='bbox 459 3657 573 3730; x_wconf 86' lang='lat' dir='ltr'>petere</span> <span class='ocrx_word' id='word_1_197' title='bbox 599 3665 665 3709; x_wconf 92' lang='lat' dir='ltr'>non</span> <span class='ocrx_word' id='word_1_198' title='bbox 693 3653 855 3708; x_wconf 89' lang='lat' dir='ltr'>verentur.</span> <span class='ocrx_word' id='word_1_199' title='bbox 873 3642 964 3708; x_wconf 88' lang='lat' dir='ltr'>Satis</span> <span class='ocrx_word' id='word_1_200' title='bbox 992 3642 1195 3726; x_wconf 88' lang='lat' dir='ltr'>eloquuntur</span> <span class='ocrx_word' id='word_1_201' title='bbox 1221 3643 1367 3708; x_wconf 89' lang='lat' dir='ltr'>hominis</span> <span class='ocrx_word' id='word_1_202' title='bbox 1394 3665 1466 3708; x_wconf 89' lang='lat' dir='ltr'>non</span> 
     </span>
     <span class='ocr_line' id='line_1_28' title="bbox 352 3744 1465 3834; baseline -0.006 -20"><span class='ocrx_word' id='word_1_203' title='bbox 352 3749 473 3834; x_wconf 86' lang='lat' dir='ltr'>privati</span> <span class='ocrx_word' id='word_1_204' title='bbox 499 3768 606 3831; x_wconf 91' lang='lat' dir='ltr'>nuper</span> <span class='ocrx_word' id='word_1_205' title='bbox 631 3747 733 3824; x_wconf 92' lang='lat' dir='ltr'>dicta,</span> <span class='ocrx_word' id='word_1_206' title='bbox 747 3766 824 3810; x_wconf 92' lang='lat' dir='ltr'>cum</span> <span class='ocrx_word' id='word_1_207' title='bbox 842 3744 1053 3810; x_wconf 89' lang='lat' dir='ltr'>inconcione</span> <span class='ocrx_word' id='word_1_208' title='bbox 1070 3745 1245 3828; x_wconf 77' lang='lat' dir='ltr'>frequenti,</span> <span class='ocrx_word' id='word_1_209' title='bbox 1260 3747 1367 3828; x_wconf 75' lang='lat' dir='ltr'>eaque</span> <span class='ocrx_word' id='word_1_210' title='bbox 1382 3765 1465 3808; x_wconf 89' lang='lat' dir='ltr'>con·</span> 
     </span>
     <span class='ocr_line' id='line_1_29' title="bbox 352 3847 1467 3935; baseline -0.004 -18"><span class='ocrx_word' id='word_1_211' title='bbox 352 3853 442 3918; x_wconf 90' lang='lat' dir='ltr'>sulto</span> <span class='ocrx_word' id='word_1_212' title='bbox 468 3853 598 3929; x_wconf 75' lang='lat' dir='ltr'>vocatd,</span> <span class='ocrx_word' id='word_1_213' title='bbox 612 3849 694 3935; x_wconf 92' lang='lat' dir='ltr'>quid</span> <span class='ocrx_word' id='word_1_214' title='bbox 721 3859 865 3914; x_wconf 89' lang='lat' dir='ltr'>rectores</span> <span class='ocrx_word' id='word_1_215' title='bbox 893 3868 1001 3914; x_wconf 89' lang='lat' dir='ltr'>rerum</span> <span class='ocrx_word' id='word_1_216' title='bbox 1028 3848 1215 3913; x_wconf 89' lang='lat' dir='ltr'>italicarum</span> <span class='ocrx_word' id='word_1_217' title='bbox 1242 3849 1286 3911; x_wconf 92' lang='lat' dir='ltr'>de</span> <span class='ocrx_word' id='word_1_218' title='bbox 1310 3847 1467 3912; x_wconf 81' lang='lat' dir='ltr'>Ecclesia</span> 
     </span>
     <span class='ocr_line' id='line_1_30' title="bbox 352 3951 1466 4041; baseline -0.002 -19"><span class='ocrx_word' id='word_1_219' title='bbox 352 3975 558 4041; x_wconf 88' lang='lat' dir='ltr'>romanoque</span> <span class='ocrx_word' id='word_1_220' title='bbox 572 3951 771 4019; x_wconf 90' lang='lat' dir='ltr'>Pontificatu</span> <span class='ocrx_word' id='word_1_221' title='bbox 783 3953 942 4035; x_wconf 91' lang='lat' dir='ltr'>cogitent,</span> <span class='ocrx_word' id='word_1_222' title='bbox 953 3953 1034 4036; x_wconf 92' lang='lat' dir='ltr'>quid</span> <span class='ocrx_word' id='word_1_223' title='bbox 1046 3952 1159 4031; x_wconf 89' lang='lat' dir='ltr'>velint,</span> <span class='ocrx_word' id='word_1_224' title='bbox 1171 3961 1286 4035; x_wconf 90' lang='lat' dir='ltr'>aperte</span> <span class='ocrx_word' id='word_1_225' title='bbox 1295 3953 1466 4020; x_wconf 84' lang='lat' dir='ltr'>indicavit.</span> 
     </span>
    </p>

    <p class='ocr_par' dir='ltr' id='par_1_9' title="bbox 205 4056 1466 4143">
     <span class='ocr_line' id='line_1_31' title="bbox 205 4056 1466 4143; baseline -0.004 -18"><span class='ocrx_word' id='word_1_226' title='bbox 205 4094 299 4141; x_wconf 49' lang='lat' dir='ltr'>Ram,</span> <span class='ocrx_word' id='word_1_227' title='bbox 351 4098 396 4110; x_wconf 89' lang='lat'>—</span> <span class='ocrx_word' id='word_1_228' title='bbox 411 4061 531 4143; x_wconf 91' lang='lat' dir='ltr'>Neque</span> <span class='ocrx_word' id='word_1_229' title='bbox 557 4058 728 4122; x_wconf 86' lang='lat' dir='ltr'>absimiles</span> <span class='ocrx_word' id='word_1_230' title='bbox 754 4059 786 4122; x_wconf 92' lang='lat' dir='ltr'>in</span> <span class='ocrx_word' id='word_1_231' title='bbox 806 4056 908 4135; x_wconf 90' lang='lat' dir='ltr'>Urbe,</span> <span class='ocrx_word' id='word_1_232' title='bbox 936 4075 1050 4122; x_wconf 89' lang='lat' dir='ltr'>mense</span> <span class='ocrx_word' id='word_1_233' title='bbox 1077 4056 1184 4134; x_wconf 91' lang='lat' dir='ltr'>lunio,</span> <span class='ocrx_word' id='word_1_234' title='bbox 1199 4057 1335 4121; x_wconf 88' lang='lat' dir='ltr'>auditae</span> <span class='ocrx_word' id='word_1_235' title='bbox 1355 4077 1466 4138; x_wconf 87' lang='lat' dir='ltr'>voces,</span> 
     </span>
    </p>

    <p class='ocr_par' dir='ltr' id='par_1_10' title="bbox 175 4153 1464 4260">
     <span class='ocr_line' id='line_1_32' title="bbox 175 4153 1464 4260; baseline -0.001 -34"><span class='ocrx_word' id='word_1_236' title='bbox 175 4153 328 4260; x_wconf 48' lang='lat' dir='ltr'>&amp;⁸⁶²2ss</span> <span class='ocrx_word' id='word_1_237' title='bbox 352 4165 473 4246; x_wconf 92' lang='lat' dir='ltr'>quibus</span> <span class='ocrx_word' id='word_1_238' title='bbox 488 4161 606 4226; x_wconf 86' lang='lat' dir='ltr'>diebus</span> <span class='ocrx_word' id='word_1_239' title='bbox 621 4180 681 4242; x_wconf 92' lang='lat' dir='ltr'>per</span> <span class='ocrx_word' id='word_1_240' title='bbox 697 4160 872 4223; x_wconf 87' lang='lat' dir='ltr'>inusitatas</span> <span class='ocrx_word' id='word_1_241' title='bbox 884 4177 1009 4243; x_wconf 88' lang='lat' dir='ltr'>easque</span> <span class='ocrx_word' id='word_1_242' title='bbox 1024 4159 1189 4224; x_wconf 88' lang='lat' dir='ltr'>clamosas</span> <span class='ocrx_word' id='word_1_243' title='bbox 1200 4157 1464 4242; x_wconf 89' lang='lat' dir='ltr'>significationes</span> 
     </span>
    </p>

    <p class='ocr_par' dir='ltr' id='par_1_11' title="bbox 173 4245 1462 4348">
     <span class='ocr_line' id='line_1_33' title="bbox 173 4245 1462 4348; baseline 0 -19"><span class='ocrx_word' id='word_1_244' title='bbox 173 4245 228 4329; x_wconf 52' lang='grc' dir='ltr'>(ἃ.</span> <span class='ocrx_word' id='word_1_245' title='bbox 352 4287 419 4331; x_wconf 93' lang='lat' dir='ltr'>non</span> <span class='ocrx_word' id='word_1_246' title='bbox 436 4277 505 4330; x_wconf 87' lang='lat' dir='ltr'>tarn</span> <span class='ocrx_word' id='word_1_247' title='bbox 521 4263 715 4346; x_wconf 80' lang='lat' dir='ltr'>transfugae</span> <span class='ocrx_word' id='word_1_248' title='bbox 729 4263 847 4340; x_wconf 91' lang='lat' dir='ltr'>honos,</span> <span class='ocrx_word' id='word_1_249' title='bbox 858 4280 961 4345; x_wconf 92' lang='lat' dir='ltr'>quam</span> <span class='ocrx_word' id='word_1_250' title='bbox 974 4261 1146 4327; x_wconf 88' lang='lat' dir='ltr'>Ecclesiae</span> <span class='ocrx_word' id='word_1_251' title='bbox 1161 4263 1347 4346; x_wconf 88' lang='lat' dir='ltr'>ignominia</span> <span class='ocrx_word' id='word_1_252' title='bbox 1357 4284 1462 4348; x_wconf 88' lang='lat' dir='ltr'>quae-</span> 
     </span>
    </p>
   </div>
   <div class='ocr_carea' id='block_1_5' title="bbox 353 4365 1461 4450">
    <p class='ocr_par' dir='ltr' id='par_1_12' title="bbox 353 4365 1461 4450">
     <span class='ocr_line' id='line_1_34' title="bbox 353 4365 1461 4450; baseline -0.002 -17"><span class='ocrx_word' id='word_1_253' title='bbox 353 4370 496 4436; x_wconf 88' lang='lat' dir='ltr'>rebatur.</span> <span class='ocrx_word' id='word_1_254' title='bbox 511 4367 566 4430; x_wconf 90' lang='lat' dir='ltr'>Ita</span> <span class='ocrx_word' id='word_1_255' title='bbox 581 4365 679 4430; x_wconf 80' lang='lat' dir='ltr'>facile</span> <span class='ocrx_word' id='word_1_256' title='bbox 704 4375 853 4450; x_wconf 89' lang='lat' dir='ltr'>apparet,</span> <span class='ocrx_word' id='word_1_257' title='bbox 868 4365 988 4432; x_wconf 88' lang='lat' dir='ltr'>eodem</span> <span class='ocrx_word' id='word_1_258' title='bbox 1015 4365 1176 4430; x_wconf 87' lang='lat' dir='ltr'>inclinare</span> <span class='ocrx_word' id='word_1_259' title='bbox 1191 4365 1368 4450; x_wconf 89' lang='lat' dir='ltr'>utrobique</span> <span class='ocrx_word' id='word_1_260' title='bbox 1383 4387 1461 4432; x_wconf 89' lang='lat' dir='ltr'>sen·</span> 
     </span>
    </p>
   </div>
   <div class='ocr_carea' id='block_1_6' title="bbox 0 0 1630 4876">
    <p class='ocr_par' dir='ltr' id='par_1_13' title="bbox 0 0 1630 4876">
     <span class='ocr_line' id='line_1_35' title="bbox 0 0 1630 4876; baseline 0 4"><span class='ocrx_word' id='word_1_261' title='bbox 0 0 1630 4876; x_wconf 95' lang='lat' dir='ltr'> </span> 
     </span>
    </p>
   </div>
  </div>
 </body>
</html>
