3282 4876
20 7 26 292 i

398 375 466 424 100
503 373 599 423 surr.
619 370 747 423 nrosr.
771 357 791 387 “
812 369 935 421 namo.
956 367 1059 420 nuno
1082 367 1291 420 usnnnrcm
1309 367 1438 420 rnrnrs
1456 401 1475 431 „

391 545 622 628 quaestionem
639 545 819 623 adducant,
836 542 1063 627 Congregatio
1087 563 1128 608 ne
1146 543 1491 628 Augin-Benedictina

390 669 500 734 perse
516 660 549 714 ct
566 651 687 726 natura
703 669 765 714 sua
780 649 967 714 monastica
982 647 1026 713 sit
1038 667 1081 714 an
1095 647 1296 714 missionalis
1311 669 1321 728 ;
1339 649 1493 733 itemque,

391 762 502 819 utrum
518 754 562 818 ad
575 753 777 820 monasteria
787 771 920 817 summa
929 753 1106 835 potestatis
1116 752 1292 836 pertineat,
1300 753 1346 817 ob
1355 772 1490 838 eamque

391 876 543 922 caussam
557 856 705 922 debeant
716 855 781 920 iilis
794 855 968 920 missiones
984 857 1109 938 parere,
1122 876 1164 921 an
1177 876 1257 920 vero
1272 856 1315 920 sit
1332 856 1491 922 missioni-

391 963 452 1026 bus
468 962 635 1046 integrum
651 961 720 1024 suis
735 959 877 1044 propriis
893 957 1023 1044 iegibus
1040 958 1161 1038 iacere,
1175 961 1269 1026 omni
1284 960 1404 1026 solutis
1416 981 1490 1044 erga

215 1063 365 1168 ‘congrega
390 1065 446 1130 iila
462 1065 633 1149 obsequio.
647 1101 691 1115 -
715 1064 869 1129 Iamvero
893 1064 1104 1148 apertissime
1130 1075 1224 1148 patet
1251 1063 1490 1149 congregatio-

214 1137 365 1252 :imm
390 1189 467 1234 nem
483 1169 869 1254 Angio·Benedictinam
884 1179 1004 1254 suapte
1027 1177 1147 1234 natura
1164 1171 1386 1236 monasticam
1400 1189 1490 1248 esse3

210 1255 365 1354 ffiamiz‘i,
389 1285 528 1340 eatenus
543 1285 656 1339 autern
673 1273 911 1352 missionalcm,
926 1274 1006 1356 quia
1024 1283 1058 1338 et
1085 1273 1159 1338 aliis
1184 1293 1359 1338 munerum
1385 1293 1491 1339 sacro·

213 1359 365 1466 mm,
389 1399 462 1443 rum
478 1377 597 1444 officiis
612 1388 646 1442 et
662 1377 876 1442 missionibus
891 1377 1015 1462 pariter
1030 1377 1111 1443 dare
1135 1397 1273 1461 operam
1298 1378 1492 1442 consuevit:

208 1487 364 1596 {mes
389 1504 517 1566 exque
542 1502 649 1566 aeque
676 1491 770 1566 patet
790 1482 913 1547 debere
940 1479 1116 1547 missiones
1132 1483 1354 1561 monasteriis,
1371 1503 1492 1567 nequa-

389 1605 490 1670 quam
503 1586 586 1650 haec
602 1584 676 1663 illis,
691 1605 815 1668 parere
844 1584 884 1649 Id
900 1583 1027 1669 quippe
1042 1583 1182 1650 omnino
1206 1585 1363 1668 exposcit
1389 1579 1492 1670 ipsius

387 1689 474 1755 ratio
497 1697 531 1770 et
557 1707 675 1753 caussa
691 1688 980 1772 Congregationis,
994 1690 1193 1755 concinente
1219 1688 1333 1772 palam
1352 1689 1492 1758 historia

212 1797 364 1904 0723„qu
387 1801 483 1858 teste.
499 1791 545 1856 Et
560 1791 634 1875 ipsa
649 1794 748 1868 enim,
760 1802 798 1858 ut
813 1793 898 1859 alius
914 1795 1023 1878 quivis
1039 1793 1270 1876 religiosorum
1294 1793 1400 1874 Ordo,
1425 1796 1492 1860 duo

212 1915 363 1976 dupziciele·
387 1897 564 1979 quaedam,
585 1896 726 1964 alterum
757 1897 801 1963 ab
830 1899 936 1964 altero
961 1897 1160 1964 distinctum
1187 1909 1362 1983 tamquam
1402 1898 1494 1974 fines,

210 1980 365 2094 {wrm}
387 2010 517 2085 spectat
533 2009 567 2065 et
582 2002 746 2086 sequitur:
762 2003 917 2086 primum,
939 2013 975 2066 ut
995 2001 1151 2068 alumnos
1167 2004 1209 2068 ad
1231 2023 1367 2068 omnem
1389 2003 1494 2069 animi

211 2094 359 2200 {imm
388 2105 645 2171 sanctimoniam
670 2107 885 2173 consiliorum
919 2106 1188 2190 evangelicorum
1215 2108 1319 2174 ductu
1352 2109 1497 2187 erudiat,

212 2225 264 2317 ξ’.
287 2217 363 2282 eaerfr.
388 2210 544 2293 operibus
560 2213 601 2277 iis
615 2210 795 2295 iungendis
810 2211 972 2296 quaesibi
991 2231 1038 2276 ex
1047 2211 1116 2276 suis
1126 2210 1258 2295 legibus
1269 2213 1406 2296 propria
1419 2222 1496 2279 sunt

212 2278 363 2402 {ainrissm
388 2322 422 2378 et
436 2315 637 2400 praecipua,
652 2315 856 2398 proximum,
871 2323 909 2379 ut
924 2315 990 2379 alia
1014 2325 1146 2380 accuret
1171 2324 1205 2380 et
1228 2326 1369 2399 peragat
1393 2337 1498 2402 opera

207 2393 363 2513 fflffi]
387 2417 430 2482 ad
448 2437 535 2501 quae
544 2428 717 2484 actuosam
734 2437 871 2483 suorum
883 2419 1042 2482 virtutem
1055 2419 1224 2502 porrigere
1239 2418 1347 2502 possit
1361 2429 1397 2485 et
1408 2419 1498 2486 velit.

213 2510 264 2559 ''⁸²'‘-
390 2519 429 2584 1n
456 2539 497 2585 eo
523 2521 624 2604 igitur
647 2521 757 2605 primo
784 2540 888 2604 quum
906 2521 955 2584 vis
972 2529 1005 2584 et
1021 2528 1141 2586 natura
1165 2520 1302 2588 Ordinis
1318 2522 1434 2605 posita
1448 2522 1500 2598 sit,

388 2623 465 2689 inde
480 2623 631 2706 proiecto
646 2642 783 2689 normae
799 2631 833 2688 et
848 2623 949 2705 leges,
964 2623 1086 2706 quibus
1106 2623 1177 2708 ipse
1193 2624 1366 2709 dirigatur,
1380 2635 1500 2710 peten-

387 2728 472 2792 dae:
488 2729 614 2794 eisdem
637 2747 716 2793 vero
742 2728 871 2810 legibus
897 2737 1017 2805 cetera,
1032 2747 1264 2814 quaecumque
1288 2729 1322 2793 in
1339 2729 1499 2812 proximo

388 2832 609 2911 continentur,
621 2851 756 2896 necesse
768 2839 819 2896 est
828 2832 1058 2914 obsequantur
1069 2841 1102 2896 et
1115 2832 1271 2912 serviant,
1282 2853 1498 2919 nequaquam

212 2977 363 3038 ,mquam
388 2944 513 3013 contra,
539 2935 629 3019 quod
654 2944 868 3019 praepostere
892 2933 1000 3002 suerit.
1016 2971 1059 2986 -
1076 2935 1195 3022 Itaque
1219 2935 1499 3021 AngioBenedi·

212 3039 363 3156 aengffi·
388 3041 497 3105 ctinae
513 3040 792 3124 Congregationis
804 3041 854 3106 vis
867 3049 901 3105 et
916 3050 1045 3120 natura,
1057 3060 1159 3124 quam
1172 3063 1245 3107 esse
1257 3063 1500 3129 usquequaque

212 3155 365 3262 ffin‘d'mffia
389 3145 609 3210 monasticam
636 3155 669 3212 et
693 3144 829 3229 regulae
854 3144 946 3228 ipsae
971 3155 1005 3211 et
1029 3147 1288 3212 constitutiones
1309 3157 1344 3213 et
1359 3147 1504 3214 annales

212 3276 273 3321 ,μω
293 3276 333 3329 sn,
346 3290 363 3322 a
387 3248 567 3330 declarant,
582 3249 646 3314 hoc
661 3270 724 3314 suo
738 3249 810 3314 vult
826 3249 906 3328 iure,
927 3258 964 3314 ut
988 3250 1046 3334 qui
1071 3251 1282 3316 monasteriis
1303 3250 1406 3334 piena
1421 3271 1501 3316 cum

212 3335 362 3440 wiza,
387 3362 555 3436 potestate
570 3353 727 3437 praesint,
739 3354 841 3418 iidem
853 3353 962 3436 ipsam
979 3354 1136 3420 omnibus
1152 3355 1313 3438 partibus,
1327 3357 1400 3420 sive
1410 3357 1501 3424 intra

213 3454 362 3560 affl?-
387 3457 625 3523 coenobiorum
641 3467 745 3540 septa,
761 3457 831 3521 sive
842 3465 950 3534 extra,
965 3457 998 3522 in
1016 3457 1107 3522 varia
1124 3477 1300 3524 munerum
1316 3457 1502 3536 iunctione,

388 3561 460 3645 pari
475 3581 551 3626 cum
563 3571 735 3644 'potestate
760 3569 878 3644 regant
906 3569 939 3626 et
965 3563 1191 3627 moderentur.
1206 3599 1250 3613 —
1267 3562 1387 3648 Neque
1402 3583 1501 3630 secus

213 3673 364 3780 gugffcffi
388 3665 528 3730 decursu
544 3674 733 3749 temporum
759 3672 880 3729 actum.
899 3663 1036 3730 Etenim
1049 3685 1140 3730 anno
1154 3667 1217 3746 596
1234 3663 1268 3733 S.
1284 3665 1500 3749 Augustinus

212 3793 287 3863 sima
296 3793 363 3852 prn-
389 3789 547 3835 unacum
563 3769 660 3834 sociis
677 3767 850 3833 monachis
866 3769 907 3832 ad
935 3769 1171 3852 quadraginta,
1185 3769 1275 3834 iussu
1294 3769 1328 3836 S.
1345 3769 1500 3854 Gregorii

208 3853 363 3971 ζαῇἰξξξᾟ
390 3873 517 3957 Magni,
540 3873 574 3937 in
600 3873 761 3957 Angliam
790 3875 937 3956 perrexit
958 3883 997 3938 ut
1015 3884 1130 3958 gentes
1156 3875 1233 3939 illas
1258 3873 1307 3940 ad
1329 3873 1502 3941 Chn'stum

212 3971 363 4090 {stum
386 3986 604 4055 converteret,·
626 3979 683 4042 ubi
708 3977 872 4042 voluntati
898 3976 1070 4043 Pontificis
1094 3979 1345 4062 religiosissime
1366 3979 1499 4046 obtem·

213 4091 358 4191 quatere&
387 4103 516 4166 perans,
531 4103 594 4146 non
609 4081 692 4146 alim
706 4081 877 4146 ministros
892 4080 1041 4146 instituit
1054 4103 1120 4146 esse
1133 4103 1235 4166 quam
1252 4081 1421 4148 monachos
1449 4083 1502 4167 (¹).

212 4162 361 4255 irs‘gmioa.
388 4187 464 4252 Hac
480 4187 522 4250 de
538 4205 655 4250 caussa
671 4187 816 4268 primurn
833 4203 1010 4269 aggressus
1027 4187 1133 4252 estad
1150 4186 1388 4254 monasterium
1405 4185 1498 4252 Can·

210 4268 273 4313 ‘mi'
386 4289 522 4365 tuariae,
538 4288 570 4351 in
589 4289 668 4352 urbe
686 4289 843 4371 principe,
855 4287 1112 4368 aedificandum,
1127 4310 1148 4354 a
1164 4309 1232 4373 quo
1247 4289 1357 4356 omnis
1372 4287 1501 4352 deinde

418 4432 437 4462 1.
456 4416 581 4468 Mabiilon,
594 4417 688 4462 Aneiai.
702 4417 823 4474 benedict,
835 4431 874 4466 an.
888 4420 940 4466 601.
