3230 4874
56 421 61 432 .
167 391 218 440 DE
239 388 405 440 MISSION.
426 389 603 442 AFRICAN.
624 389 731 442 STlPE
747 393 930 445 COMMUNI
950 394 1142 447 IUVANDIS.
1180 397 1246 466 113

141 571 251 638 Nobis
266 570 399 636 occasio
409 579 469 647 est,
481 568 693 653 improbandi
705 572 818 654 palam
828 573 1080 660 damnandique
1094 575 1246 639 tetricam
1280 587 1416 676 Νοῆοη

136 679 225 742 hanc
242 671 412 742 servitutis
424 683 578 758 pestem;
594 694 633 740 ac
648 675 730 740 data
745 694 847 759 opera
871 678 916 743 de
945 699 984 742 ea
1008 679 1103 744 rein
1128 677 1247 744 litteris
1315 684 1382 744 ’ἕνα
1417 664 1424 676 ’

135 781 279 866 egimus,
294 797 379 863 quas
397 795 414 859 3
439 797 546 843 nouas
563 777 672 843 Maias
687 797 778 844 anno
797 781 880 845 1888
896 780 939 845 ad
957 780 1146 865 Episcopos
1166 781 1247 846 Bra·
1289 852 1295 863 ¹
1332 794 1427 842 accorti

135 887 233 951 siliae
268 883 434 960 dedimus,
460 881 582 966 quibus
606 884 766 966 gratulati
790 903 906 950 sumus
932 885 976 949 de
1001 885 1050 965 iis,
1075 905 1161 971 quae
1187 907 1248 970 pto
1273 854 1425 959 {main

134 985 384 1068 mancipiorum
400 983 556 1049 libertate
571 984 604 1050 in
621 1005 661 1048 ea
672 985 810 1068 regione
825 993 923 1068 gesta
938 985 1071 1052 fuerant
1086 986 1247 1053 laudabili
1273 977 1425 1077 ffffi

135 1089 297 1173 exemplo
314 1085 472 1172 privatim
488 1095 523 1152 et
538 1085 681 1170 publice,
701 1087 868 1174 simulque
890 1090 1100 1155 ostendimus
1127 1097 1248 1174 quant·
1268 1095 1312 1193 {9¹
1341 1037 1425 1136 5⁶⁶³·

137 1211 239 1274 opere
263 1192 404 1255 servitus
430 1189 581 1273 religioni
614 1199 648 1255 et
672 1188 841 1256 humanae
865 1191 1024 1276 dignitati
1045 1193 1246 1257 adversetur.
1284 1161 1315 1194 ’ω
1330 1162 1423 1202 nassa,

140 1295 307 1380 Equidem
323 1314 402 1358 cum
418 1313 458 1358 ea
474 1293 704 1372 scriberemus,
719 1293 935 1359 vehementer
950 1294 1248 1360 commovebamur
1327 1321 1426 1378 quaque

137 1419 252 1464 eorum
269 1397 465 1462 conditione
480 1396 538 1480 qui
555 1396 707 1461 dominio
723 1397 912 1463 subduntur
928 1379 1061 1477 alieno}
1087 1407 1122 1462 at
1138 1393 1247 1460 multo
1272 1372 1427 1474 {mam

135 1503 289 1568 acerbius
306 1500 418 1566 affecti
434 1521 549 1566 sumus
565 1501 756 1566 narratione
772 1521 1017 1580 aerumnarum,
1031 1501 1152 1584 quibus
1167 1520 1246 1566 con·
1271 1484 1389 1591 {m}

134 1605 306 1672 flictantur
333 1604 463 1670 incolae
487 1605 632 1669 universi
659 1605 834 1689 regionum
862 1605 1085 1692 quarumdam
1110 1603 1247 1670 Africae
1272 1603 1399 1664 Afrorum·

135 1710 310 1776 interioris.
328 1709 489 1775 Miserum
508 1729 589 1773 sane
605 1717 639 1774 et
654 1707 861 1775 horrendum
875 1718 1062 1774 memoratu
1079 1717 1139 1786 est,
1154 1707 1246 1792 quod

133 1815 234 1880 certis
253 1812 383 1878 nunciis
399 1811 600 1896 accepimus,
615 1810 683 1877 lere
698 1813 946 1896 quadringenta
956 1812 1118 1878 Afrorum
1134 1812 1248 1890 millia,

135 1919 229 1983 nullo
246 1918 368 1984 aetatis
385 1937 424 1982 ac
440 1937 543 1981 sexus
557 1915 761 1994 discrimine,
774 1917 958 2000 quotannis
973 1915 1082 2000 abripi
1098 1937 1158 1999 per
1178 1916 1246 1980 vim

138 2041 158 2088 e
182 2023 315 2086 rusticis
339 2021 447 2104 pagis,
470 2020 560 2085 unde
586 2021 713 2085 catenis
737 2019 842 2086 vincti
866 2041 905 2085 ac
932 2021 1021 2085 caesi
1055 2020 1247 2086 verberibus

133 2127 240 2210 longo
256 2126 376 2191 itinere
393 2124 571 2190 trahuntur
586 2125 629 2187 ad
656 2122 738 2199 fora,
764 2124 822 2188 ubi
848 2123 1014 2207 pecudum
1042 2124 1149 2190 instar
1171 2143 1246 2204 pro-

134 2230 330 2296 mercalium
358 2228 562 2293 exhibentur
588 2247 628 2290 ac
648 2235 804 2292 veneunt.
825 2265 868 2276 -
895 2227 991 2312 Quae
1019 2246 1096 2292 cum
1123 2235 1246 2292 testata

133 2343 248 2398 essent
264 2335 307 2398 ab
332 2331 371 2397 iis
400 2332 457 2414 qui
479 2331 643 2408 viderunt,
667 2336 700 2394 et
725 2351 745 2393 a
772 2329 959 2396 recentibus
976 2330 1245 2414 exploratoribus

134 2435 274 2503 Africae
299 2435 552 2518 aequinoctialis
577 2432 785 2510 confirmata,
808 2433 974 2498 desiderio
990 2432 1118 2498 incensi
1131 2453 1246 2498 sumus
1352 2463 1354 2470 ·

132 2539 324 2624 opitulandi
349 2559 410 2621 pro
426 2536 552 2602 viribus
576 2536 705 2601 miseris
721 2535 795 2613 illis,
811 2536 1010 2619 levandique
1025 2555 1142 2601 eorum
1159 2535 1246 2600 cala·

132 2645 296 2710 mitatem.
328 2643 517 2725 Propterea,
548 2639 639 2705 nulla
670 2639 845 2704 interiecta
875 2659 978 2718 mora,
1016 2640 1140 2704 dilecto
1178 2640 1247 2704 filio

130 2749 260 2814 Nostro
279 2746 452 2814 Cardinali
469 2744 591 2812 Carolo
608 2742 757 2808 Martiali
769 2741 956 2827 Lavigerie,
966 2745 1061 2809 cuius
1071 2755 1247 2830 perspecta

133 2849 241 2916 Nobis
258 2860 309 2916 est
326 2849 481 2914 alacritas
495 2867 535 2912 ac
551 2847 641 2912 zelus
668 2845 899 2930 Apostolicus,
923 2867 1037 2914 curam
1063 2849 1245 2913 demanda·

130 2953 241 3018 vimus
257 2954 408 3019 obeundi
424 2953 621 3037 praecipuas
644 2950 802 3034 Europae
826 2951 989 3029 civitates,
1015 2960 1054 3016 ut
1079 2964 1246 3017 mercatus

130 3057 231 3122 huius
269 3058 455 3142 turpissimi
494 3054 716 3140 ignominiam
755 3055 958 3133 ostenderet,
989 3065 1025 3120 et
1053 3055 1244 3140 Principum

131 3163 323 3244 civiumque
350 3163 482 3224 animos
508 3159 552 3224 ad
576 3178 677 3242 opem
702 3156 875 3224 ferendam
906 3178 1126 3224 aerumnosae
1153 3161 1246 3241 genti

132 3263 374 3329 inclinaret—
391 3262 503 3346 Quam
529 3262 666 3327 obrem
691 3262 820 3344 gratiae
836 3262 945 3328 Nobis
967 3262 1145 3328 habendae
1167 3272 1246 3326 sunt
1270 3285 1375 3332 aucas
1386 3285 1421 3330 10-

133 3367 268 3433 Christo
285 3368 446 3446 Domino,
461 3367 613 3450 gentium
633 3365 785 3431 omnium
813 3365 1035 3450 Redemptori
1057 3365 1245 3430 amantissi·
1268 3345 1423 3463 mam

134 3489 199 3546 mo,
214 3471 271 3553 qui
288 3490 352 3554 pro
367 3469 577 3553 benignitate
592 3488 654 3533 sua
671 3487 789 3552 passus
806 3488 875 3534 non
901 3479 954 3534 est
980 3488 1076 3534 curas
1104 3468 1247 3534 Nostras
1271 3465 1370 3517 mmai·

135 3572 170 3636 in
181 3573 309 3639 irritum
328 3575 455 3651 cedere,
482 3574 540 3637 sed
554 3573 659 3638 voluit
682 3591 756 3635 esse
770 3573 867 3655 quasi
883 3592 998 3637 semen
1025 3571 1125 3637 leraci
1141 3573 1247 3638 credi-

133 3686 206 3742 tum
230 3679 345 3755 humo,
374 3678 464 3762 quod
491 3677 615 3742 laetam
643 3687 794 3759 segetem
817 3677 1005 3760 pollicetur.
1029 3677 1187 3760 Namque
1214 3687 1249 3742 et

134 3779 296 3846 Rectores
327 3781 529 3866 populorum
556 3791 591 3846 et
615 3779 772 3845 catholici
797 3801 843 3844 ex
869 3789 943 3846 toto
969 3790 1133 3846 terrarum
1158 3782 1248 3858 orbe,

132 3905 251 3952 omnes
269 3887 419 3963 demum,
433 3887 556 3969 quibus
571 3895 688 3950 sancta
704 3895 784 3950 suut
798 3886 951 3968 gentium
962 3896 996 3949 et
1014 3896 1154 3951 naturae
1166 3889 1248 3965 iura,

132 3997 302 4052 certarunt
322 3989 496 4071 inquirere,
511 4007 580 4072 qua
605 3988 819 4072 potissimum
844 3989 974 4053 ratione
990 3999 1024 4053 et
1039 4009 1104 4073 ope
1120 3991 1247 4055 conniti

133 4097 289 4171 praestet,
307 4097 345 4152 ut
358 4087 580 4152 inhumanum
597 4086 678 4151 illud
694 4089 933 4152 commercium
951 4089 1113 4153 evellatur
1128 4089 1247 4155 radici·

132 4205 197 4260 tus.
223 4193 395 4261 Solemnis
421 4203 607 4259 conventus
633 4213 700 4258 non
726 4193 774 4260 ita
799 4194 930 4277 pridem
956 4194 1126 4260 Bruxellis
1142 4205 1246 4271 actus,
1273 4175 1427 4282 „2222”ssss

133 4319 203 4383 quo
219 4297 343 4382 Legati
360 4297 552 4381 Principum
567 4297 724 4381 Europae
739 4297 909 4383 congressi
926 4308 1014 4377 sunt,
1029 4319 1067 4363 ac
1081 4301 1246 4365 recentior
1273 4295 1400 4341 ΜΨ]

134 4414 250 4468 coetus
271 4402 477 4484 privatorum
495 4401 651 4479 virorum,
673 4402 731 4486 qui
756 4403 876 4467 eodem
902 4413 1093 4486 spectantes
1121 4424 1247 4489 magno
1273 4353 1426 4461 littidum

202 4553 279 4598 Acca
294 4551 396 4600 Laome
413 4551 475 4600 Xlll
1075 4553 1116 4600 lV.
1131 4557 1188 4600 -8.
