3172 4874
407 348 478 420 208
554 363 741 414 irrranna
762 363 918 413 suevcr..
941 351 962 377 “
979 363 1110 414 aarum
1131 363 1318 416 uovnrrusr
1335 399 1355 428 „

403 562 469 626 que
478 539 626 604 caritatis
640 539 672 602 in
683 536 878 620 exemplum
889 537 1079 602 retinentes.
1089 538 1147 604 Ad
1159 540 1324 604 eiusmodi
1337 541 1430 604 vitae
1442 561 1509 604 mo-

404 664 543 730 rumque
573 642 812 724 spectaculum,
835 643 972 706 evanuit
990 643 1100 706 omnis
1131 645 1359 726 praeiudicata
1389 647 1510 728 opinio,

402 749 602 817 obtrectatio
617 747 788 812 obmutuit
804 745 1054 824 malevolorum,
1064 757 1165 831 atque
1177 749 1386 814 inveteratae
1402 771 1509 833 super·

402 854 548 920 stitionis
563 859 757 915 commenta
771 851 903 914 veritati
920 851 1120 916 christianae
1136 852 1298 934 paulatim
1316 873 1459 918 cessere.
1472 891 1509 902 -

402 959 456 1024 De
471 967 560 1022 statu
571 954 728 1038 opificum
742 963 889 1018 certatur
899 955 932 1017 in
946 975 1119 1038 praesens:
1130 975 1216 1038 quae
1229 957 1373 1020 certatio
1384 960 1507 1022 ratione

401 1063 577 1128 dirimatur
588 1079 630 1124 an
644 1079 748 1136 secus,
764 1058 946 1142 plurimum
964 1061 1101 1124 interest
1116 1059 1318 1142 reipublicae
1336 1062 1370 1124 in
1389 1071 1507 1125 utram·

401 1187 468 1251 que
483 1175 621 1250 partem.
640 1163 785 1228 Ratione
810 1172 924 1228 autern
952 1164 1048 1228 facile
1071 1165 1244 1228 dirimetur
1267 1166 1312 1229 ab
1328 1165 1506 1230 artifieibrn

403 1269 600 1346 christianis,
618 1267 646 1332 si
662 1267 822 1332 societate
837 1269 1006 1332 coniuncti
1022 1287 1060 1330 ac
1077 1267 1297 1350 prudentibus
1319 1270 1506 1333 auctoribus

405 1375 464 1452 usi,
474 1373 562 1438 viam
580 1371 712 1435 inierint
728 1372 893 1449 eamdem,
904 1391 1005 1455 quam
1023 1381 1133 1454 patres
1142 1392 1181 1436 ac
1191 1372 1336 1436 maiores
1353 1375 1506 1456 singulari

227 1499 263 1544 rra
300 1498 378 1567 ardre·
403 1497 480 1543 cum
497 1476 604 1540 salute
621 1485 653 1540 et
670 1495 731 1540 sua
746 1485 781 1539 et
795 1476 930 1560 publica
945 1485 1133 1541 tenuerunt.
1147 1477 1282 1540 Etenim
1294 1479 1506 1560 quantumris

226 1558 379 1668 ἔζζβξῖἶ,ξ”
405 1601 528 1664 magna
544 1581 577 1642 in
595 1581 731 1644 homine
750 1581 801 1644 vis
816 1581 1012 1662 opinionum
1029 1581 1334 1662 praeiudicatarum
1352 1581 1506 1664 cupidita-

226 1677 336 1722 ΜΨ
405 1693 544 1767 tumque
575 1683 627 1758 sit,
657 1691 781 1762 tamen,
811 1683 874 1746 nisi
905 1701 1040 1745 sensum
1075 1682 1206 1746 honesti
1230 1703 1336 1766 prava
1361 1683 1506 1748 voluntas

228 1736 358 1794 conjuncti.

226 1795 380 1899 mim
405 1785 674 1868 obstupefecerit,
689 1786 801 1850 lutura
816 1794 868 1849 est
882 1786 1116 1850 benevolentia
1131 1786 1253 1850 civium
1265 1787 1300 1850 in
1317 1808 1381 1852 eos
1398 1802 1506 1870 sponte

227 1914 274 1958 sur
305 1915 379 1959 conr-
405 1890 610 1975 propensior,
626 1909 710 1972 quos
734 1890 968 1954 industriosae
990 1891 1160 1955 modestos
1183 1893 1422 1973 cognoverint,
1435 1911 1506 1976 quos

228 1974 332 2026 ²''‘²⁶''''‘'
405 1994 607 2076 aequitatem
637 1993 738 2068 lucro,
764 1992 958 2074 religionem
987 1992 1087 2056 officii
1103 1994 1200 2057 rebus
1216 1995 1380 2058 omnibus
1397 1997 1505 2058 consti·

404 2097 482 2162 terit
498 2107 711 2180 anteponere.
728 2097 784 2160 Ex
800 2117 869 2179 quo
885 2097 966 2161 illud
984 2098 1084 2162 etiarn
1101 2109 1326 2182 consequetur
1336 2098 1506 2174 commodi,

404 2205 494 2289 quod
511 2224 588 2286 spes
604 2211 638 2267 et
654 2203 795 2266 lacultas
811 2204 965 2266 sanitatis
991 2224 1056 2266 non
1080 2204 1219 2268 minima
1240 2206 1504 2288 suppeditabitur

404 2306 580 2390 opificibus
607 2307 656 2384 iis,
676 2306 733 2390 qui
761 2307 813 2370 vel
829 2309 968 2370 omnino
991 2309 1149 2390 despecta
1174 2307 1239 2372 fide
1254 2309 1451 2386 christiana,
1463 2307 1502 2371 vel

227 2435 320 2494 aliique
330 2436 378 2496 apr.
405 2413 522 2476 alienis
538 2432 558 2474 a
574 2411 779 2493 professione
797 2411 944 2474 moribus
959 2413 1082 2476 vivant.
1096 2413 1156 2476 isti
1169 2413 1307 2494 quidem
1320 2433 1360 2476 se
1373 2414 1501 2496 plerum-

220 2495 293 2606 ζῗζ
307 2497 379 2613 Ἥ·
403 2536 469 2598 que
481 2513 673 2596 intelligunt
689 2511 772 2576 falsa
787 2534 847 2595 spe
861 2514 1083 2598 simulataque
1096 2535 1206 2578 rerum
1218 2517 1331 2596 specie
1343 2519 1499 2600 deceptos

226 2627 378 2732 mmm
405 2617 561 2682 Sentiunt
578 2617 666 2680 enim
684 2636 757 2680 sese
772 2618 863 2698 apud
881 2619 1020 2700 cupidos
1037 2619 1192 2682 dominos
1213 2619 1313 2682 valde
1328 2620 1500 2684 inhumane

227 2733 336 2777 vincaris
349 2747 377 2778 ιε-
403 2721 547 2796 tractari,
558 2739 618 2782 nec
629 2717 697 2782 fieri
711 2718 778 2782 lere
789 2720 892 2801 pluris
903 2741 1004 2802 quarn
1020 2731 1184 2804 quantum
1196 2723 1329 2804 pariant
1341 2722 1501 2804 operando
1558 2735 1559 2754 t

223 2805 378 2900 {s‘cffiiff
403 2824 484 2887 lucri
498 2847 504 2887 :
519 2825 639 2908 quibus
665 2835 777 2886 autern
804 2823 1038 2888 sodalitatibus
1062 2827 1223 2908 implicati
1239 2835 1328 2902 sunt,
1345 2827 1381 2888 in
1398 2825 1437 2888 iis
1452 2845 1502 2906 pro
1558 2809 1559 2820 ³

226 2911 378 3015 ξ’,ξηῗζξζζ
402 2931 539 2994 caritate
556 2939 656 3012 atque
668 2949 783 2992 amore
799 2930 975 2992 intestinas
991 2931 1173 2994 discordias
1189 2931 1345 3007 existere,
1359 2930 1502 3012 petulan-

227 3029 326 3076 ΜΨ·
403 3037 446 3100 tis
462 3045 563 3116 atque
579 3033 768 3096 incredulae
784 3035 990 3116 paupertatis
1012 3045 1190 3116 perpetuas
1211 3033 1362 3098 comites.
1393 3035 1502 3096 Fracto

403 3141 525 3216 animo,
541 3147 725 3202 extenuato
748 3158 897 3220 corpore,
919 3158 1021 3220 quam
1044 3139 1142 3202 valde
1166 3159 1201 3202 se
1224 3138 1322 3201 multi
1345 3137 1504 3202 vellente

403 3244 562 3308 servitute
577 3252 647 3305 tarn
660 3241 778 3304 humili
795 3243 984 3306 vindicare:
1001 3263 1061 3306 nec
1075 3253 1189 3306 tamen
1205 3245 1342 3318 audent,
1350 3263 1412 3306 seu
1422 3241 1502 3323 quod

404 3349 577 3412 hominurn
595 3345 711 3428 pudor,
731 3365 790 3410 seu
809 3355 918 3410 metus
934 3347 1067 3428 inopiae
1088 3345 1273 3429 prohibeat.
1292 3346 1447 3410 Iamvero
1462 3345 1506 3406 his

404 3451 560 3515 omnibus
590 3449 711 3512 mirum
743 3459 907 3532 quantum
942 3453 1098 3533 prodesse
1128 3451 1172 3514 ad
1203 3451 1348 3514 salutem
1372 3449 1504 3530 collegia

404 3555 644 3619 catholicorum
662 3564 812 3634 possunt,
828 3555 854 3616 si
876 3555 1079 3618 haesitantes
1096 3555 1138 3618 ad
1158 3555 1268 3618 sinurn
1284 3575 1396 3630 suurn,
1411 3572 1503 3635 expe·

247 3715 364 3752 narona·
404 3656 535 3721 diendis
551 3656 813 3734 difficultatibus,
837 3658 1019 3735 invitarint,
1042 3659 1069 3720 si
1097 3657 1328 3739 resipiscentes
1353 3657 1388 3720 in
1413 3657 1502 3720 fidem

229 3775 379 3869 Haffiiam
405 3761 613 3843 tutelamque
628 3781 724 3824 suam
741 3763 938 3843 acceperint.

227 3884 280 3928 stne
312 3897 379 3928 mor-a
450 3865 603 3942 Habetis,
619 3864 837 3928 Venerabiles
854 3865 997 3942 Fratres,
1012 3885 1096 3948 quos
1115 3874 1149 3928 et
1171 3885 1238 3946 qua
1254 3865 1384 3928 ratione
1400 3865 1501 3928 elabo-

227 3947 380 4060 ζῗξξᾞῖᾗξζ
405 3987 476 4031 rare
500 3969 534 4030 in
561 3987 678 4030 caussa
702 3966 887 4049 perdifficili
910 3989 1044 4031 necesse
1059 3969 1111 4031 sit.
1127 4005 1169 4015 -—-
1185 3968 1442 4050 Accingendum
1463 3963 1499 4026 ad

226 4067 380 4176 {2⁰⁶2ssss
404 4095 481 4138 suas
504 4073 623 4154 cuique
650 4084 771 4154 partes,
794 4084 827 4138 et
849 4077 1043 4137 maturrime
1069 4075 1215 4156 quidem,
1239 4093 1280 4136 ne
1303 4082 1420 4137 tantae
1440 4071 1497 4132 iam

228 4191 374 4279 ymm-
406 4177 502 4240 molis
518 4176 770 4240 incommodum
788 4175 845 4240 fiat
861 4178 1077 4243 insanabilius
1090 4179 1304 4242 cunctatione
1316 4175 1496 4241 medicinae

229 4293 381 4394 :animm
405 4277 602 4341 Adhibeant
613 4278 723 4358 legum
735 4282 1032 4365 institutorumque
1049 4283 1304 4364 providentiam,
1317 4281 1372 4362 qui
1387 4283 1494 4360 gerunt

230 4411 317 4451 mu„
406 4382 629 4460 respublicas:
646 4401 706 4444 sua
735 4387 947 4450 meminerint
970 4387 1078 4450 officia
1104 4387 1284 4468 locupletes
1308 4395 1342 4448 et
1357 4379 1492 4447 domini:
