3172 4874
309 1248 408 1296 Littera

256 1305 384 1370 pontificis

256 1366 291 1411 ad
303 1369 408 1429 Inspera-

257 1429 330 1476 lorenr
376 1431 407 1476 ab

257 1465 402 1590 Iuliper'aiore

255 1557 271 1588 a
306 1551 407 1620 Portast-

255 1623 303 1654 cm
319 1623 402 1657 messa.

440 345 510 416 228
614 363 762 416 nterea.
783 363 912 417 nnosr.
934 353 955 382 ‘⁸
974 364 1053 416 uon·
1074 365 1192 420 Marus
1213 367 1320 421 uonrs
1336 403 1354 432 ,,

436 545 558 611 riatum
593 545 626 610 in
661 543 736 629 ipso
769 543 899 626 imperii
930 547 1079 629 gremio,
1110 549 1290 614 centralem
1326 545 1487 631 appellantes

435 647 693 728 constituimus3
727 648 790 712 hoc
813 657 925 714 autem
949 668 1039 714 anno
1061 649 1258 716 vicariatum
1281 651 1408 718 alterum
1427 645 1488 712 exci-

434 751 579 817 tavimus
595 753 628 816 in
645 771 684 816 ea
707 752 867 836 Iaponiae
890 752 999 838 plaga,
1021 773 1109 838 quae
1131 757 1268 839 propius
1295 753 1488 840 septentriones

435 867 576 940 spectat.

479 959 565 1028 Cum
600 979 679 1024 vero
704 949 881 1042 postremis
904 959 995 1024 hisce
1018 963 1226 1044 temporibus
1262 961 1487 1030 humanitateet

434 1065 603 1150 aequitate
621 1063 771 1145 Iaponici
789 1063 924 1146 Imperii
941 1083 1021 1146 erga
1043 1065 1231 1131 catholicae
1256 1066 1397 1132 veritatis
1418 1063 1487 1142 magi·

434 1179 529 1248 stros,
553 1169 634 1234 satis
661 1187 820 1252 prospero
845 1187 897 1232 res
923 1167 1103 1234 christiana
1128 1189 1224 1235 cursu
1248 1167 1487 1247 imeretur,hand·

433 1293 601 1358 quaquam
619 1271 951 1354 praetermittendum
967 1270 1138 1350 duximus,
1164 1273 1244 1354 quin
1271 1273 1384 1338 litteris
1398 1267 1487 1336 Nostr'u

432 1395 589 1460 supremo
613 1375 796 1458 imperanti
824 1375 909 1456 grati
934 1373 1038 1438 animi
1065 1395 1182 1440 sensus
1205 1377 1384 1453 ederemus,
1403 1367 1488 1456 signifi·

433 1481 566 1545 catione
592 1481 731 1558 adiecta,
760 1487 924 1562 quantum
953 1497 1140 1562 propensae
1165 1480 1316 1546 eiusdem
1334 1471 1487 1544 inchristii·

432 1585 523 1649 deles
539 1583 703 1648 voluntati
720 1591 753 1647 et
776 1583 985 1647 constantiae
999 1581 1218 1650 confidamus.
1238 1585 1304 1650 His
1319 1583 1424 1650 litteris
1431 1578 1488 1643 datis

432 1691 571 1776 plenum
586 1690 805 1756 humanitatis
821 1699 855 1754 et
881 1689 981 1754 officii
1006 1711 1202 1774 responsum
1229 1713 1249 1756 a
1274 1693 1435 1758 Maiestate
1446 1685 1489 1750 etus

433 1795 622 1879 accepimus
639 1812 698 1876 per
713 1793 820 1858 virum
845 1793 1126 1876 spectatissimum
1144 1795 1323 1880 legationis
1346 1795 1455 1860 nomine
1469 1789 1488 1850 in

434 1899 561 1965 Urbem
578 1898 621 1963 ad
639 1897 712 1960 Nos
729 1897 962 1974 missum‚cum
974 1897 1136 1963 solemnia
1149 1901 1227 1964 anni
1238 1892 1489 1984 quinquagesimis

432 2001 629 2066 sacerdotali
648 1999 772 2064 Nostra
787 2001 1039 2065 consecratione
1049 2021 1233 2084 ageremus

325 2135 404 2190 amns
476 2103 574 2168 Nunc
593 2104 708 2186 itaque
733 2103 902 2186 religionis
927 2105 960 2168 in
988 2105 1149 2188 Iaponico
1178 2107 1327 2190 imperio
1352 2101 1489 2172 rationibus

276 2299 281 2308 ⁸
328 2195 404 2285 ,ζ’
432 2208 599 2272 uberiores
626 2208 771 2272 Nostrae
798 2209 1028 2292 providentiae
1052 2229 1147 2274 curas
1173 2210 1313 2276 feliciter
1340 2201 1489 2296 postulanti·

270 2312 279 2342 ¹
337 2315 349 2344 ⁶
398 2313 500 2388 ·bus,
517 2313 678 2395 iustisque
694 2311 819 2376 caussis
835 2311 985 2376 animum
1015 2313 1176 2379 Nostrum
1192 2317 1235 2380 ad
1251 2317 1408 2399 optimam
1429 2322 1489 2390 sptffl

291 3263 360 3321 Quod
367 3277 405 3308 su·

252 3327 337 3380 prensa
352 3329 406 3381 apo·

255 3381 339 3426 sotice
362 3397 406 3428 au·

255 3441 367 3486 ctoritate

255 3501 391 3558 completur.

430 2419 643 2503 erigentibus,
660 2429 827 2483 maturum
844 2427 977 2502 tempus
994 2421 1112 2484 adesse
1139 2422 1351 2500 arbitramur,
1373 2439 1429 2505 quo
1447 2413 1489 2477 hit

428 2523 612 2587 ratchicam
645 2523 690 2586 rei
723 2541 836 2586 sacrae
859 2523 1186 2589 administrationem
1222 2527 1265 2590 ad
1300 2524 1489 2590 canonicarum

430 2626 542 2710 legum
558 2627 762 2709 praescripta
777 2628 810 2690 in
839 2627 958 2691 eodem
986 2627 1132 2712 Imperio
1155 2631 1403 2706 constituamus,
1420 2634 1490 2702 eante

430 2730 666 2794 constituenda
676 2729 868 2808 efficiamus,
891 2737 927 2794 ut
950 2733 1118 2815 praesidia
1141 2734 1255 2798 omnia
1280 2745 1313 2798 et
1336 2725 1492 2798 beneficiat

430 2832 596 2897 catholica
626 2833 785 2916 religione
820 2837 1064 2917 promanantia,
1087 2837 1221 2902 abunde
1245 2847 1279 2902 et
1304 2840 1490 2921 opportunel

432 2937 581 3018 Iaponiis
598 2936 759 3016 fidelibus,
782 2939 831 3002 uti
854 2937 973 3022 cuique
993 2959 1077 3022 opus
1101 2951 1136 3005 et
1158 2942 1309 3007 studium
1334 2938 1427 3014 suerit,
1444 2947 1491 3015 per·

430 3041 603 3123 cipiantur.

475 3144 704 3228 Quamobrem
735 3145 869 3228 rogatis,
890 3146 938 3210 uti
963 3166 1023 3228 par
1038 3155 1117 3224 erat,
1142 3147 1220 3214 VV.
1245 3148 1311 3214 FF.
1336 3148 1491 3212 Nostrooo

432 3250 465 3316 S.
489 3248 528 3314 E.
553 3249 593 3314 R.
617 3247 845 3314 Cardinalium
869 3269 887 3312 e
910 3269 1005 3313 sacro
1029 3249 1180 3316 Consilio
1196 3249 1273 3316 fidei
1298 3239 1492 3336 propagandae

430 3353 613 3432 sententiis,
632 3351 712 3416 lusis
728 3351 771 3416 ad
797 3353 1063 3435 omnipotentem
1092 3353 1203 3418 Deum
1229 3357 1389 3438 precibus,
1409 3341 1492 3425 impio

431 3464 568 3537 rataque
602 3473 667 3536 ope
701 3454 870 3538 Deiparae
893 3455 1051 3539 Virginis,
1073 3467 1267 3522 sanctorum
1292 3451 1492 3540 Apostolorum

433 3557 521 3622 Petri
545 3567 579 3622 et
607 3557 700 3621 Pauli
727 3568 761 3623 et
788 3558 955 3623 Francisci
980 3559 1127 3638 Xaverii,
1150 3561 1206 3645 qui
1239 3560 1440 3627 ministerium
1458 3565 1492 3610 vt
1540 3629 1541 3654 i

432 3661 538 3726 sitatis
553 3670 588 3725 et
611 3662 727 3725 salutis
751 3662 783 3725 in
810 3662 950 3744 Iaponia
973 3665 1086 3746 gessit,
1111 3685 1171 3729 nec
1196 3685 1263 3730 non
1286 3675 1320 3730 et
1343 3661 1491 3728 inclitorum
1540 3659 1541 3692 ³

431 3775 626 3848 martyrum,
649 3785 790 3848 quorum
814 3765 894 3831 olim
926 3767 1120 3850 triumphali
1144 3771 1308 3853 sanguine
1335 3761 1491 3850 Iaponicum

429 3869 538 3934 solum
565 3867 735 3950 perfusum
762 3880 821 3945 est,
846 3880 938 3934 motu
963 3872 1108 3954 proprio,
1130 3883 1221 3939 certa
1245 3873 1378 3938 scientia
1399 3875 1427 3931 et
1446 3875 1492 3924 111²·

430 3983 505 4038 tura
531 3972 771 4038 deliberatione
797 3972 932 4051 Nostra,
953 3975 997 4038 de
1020 3974 1240 4058 Apostolicae
1264 3971 1426 4061 potestatis
1443 3962 1491 4048 ple·

429 4077 590 4153 nitudine,
614 4077 656 4139 ad
674 4077 833 4140 maiorem
859 4077 993 4142 divinae
1009 4080 1194 4146 maiestatis
1219 4083 1356 4164 gloriam
1380 4069 1490 4147 lideillue

429 4183 613 4248 catholicae
640 4181 892 4260 incrementum,
916 4184 968 4248 his
994 4184 1113 4251 litteris
1142 4185 1275 4252 Nostris
1304 4171 1488 4269 episcopalem

428 4285 647 4350 hierarchiam
676 4287 708 4347 in
737 4285 896 4367 Iaponico
922 4289 1063 4370 imperio
1087 4291 1276 4355 excitamus
1298 4301 1330 4354 et
1352 4269 1489 4350 constitui·

430 4405 512 4460 mus,
537 4396 639 4469 atque
663 4389 823 4452 illustrem
842 4391 956 4455 urbem
980 4391 1098 4470 Tokio,
1121 4414 1206 4477 quae
1224 4391 1354 4478 Imperii
1368 4380 1497 4468 caputet.

1484 4445 1513 4822 t
