3310 4868
380 366 445 417 122
669 365 851 416 nrrsroca
879 351 900 380 “
920 363 1035 414 saara
1063 365 1175 428 NOS„

375 551 612 633 propriumque
629 549 800 631 Ecclesiae
817 569 938 613 munus
955 569 1167 632 nequaquam
1184 549 1228 615 sit
1243 550 1286 614 de
1302 549 1483 612 honestate

374 663 408 718 et
424 655 632 738 turpitudine
659 654 829 718 actionum
852 653 1074 717 humanarum
1091 653 1246 718 iudicare.
1262 686 1305 700 -
1322 654 1393 717 Ista
1408 651 1482 735 qui-

374 761 452 823 dem
469 761 592 843 agendi
608 760 694 825 ratio
710 761 814 825 distat
839 760 1019 842 plurimum
1044 781 1063 823 a
1086 759 1293 842 professione
1309 757 1482 822 christiani

375 865 628 942 nominis,cuius
641 865 793 948 prolecto
805 866 882 929 illae
891 873 970 929 sunt
979 865 1118 929 virtutes
1130 863 1484 940 comites,moderatio,

374 970 585 1047 verecundia,
600 970 760 1052 potestati
777 969 948 1052 legitimae
963 968 1217 1050 obtemperatio.
1229 969 1302 1032 Nec
1313 979 1485 1051 praeterea

256 1095 349 1140 Bonam
375 1075 472 1139 decet
503 1073 535 1137 in
564 1094 683 1137 caussa
707 1074 806 1151 bona,
831 1073 935 1138 videri
962 1073 1216 1156 quodammodo
1242 1093 1301 1136 eos
1331 1072 1484 1136 homines

199 1167 349 1273 „mh
375 1177 507 1254 imitari,
522 1177 589 1260 qui,
604 1178 695 1259 quod
713 1197 779 1240 non
797 1177 866 1239 iure
882 1185 1011 1258 petunt,
1027 1175 1233 1239 tumultuose
1248 1177 1389 1258 adipisci
1406 1195 1484 1238 con-

198 1273 305 1336 uidolet.
374 1282 646 1347 tendant-Et
671 1280 755 1344 haec
779 1282 915 1364 quidem
944 1301 984 1344 eo
1011 1289 1090 1343 sunt
1117 1281 1279 1362 graviora,
1304 1281 1383 1362 quia
1412 1279 1485 1342 Nos

374 1385 489 1450 omnia
504 1385 683 1466 diligenter
699 1384 1011 1468 circumspeximus,
1035 1394 1073 1448 ut
1098 1384 1211 1446 liceret
1234 1403 1343 1446 rerum
1360 1391 1483 1446 vestra·

206 1518 212 1526 ·
275 1507 278 1512 ·
374 1510 446 1553 rum
463 1499 589 1553 statum
606 1509 645 1551 ac
661 1487 871 1586 popularium
900 1487 1109 1569 querelarum
1138 1505 1273 1550 caussas
1300 1485 1434 1566 penitus
1450 1495 1485 1549 et

374 1593 445 1656 sine
461 1612 570 1656 errore
585 1611 795 1674 cognoscere.
812 1593 980 1657 Auctores
996 1592 1167 1667 habemus,
1190 1591 1311 1673 quibus
1328 1591 1399 1653 iure
1415 1609 1483 1652 cre·

226 1706 350 1794 W„
375 1698 474 1761 datur
489 1719 496 1759 :
511 1697 736 1779 vosmetipsos
751 1717 864 1760 coram
881 1697 1068 1778 percontati
1085 1715 1221 1760 sumus:
1245 1703 1484 1777 praetereaque

199 1808 281 1864 *Μ
315 1807 349 1838 ⁶⁰·
376 1800 548 1881 superiore
572 1821 663 1865 anno
691 1801 859 1884 Legatum
876 1803 918 1864 ad
934 1821 994 1865 vos
1012 1800 1163 1864 misimus
1178 1801 1287 1863 virum
1303 1801 1483 1882 probatum

214 1857 332 1957 imavi
375 1912 408 1967 et
424 1924 571 1986 gravem,
586 1905 643 1988 qui
659 1907 835 1970 veritatem
852 1925 985 1968 summa
1000 1923 1080 1967 cura
1092 1904 1291 1986 exquireret,
1307 1912 1342 1966 et
1358 1903 1400 1966 ad
1412 1903 1484 1966 Nos

200 1972 349 2031 latumsnis·
832 2009 840 2024 ,
906 2010 913 2023 ,
1284 2007 1292 2020 ,
1379 2007 1387 2020 ,

199 2031 346 2078 sedectam.
375 2029 419 2072 ex
436 2009 502 2073 fide
517 2009 663 2076 relerrct.
679 2048 721 2060 -
737 2011 1017 2091 Nominatrmque
1044 2009 1088 2070 cle
1113 2007 1176 2071 hac
1198 2008 1409 2089 providentia
1425 2025 1484 2088 po-

377 2112 475 2196 pulus
493 2112 665 2176 Hibernus
681 2113 807 2195 gratias
820 2111 1072 2193 Nobispublice
1084 2110 1233 2194 agendas
1249 2109 1483 2174 curavit.Num

375 2218 477 2300 igitur
493 2237 559 2280 non
576 2217 609 2281 in
627 2237 668 2282 eo
684 2216 855 2282 temeritas
878 2217 973 2290 inest,
989 2216 1081 2298 quod
1097 2216 1201 2291 aiunt,
1218 2215 1261 2278 de
1277 2232 1396 2276 caussa
1414 2211 1485 2276 Nos

376 2321 575 2384 iudicavisse
591 2341 658 2384 non
676 2322 757 2384 satis
773 2321 932 2403 cognita?
948 2320 1143 2402 praesertim
1157 2338 1233 2382 cum
1250 2338 1301 2380 res
1317 2316 1486 2399 improba-

376 2426 530 2505 verimus,
546 2425 579 2490 in
591 2425 714 2510 quibus
727 2425 958 2508 improbandis
973 2425 1188 2488 consentiunt
1199 2422 1296 2505 aequi
1307 2422 1376 2496 viri,
1388 2429 1485 2503 quot·

375 2539 467 2611 quot,
483 2531 546 2594 ista
559 2531 776 2595 dimicatione
793 2540 904 2594 vestra
920 2549 988 2593 non
1004 2527 1167 2611 impliciti,
1183 2527 1352 2609 pacatiore
1362 2525 1487 2588 iudicio

376 2633 419 2697 de
434 2634 533 2698 rebus
548 2635 756 2699 existimant.

236 2745 316 2790 arara
421 2737 509 2802 lllud
537 2739 660 2820 pariter
675 2758 743 2801 non
759 2747 858 2812 vacat
874 2737 993 2801 iniuria
1009 2735 1180 2818 suspicari,
1195 2753 1313 2817 parum
1331 2733 1405 2798 Nos
1424 2733 1487 2798 Hi-

213 2803 340 2908 matese
377 2842 512 2905 berniae
524 2845 642 2905 caussa
658 2842 794 2918 moveri,
817 2852 850 2905 et
867 2862 953 2924 quae
969 2841 1012 2904 sit
1028 2841 1117 2922 apud
1134 2860 1193 2902 vos
1211 2837 1344 2902 fortuna
1361 2837 1488 2920 populi,

139 2979 141 2983 ·
200 2926 351 3038 ,mm
377 2967 443 3010 non
461 2947 645 3008 admodum
663 2945 824 3010 laborare.
841 2945 968 3009 Contra
983 2945 1030 3008 sic
1046 2943 1149 3008 afficit
1165 2944 1237 3008 Nos
1256 2943 1484 3008 Hibernorum

195 3039 353 3158 mg?
377 3049 535 3125 conditio,
564 3057 601 3112 ut
631 3049 800 3111 neminem
832 3051 962 3130 magis:
989 3048 1138 3130 nihilque
1169 3056 1239 3112 tam
1270 3047 1487 3110 vehementer

204 3159 244 3208 da·
376 3153 540 3234 cupimus,
554 3173 656 3236 quam
674 3163 711 3216 ut
727 3153 1004 3235 tranquillitatem
1029 3153 1144 3235 adepti
1160 3153 1486 3234 prosperitatemque

378 3257 530 3320 meritam
548 3277 586 3320 ac
610 3256 771 3334 debitam,
798 3257 981 3339 aliquando
1008 3257 1180 3339 respirent.
1209 3255 1313 3318 Nullo
1334 3265 1487 3336 tempore

378 3361 612 3437 recusavimus,
628 3361 807 3441 quominus
824 3382 885 3443 pro
901 3361 1092 3424 melioribus
1106 3361 1204 3426 rebus
1221 3361 1288 3424 suis
1305 3356 1487 3424 contende·

378 3475 468 3528 rent:
487 3465 545 3528 sed
563 3465 689 3530 illudne
706 3465 880 3529 ferendum
897 3466 1058 3540 videatur,
1073 3465 1202 3528 aditum
1220 3463 1253 3527 in
1270 3453 1489 3527 contentione

361 3573 363 3578 '
378 3569 420 3632 ad
435 3568 597 3633 maleficia
615 3569 784 3658 patefieri?
796 3569 886 3652 Quin
905 3571 1009 3634 immo
1024 3571 1069 3633 ob
1086 3571 1118 3632 id
1137 3570 1257 3650 ipsum,
1270 3570 1371 3651 quod,
1387 3568 1488 3633 inter·

378 3673 472 3736 iectis
497 3672 737 3755 cupiditatibus
763 3674 1040 3756 politicarumque
1074 3673 1219 3756 partium
1247 3673 1378 3749 studiis,
1413 3692 1488 3754 per-

379 3777 524 3840 mixtum
537 3775 586 3838 las
597 3787 700 3858 atque
712 3776 804 3840 nefas
815 3797 882 3840 una
897 3788 999 3860 atque
1018 3779 1136 3840 eadem
1155 3795 1274 3838 caussa
1293 3774 1488 3857 complecti-

378 3891 440 3958 tur,
457 3880 529 3943 Nos
544 3879 682 3961 quidem
710 3888 905 3943 constanter
931 3881 1122 3945 studuimus
1138 3879 1171 3942 id
1188 3881 1279 3962 quod
1307 3879 1486 3944 honestum

378 3995 466 4048 esset
482 3986 525 4048 ab
542 4004 585 4048 eo
601 4003 783 4061 secernere,
807 3985 897 4065 quod
926 4005 993 4048 non
1018 3994 1107 4048 esset
1133 3984 1322 4060 honesturn,
1347 3982 1488 4046 catholi-

378 4109 502 4172 cosque
518 4089 561 4152 ab
577 4088 670 4152 omni
686 4108 721 4152 re
737 4089 912 4164 deterrere,
927 4108 1029 4170 quarn
1046 4088 1227 4152 christiana
1244 4107 1373 4152 morum
1390 4087 1489 4153 disci·

204 4239 274 4298 qm
313 4246 353 4297 ap.
379 4173 471 4273 plina
498 4212 564 4255 non
593 4191 819 4274 probaret.-·-
844 4189 1074 4273 Quamobrem
1101 4190 1249 4256 consiliis
1277 4192 1488 4273 tempestivis

199 4298 280 4357 trime
315 4312 353 4342 ω·
381 4295 551 4359 Hibernos
578 4295 779 4372 monuimus,
804 4294 1034 4359 meminissent
1059 4295 1273 4378 professionis
1289 4294 1486 4370 catholicae,

203 4359 299 4462 {imos
316 4357 353 4402 db
379 4398 459 4460 nihil
476 4419 625 4480 unquam
643 4399 786 4463 naturali
803 4419 992 4482 repugnans
1002 4399 1180 4475 honestati,
1193 4397 1273 4462 nihil
1285 4398 1399 4462 divina
1413 4399 1486 4481 lege
