3140 4866
1521 27 1524 230 l

421 371 492 442 242
616 365 765 420 uma.
784 353 1336 432 asoss.“11.r.uorrtrs1u1s„

258 549 301 596 IX
318 549 376 598 ru.
420 553 550 611 musta
576 553 611 612 et
632 543 818 628 adimpleta
835 563 904 610 non
921 543 1054 624 luerint,
1077 553 1138 612 aut
1159 565 1205 610 ex
1231 543 1474 629 quocumquealio
1522 527 1524 588 ἶ

269 609 361 718 llll!
418 649 537 734 capite,
548 649 660 716 colore
674 657 734 714 aut
748 657 938 732 praetextu,
952 649 1060 716 aliave
1074 649 1205 716 ratione
1216 650 1268 716 vel
1284 649 1472 726 causacum
1523 655 1524 664 ’

417 753 477 820 tali
493 773 580 838 quae
608 754 652 818 ad
683 750 839 818 effectum
867 751 1049 818 soliditatis
1070 755 1266 820 earumdem
1295 751 1472 837 praesentim
1522 807 1524 822 ,

418 856 605 922 αοοοεεατίο
619 855 705 920 toret
720 855 954 938 exprimenda,
971 857 1091 934 notari,
1117 855 1317 939 impugnari,
1339 852 1475 928 invalidarl
1523 907 1524 926 ,

416 961 451 1025 in
463 961 515 1025 ius
526 959 578 1026 uel
588 960 849 1026 controversiam
864 960 988 1037 vocari,
1000 960 1113 1024 autad
1128 959 1217 1024 viam
1229 967 1264 1024 et
1276 957 1419 1024 terminos
1426 955 1475 1020 iuris
1523 955 1524 968 ³

416 1065 540 1144 reduci,
554 1082 613 1130 seu
629 1065 790 1129 adversus
808 1062 883 1128 illas
893 1065 1130 1148 quodcumque
1139 1064 1220 1128 iuris
1236 1063 1289 1128 vel
1300 1061 1475 1142 sactipelgn·

417 1171 485 1236 tiae
499 1179 559 1236 aut
573 1167 720 1234 iustitiae
733 1167 918 1232 remedium
943 1168 1123 1250 impetrari,
1146 1166 1318 1232 ueletiam
1335 1174 1414 1230 motu
1431 1161 1475 1246 pui

417 1291 577 1338 concesso
592 1281 627 1336 et
641 1271 831 1354 impetrato,
845 1270 1040 1354 quempiam
1068 1271 1117 1336 uti
1132 1291 1192 1336 seu
1204 1291 1239 1334 se
1258 1269 1360 1336 iuvari
1371 1287 1446 1352 posse
1456 1267 1475 1326 in

418 1379 542 1445 iudicio
567 1385 602 1442 et
616 1384 714 1440 extra
729 1375 822 1450 illud,
837 1393 876 1438 ac
891 1373 1030 1440 easdem
1048 1383 1241 1458 praesentes
1268 1375 1332 1438 sub
1352 1369 1475 1456 quibusvis

418 1480 576 1547 similium
603 1480 655 1546 vel
682 1479 896 1546 dissimilium
925 1481 1110 1562 gratiarum
1147 1477 1413 1550 revocationibus,
1433 1491 1476 1534 sus

416 1587 642 1672 pensionibus,
653 1585 919 1661 limitationibus,
937 1584 1216 1668 derogationibus
1232 1593 1292 1650 aut
1308 1582 1377 1648 aliis
1390 1587 1477 1646 conm-

416 1691 473 1757 riis
482 1689 759 1774 dispositionibus
769 1709 827 1773 per
842 1707 1075 1772 quascumque
1084 1689 1217 1755 litteras
1227 1697 1261 1754 et
1271 1685 1478 1753 constitutions

415 1792 633 1878 Apostolicas
648 1801 706 1855 aut
722 1792 942 1858 cancellariae
960 1791 1182 1875 Apostolicae
1198 1791 1332 1874 regulas
1351 1789 1437 1854 editas
1447 1781 1477 1844 vel

416 1897 564 1962 edendas
580 1895 719 1959 minime
733 1896 973 1978 comprehendi
991 1895 1044 1960 vel
1056 1895 1227 1972 confundi,
1238 1915 1298 1960 seu
1309 1889 1477 1974 comprehcn-

416 2021 470 2066 sas
482 2011 540 2064 aut
552 1998 707 2065 confusas
719 1999 788 2064 ullo
801 1999 904 2064 modo
918 2001 1114 2078 censeri,sed
1128 2019 1260 2083 semper
1272 1999 1317 2064 ab
1329 1998 1389 2062 illis
1398 1990 1477 2071 exopt

415 2105 590 2189 etquoties
606 2105 683 2169 illae
698 2103 915 2179 emanabunt,
928 2105 1029 2170 toties
1045 2105 1077 2168 in
1107 2105 1286 2188 pristinum
1303 2113 1336 2168 et
1361 2093 1477 2166 validissi-

416 2231 509 2276 mum
525 2219 651 2275 statum
668 2210 849 2285 restitutas,
874 2210 1037 2291 repositas
1068 2217 1103 2274 et
1123 2209 1273 2292 plenarie
1300 2210 1479 2288 reintegratus,

417 2333 456 2380 ac
486 2315 529 2380 de
555 2333 644 2379 novo
659 2313 762 2379 etiarn
793 2313 857 2377 sub
887 2332 1100 2396 quacumque
1115 2314 1291 2396 posteriori
1319 2315 1393 2378 data
1411 2325 1477 2391 quan·

416 2419 607 2502 (locumque
622 2416 776 2500 eligenda
789 2437 965 2481 concessas
978 2436 1052 2480 esse
1069 2427 1103 2481 et
1118 2415 1345 2500 fore,suosque
1359 2409 1478 2498 plenarios

417 2531 451 2586 et
467 2522 615 2604 integros
638 2518 777 2586 effectus
804 2521 914 2585 sortiri
937 2530 970 2586 et
987 2521 1141 2586 obtinere
1160 2530 1196 2586 et
1218 2521 1266 2584 ita
1297 2520 1341 2584 ab
1368 2515 1478 2583 omnibus
1522 2501 1523 2522 ¹

419 2627 556 2703 censeri,
571 2628 685 2710 sicque
699 2637 734 2691 et
750 2646 817 2690 non
834 2626 918 2691 alias
936 2646 997 2709 per
1010 2644 1241 2710 quoscumque
1252 2626 1376 2692 iudices
1389 2621 1479 2686 ordiu-

418 2731 484 2796 rios
499 2730 552 2794 vel
564 2731 738 2814 delegatos
752 2730 869 2814 quavis
883 2730 1085 2796 auctoritate
1095 2729 1284 2813 iungentes,
1296 2715 1347 2794 uel
1359 2725 1479 2810 dignius

418 2835 594 2918 fulgentes,
623 2835 725 2899 etiam
749 2855 942 2899 caussarum
973 2834 1088 2916 palatii
1113 2834 1306 2917 Apostolici
1331 2833 1478 2898 Auditos.

418 2957 458 3002 ac
469 2937 619 3002 eiusdem
636 2937 671 3004 S.
682 2937 722 3003 R.
734 2938 773 3002 E.
789 2937 1101 3016 Cardinales,etiam
1116 2939 1160 3003 de
1175 2937 1279 3002 latere
1295 2931 1479 3022 Legatos,rlce

419 3043 569 3126 Legatos
598 3043 776 3126 dictaeque
801 3042 899 3108 Sedis
926 3043 1087 3122 Nuncios,
1118 3043 1251 3109 sublata
1281 3046 1329 3108 eis
1359 3051 1389 3105 et
1401 3048 1478 3102 eorus

419 3148 557 3215 cuilibet
579 3147 697 3231 quavis
721 3146 818 3212 aliter
844 3147 1013 3212 iudicandi
1029 3158 1064 3214 et
1080 3148 1323 3232 interpretandi
1348 3149 1478 3230 potestas.

420 3253 580 3319 facultate
593 3262 628 3315 et
643 3251 852 3324 auctoritate,
868 3251 1006 3317 iudicari
1016 3261 1050 3317 et
1066 3251 1196 3316 definiri
1212 3253 1380 3332 debere,ac
1391 3247 1477 3313 irritum

420 3377 555 3442 quoque
579 3365 613 3420 et
639 3357 747 3432 inane,
764 3356 791 3419 si
807 3375 904 3420 secus
920 3377 1021 3439 super
1036 3357 1089 3421 his
1104 3377 1125 3420 a
1139 3376 1310 3442 quoquam
1335 3353 1478 3440 quaviscu-

420 3461 576 3524 ctoritate
591 3459 733 3523 scienter
754 3457 807 3522 vel
832 3459 1027 3541 ignoranter
1041 3462 1220 3544 contigerit
1231 3461 1393 3526 attentari.

319 3601 334 3630 u
365 3601 394 3656 ρ.
464 3560 630 3644 Quocirca
652 3557 847 3625 Venerabili
877 3563 979 3626 etiam
1012 3563 1121 3627 Fratri
1146 3563 1273 3628 Nostro
1304 3563 1396 3626 Petro
1422 3555 1479 3617 192²

270 3719 296 3750 rc
312 3705 334 3750 ἰ,
356 3707 369 3740 -‚
419 3665 582 3730 hodierno
597 3664 864 3749 Arehicpiscopo
880 3667 924 3730 de
936 3666 1176 3734 Guadalaxara
1191 3689 1253 3752 per
1267 3669 1355 3752 ipsas
1368 3673 1479 3748 praesen·

242 3777 307 3868 '⁶⁰⁰2
331 3779 394 3810 tm·
418 3775 470 3834 tes
485 3768 727 3832 committimus
743 3778 845 3851 atque
862 3771 1076 3849 mandamus,
1101 3781 1267 3856 quatenus
1293 3773 1362 3855 ipse
1381 3763 1416 3832 ad
1429 3775 1479 3823 exe·

419 3873 614 3954 quutionem
631 3871 890 3954 praemissorum
908 3875 1060 3940 omnium
1077 3885 1112 3941 ct
1134 3877 1339 3960 singulorum
1353 3866 1478 3957 procedat,

254 3955 291 3994 Μ’
417 3995 537 4040 omnes
559 3983 593 4038 et
622 3975 772 4057 singulas
801 3979 845 4041 ad
869 3977 903 4041 id
934 3977 965 4040 ei
988 3980 1243 4061 quomodolibet
1265 3975 1442 4044 necessarias
1458 3974 1477 4024 et

417 4087 625 4162 opportunas
637 4078 860 4162 impertiendo
876 4080 1064 4159 facultates,
1081 4082 1130 4147 ita
1144 4084 1248 4148 etiam
1263 4093 1301 4147 ut
1315 4083 1380 4166 ipse
1396 4076 1476 4138 petrus

417 4181 711 4265 Archiepiscopus,
737 4183 765 4248 si
792 4185 906 4248 omnia
922 4187 1116 4267 supradicta
1140 4205 1200 4270 per
1215 4206 1251 4251 se
1266 4187 1369 4270 ipsum
1390 4164 1476 4250 exequ

418 4303 485 4348 non
502 4284 621 4361 valeat,
636 4284 737 4350 aliam
750 4289 975 4368 personam,in
988 4291 1214 4358 ecclesiastica
1228 4301 1338 4356 tamen
1352 4281 1474 4366 dignitate
1517 4333 1518 4356 r

418 4387 645 4465 constitutam,
660 4390 767 4472 possit
781 4391 1009 4477 subdelegare
