<?xml version="1.0" encoding="UTF-8"?>
<!DOCTYPE html PUBLIC "-//W3C//DTD XHTML 1.0 Transitional//EN"
    "http://www.w3.org/TR/xhtml1/DTD/xhtml1-transitional.dtd">
<html xmlns="http://www.w3.org/1999/xhtml" xml:lang="en" lang="en">
 <head>
  <title>
</title>
<meta http-equiv="Content-Type" content="text/html;charset=utf-8" />
  <meta name='ocr-system' content='tesseract 3.04.00' />
  <meta name='ocr-capabilities' content='ocr_page ocr_carea ocr_par ocr_line ocrx_word'/>
</head>
<body>
  <div class='ocr_page' id='page_1' title='image "./sanctissimidomi03xiiigoog_0500.png"; bbox 0 0 3230 4874; ppageno 0'>
   <div class='ocr_carea' id='block_1_1' title="bbox 132 343 1276 457">
    <p class='ocr_par' dir='ltr' id='par_1_1' title="bbox 132 343 1276 457">
     <span class='ocr_line' id='line_1_1' title="bbox 132 343 1276 457; baseline 0.003 -25"><span class='ocrx_word' id='word_1_1' title='bbox 132 382 187 433; x_wconf 80' lang='lat' dir='ltr'>DE</span> <span class='ocrx_word' id='word_1_2' title='bbox 204 381 419 435; x_wconf 79' lang='lat' dir='ltr'>TOLLENDIS</span> <span class='ocrx_word' id='word_1_3' title='bbox 436 383 659 447; x_wconf 82' lang='lat' dir='ltr'><strong>QUIBUSDAM</strong></span> <span class='ocrx_word' id='word_1_4' title='bbox 674 384 717 435; x_wconf 88' lang='lat' dir='ltr'>IN</span> <span class='ocrx_word' id='word_1_5' title='bbox 731 381 938 436; x_wconf 82' lang='lat' dir='ltr'>CLAUSTRIS</span> <span class='ocrx_word' id='word_1_6' title='bbox 951 383 1146 439; x_wconf 81' lang='lat' dir='ltr'>ABUSIBUS.</span> <span class='ocrx_word' id='word_1_7' title='bbox 1172 383 1214 456; x_wconf 84' lang='lat'>13</span> <span class='ocrx_word' id='word_1_8' title='bbox 1219 381 1238 457; x_wconf 79' lang='grc'>5</span> <span class='ocrx_word' id='word_1_9' title='bbox 1273 343 1276 351; x_wconf 17' lang='grc' dir='ltr'><strong>Α</strong></span> 
     </span>
    </p>
   </div>
   <div class='ocr_carea' id='block_1_2' title="bbox 124 550 1491 2088">
    <p class='ocr_par' dir='ltr' id='par_1_2' title="bbox 130 550 1416 949">
     <span class='ocr_line' id='line_1_2' title="bbox 130 550 1416 648; baseline -0.001 -32"><span class='ocrx_word' id='word_1_10' title='bbox 130 571 252 636; x_wconf 84' lang='lat' dir='ltr'>pacem</span> <span class='ocrx_word' id='word_1_11' title='bbox 269 560 304 615; x_wconf 90' lang='lat' dir='ltr'>et</span> <span class='ocrx_word' id='word_1_12' title='bbox 318 553 533 620; x_wconf 81' lang='lat' dir='ltr'>concordiam</span> <span class='ocrx_word' id='word_1_13' title='bbox 549 555 583 618; x_wconf 91' lang='lat' dir='ltr'>in</span> <span class='ocrx_word' id='word_1_14' title='bbox 600 550 900 620; x_wconf 85' lang='lat' dir='ltr'>communitatibus</span> <span class='ocrx_word' id='word_1_15' title='bbox 916 553 1116 618; x_wconf 86' lang='lat' dir='ltr'>servandam</span> <span class='ocrx_word' id='word_1_16' title='bbox 1126 550 1242 616; x_wconf 85' lang='lat' dir='ltr'>foven-</span> <span class='ocrx_word' id='word_1_17' title='bbox 1273 557 1416 648; x_wconf 55' lang='lat' dir='ltr'>„Eggm</span> 
     </span>
     <span class='ocr_line' id='line_1_3' title="bbox 130 653 1375 742; baseline -0.005 -22"><span class='ocrx_word' id='word_1_18' title='bbox 130 657 282 739; x_wconf 84' lang='lat' dir='ltr'>demque</span> <span class='ocrx_word' id='word_1_19' title='bbox 305 655 495 722; x_wconf 80' lang='lat' dir='ltr'>salutariter</span> <span class='ocrx_word' id='word_1_20' title='bbox 519 677 559 724; x_wconf 90' lang='lat' dir='ltr'>ac</span> <span class='ocrx_word' id='word_1_21' title='bbox 584 657 754 742; x_wconf 86' lang='lat' dir='ltr'>sapienter</span> <span class='ocrx_word' id='word_1_22' title='bbox 775 655 981 722; x_wconf 82' lang='lat' dir='ltr'>constitutae</span> <span class='ocrx_word' id='word_1_23' title='bbox 1005 655 1073 721; x_wconf 91' lang='lat' dir='ltr'>iam</span> <span class='ocrx_word' id='word_1_24' title='bbox 1100 654 1241 733; x_wconf 90' lang='lat' dir='ltr'>fuerant,</span> <span class='ocrx_word' id='word_1_25' title='bbox 1308 653 1375 714; x_wconf 80' lang='lat'><em>18⁹0·</em></span> 
     </span>
     <span class='ocr_line' id='line_1_4' title="bbox 130 757 1355 838; baseline -0.002 -14"><span class='ocrx_word' id='word_1_26' title='bbox 130 759 225 825; x_wconf 89' lang='lat' dir='ltr'>haud</span> <span class='ocrx_word' id='word_1_27' title='bbox 242 781 316 825; x_wconf 91' lang='lat' dir='ltr'>raro</span> <span class='ocrx_word' id='word_1_28' title='bbox 332 761 366 826; x_wconf 94' lang='lat' dir='ltr'>in</span> <span class='ocrx_word' id='word_1_29' title='bbox 382 761 570 826; x_wconf 91' lang='lat' dir='ltr'>animarum</span> <span class='ocrx_word' id='word_1_30' title='bbox 583 761 772 838; x_wconf 86' lang='lat' dir='ltr'>discrimen,</span> <span class='ocrx_word' id='word_1_31' title='bbox 782 759 816 824; x_wconf 91' lang='lat' dir='ltr'>iu</span> <span class='ocrx_word' id='word_1_32' title='bbox 829 759 1109 826; x_wconf 87' lang='lat' dir='ltr'>conscientiarum</span> <span class='ocrx_word' id='word_1_33' title='bbox 1123 757 1240 825; x_wconf 81' lang='lat' dir='ltr'>anxie·</span> <span class='ocrx_word' id='word_1_34' title='bbox 1352 773 1355 780; x_wconf 52' lang='lat'><em>¹</em></span> 
     </span>
     <span class='ocr_line' id='line_1_5' title="bbox 130 863 1241 949; baseline -0.002 -19"><span class='ocrx_word' id='word_1_35' title='bbox 130 875 250 942; x_wconf 88' lang='lat' dir='ltr'>tatem,</span> <span class='ocrx_word' id='word_1_36' title='bbox 275 885 315 930; x_wconf 90' lang='lat' dir='ltr'>ac</span> <span class='ocrx_word' id='word_1_37' title='bbox 339 866 476 949; x_wconf 86' lang='lat' dir='ltr'>insuper</span> <span class='ocrx_word' id='word_1_38' title='bbox 500 865 534 932; x_wconf 93' lang='lat' dir='ltr'>in</span> <span class='ocrx_word' id='word_1_39' title='bbox 558 874 723 932; x_wconf 87' lang='lat' dir='ltr'>externae</span> <span class='ocrx_word' id='word_1_40' title='bbox 753 863 845 948; x_wconf 89' lang='lat' dir='ltr'>pacis</span> <span class='ocrx_word' id='word_1_41' title='bbox 876 863 1102 931; x_wconf 85' lang='lat' dir='ltr'>turbationem</span> <span class='ocrx_word' id='word_1_42' title='bbox 1125 882 1241 929; x_wconf 88' lang='lat' dir='ltr'>versae</span> 
     </span>
    </p>

    <p class='ocr_par' dir='ltr' id='par_1_3' title="bbox 130 967 1240 1050">
     <span class='ocr_line' id='line_1_6' title="bbox 130 967 1240 1050; baseline -0.001 -18"><span class='ocrx_word' id='word_1_43' title='bbox 130 967 266 1045; x_wconf 89' lang='lat' dir='ltr'>fuerint,</span> <span class='ocrx_word' id='word_1_44' title='bbox 281 987 342 1032; x_wconf 89' lang='lat' dir='ltr'>ceu</span> <span class='ocrx_word' id='word_1_45' title='bbox 357 968 569 1034; x_wconf 90' lang='lat' dir='ltr'>subditorum</span> <span class='ocrx_word' id='word_1_46' title='bbox 592 987 745 1033; x_wconf 90' lang='lat' dir='ltr'>recursus</span> <span class='ocrx_word' id='word_1_47' title='bbox 760 977 796 1033; x_wconf 89' lang='lat' dir='ltr'>et</span> <span class='ocrx_word' id='word_1_48' title='bbox 810 967 1039 1050; x_wconf 87' lang='lat' dir='ltr'>querimoniae</span> <span class='ocrx_word' id='word_1_49' title='bbox 1054 967 1180 1050; x_wconf 89' lang='lat' dir='ltr'>passim</span> <span class='ocrx_word' id='word_1_50' title='bbox 1196 967 1240 1031; x_wconf 91' lang='lat' dir='ltr'>ad</span> 
     </span>
    </p>

    <p class='ocr_par' dir='ltr' id='par_1_4' title="bbox 129 1069 1033 1154">
     <span class='ocr_line' id='line_1_7' title="bbox 129 1069 1033 1154; baseline -0.002 -18"><span class='ocrx_word' id='word_1_51' title='bbox 129 1070 170 1136; x_wconf 90' lang='lat' dir='ltr'>S.</span> <span class='ocrx_word' id='word_1_52' title='bbox 186 1069 310 1137; x_wconf 89' lang='lat' dir='ltr'>Sedem</span> <span class='ocrx_word' id='word_1_53' title='bbox 326 1071 521 1137; x_wconf 89' lang='lat' dir='ltr'>interiectae</span> <span class='ocrx_word' id='word_1_54' title='bbox 536 1071 786 1138; x_wconf 90' lang='lat' dir='ltr'>evidentissime</span> <span class='ocrx_word' id='word_1_55' title='bbox 801 1070 1033 1154; x_wconf 87' lang='lat' dir='ltr'>comprobant.</span> 
     </span>
    </p>

    <p class='ocr_par' dir='ltr' id='par_1_5' title="bbox 124 1165 1491 1975">
     <span class='ocr_line' id='line_1_8' title="bbox 177 1165 1491 1272; baseline -0.002 -32"><span class='ocrx_word' id='word_1_56' title='bbox 177 1175 290 1260; x_wconf 85' lang='lat' dir='ltr'>Quare</span> <span class='ocrx_word' id='word_1_57' title='bbox 306 1175 436 1242; x_wconf 89' lang='lat' dir='ltr'>SSmus</span> <span class='ocrx_word' id='word_1_58' title='bbox 452 1176 496 1244; x_wconf 91' lang='lat' dir='ltr'>D.</span> <span class='ocrx_word' id='word_1_59' title='bbox 511 1176 554 1242; x_wconf 91' lang='lat' dir='ltr'>N.</span> <span class='ocrx_word' id='word_1_60' title='bbox 577 1177 650 1242; x_wconf 90' lang='lat' dir='ltr'>Leo</span> <span class='ocrx_word' id='word_1_61' title='bbox 669 1175 784 1240; x_wconf 83' lang='lat' dir='ltr'>divina</span> <span class='ocrx_word' id='word_1_62' title='bbox 801 1174 1013 1258; x_wconf 88' lang='lat' dir='ltr'>prouidentia</span> <span class='ocrx_word' id='word_1_63' title='bbox 1029 1175 1121 1258; x_wconf 86' lang='lat' dir='ltr'>Papa</span> <span class='ocrx_word' id='word_1_64' title='bbox 1136 1173 1240 1252; x_wconf 92' lang='lat' dir='ltr'>XIII,</span> <span class='ocrx_word' id='word_1_65' title='bbox 1264 1165 1359 1272; x_wconf 52' lang='lat' dir='ltr'>ss&#39;t‘x‘</span> <span class='ocrx_word' id='word_1_66' title='bbox 1368 1166 1418 1272; x_wconf 49' lang='grc' dir='ltr'><em>ᾖ</em></span> <span class='ocrx_word' id='word_1_67' title='bbox 1488 1255 1491 1262; x_wconf 18' lang='grc' dir='ltr'><strong>Δ</strong></span> 
     </span>
     <span class='ocr_line' id='line_1_9' title="bbox 128 1259 1419 1389; baseline -0.002 -46"><span class='ocrx_word' id='word_1_68' title='bbox 128 1299 261 1363; x_wconf 85' lang='lat' dir='ltr'>proca</span> <span class='ocrx_word' id='word_1_69' title='bbox 291 1299 358 1362; x_wconf 85' lang='lat' dir='ltr'>qua</span> <span class='ocrx_word' id='word_1_70' title='bbox 388 1287 539 1362; x_wconf 88' lang='lat' dir='ltr'>praestat</span> <span class='ocrx_word' id='word_1_71' title='bbox 569 1299 649 1362; x_wconf 86' lang='lat' dir='ltr'>erga</span> <span class='ocrx_word' id='word_1_72' title='bbox 680 1278 898 1344; x_wconf 85' lang='lat' dir='ltr'>lectissimam</span> <span class='ocrx_word' id='word_1_73' title='bbox 929 1277 1017 1342; x_wconf 89' lang='lat' dir='ltr'>hanc</span> <span class='ocrx_word' id='word_1_74' title='bbox 1047 1278 1098 1342; x_wconf 90' lang='lat' dir='ltr'>sui</span> <span class='ocrx_word' id='word_1_75' title='bbox 1128 1278 1239 1360; x_wconf 89' lang='lat' dir='ltr'>gregis</span> <span class='ocrx_word' id='word_1_76' title='bbox 1265 1259 1419 1389; x_wconf 50' lang='lat' dir='ltr'>{fleterre-</span> 
     </span>
     <span class='ocr_line' id='line_1_10' title="bbox 127 1378 1326 1472; baseline -0.003 -23"><span class='ocrx_word' id='word_1_77' title='bbox 127 1385 320 1468; x_wconf 87' lang='lat' dir='ltr'>portionem</span> <span class='ocrx_word' id='word_1_78' title='bbox 337 1383 496 1466; x_wconf 90' lang='lat' dir='ltr'>peculiari</span> <span class='ocrx_word' id='word_1_79' title='bbox 512 1383 748 1462; x_wconf 90' lang='lat' dir='ltr'>sollicitudine,</span> <span class='ocrx_word' id='word_1_80' title='bbox 763 1381 797 1446; x_wconf 93' lang='lat' dir='ltr'>in</span> <span class='ocrx_word' id='word_1_81' title='bbox 814 1382 987 1448; x_wconf 88' lang='lat' dir='ltr'>audientia</span> <span class='ocrx_word' id='word_1_82' title='bbox 1001 1383 1118 1446; x_wconf 90' lang='lat' dir='ltr'>habita</span> <span class='ocrx_word' id='word_1_83' title='bbox 1140 1402 1161 1446; x_wconf 90' lang='lat' dir='ltr'>a</span> <span class='ocrx_word' id='word_1_84' title='bbox 1185 1400 1239 1472; x_wconf 77' lang='lat' dir='ltr'>rue</span> <span class='ocrx_word' id='word_1_85' title='bbox 1319 1378 1326 1391; x_wconf 86' lang='grc'><strong>”</strong></span> 
     </span>
     <span class='ocr_line' id='line_1_11' title="bbox 126 1486 1240 1572; baseline -0.002 -18"><span class='ocrx_word' id='word_1_86' title='bbox 126 1487 301 1554; x_wconf 89' lang='lat' dir='ltr'>Cardinali</span> <span class='ocrx_word' id='word_1_87' title='bbox 336 1487 510 1554; x_wconf 83' lang='lat' dir='ltr'>Praefecto</span> <span class='ocrx_word' id='word_1_88' title='bbox 548 1487 582 1555; x_wconf 90' lang='lat' dir='ltr'>S.</span> <span class='ocrx_word' id='word_1_89' title='bbox 609 1486 889 1572; x_wconf 87' lang='lat' dir='ltr'>Congregationis</span> <span class='ocrx_word' id='word_1_90' title='bbox 927 1486 1173 1570; x_wconf 86' lang='lat' dir='ltr'>Episcoporum</span> <span class='ocrx_word' id='word_1_91' title='bbox 1206 1493 1240 1552; x_wconf 90' lang='lat' dir='ltr'>et</span> 
     </span>
     <span class='ocr_line' id='line_1_12' title="bbox 127 1587 1241 1676; baseline -0.005 -19"><span class='ocrx_word' id='word_1_92' title='bbox 127 1591 350 1676; x_wconf 89' lang='lat' dir='ltr'>Regularium</span> <span class='ocrx_word' id='word_1_93' title='bbox 384 1592 528 1675; x_wconf 89' lang='lat' dir='ltr'>negotiis</span> <span class='ocrx_word' id='word_1_94' title='bbox 555 1600 589 1657; x_wconf 92' lang='lat' dir='ltr'>et</span> <span class='ocrx_word' id='word_1_95' title='bbox 617 1590 923 1657; x_wconf 88' lang='lat' dir='ltr'>consultationibus</span> <span class='ocrx_word' id='word_1_96' title='bbox 949 1590 1162 1672; x_wconf 88' lang='lat' dir='ltr'>praepositae</span> <span class='ocrx_word' id='word_1_97' title='bbox 1185 1587 1241 1652; x_wconf 90' lang='lat' dir='ltr'>die</span> 
     </span>
     <span class='ocr_line' id='line_1_13' title="bbox 124 1691 1240 1779; baseline -0.004 -19"><span class='ocrx_word' id='word_1_98' title='bbox 124 1697 380 1779; x_wconf 87' lang='lat' dir='ltr'>decimaquarta</span> <span class='ocrx_word' id='word_1_99' title='bbox 407 1696 605 1761; x_wconf 87' lang='lat' dir='ltr'>Decembris</span> <span class='ocrx_word' id='word_1_100' title='bbox 635 1697 719 1776; x_wconf 87' lang='lat'>1890</span> <span class='ocrx_word' id='word_1_101' title='bbox 739 1693 897 1758; x_wconf 90' lang='lat' dir='ltr'>omnibus</span> <span class='ocrx_word' id='word_1_102' title='bbox 913 1693 1032 1758; x_wconf 87' lang='lat' dir='ltr'>sedulo</span> <span class='ocrx_word' id='word_1_103' title='bbox 1046 1691 1240 1775; x_wconf 89' lang='lat' dir='ltr'>diligenter·</span> 
     </span>
     <span class='ocr_line' id='line_1_14' title="bbox 125 1795 1241 1882; baseline -0.002 -20"><span class='ocrx_word' id='word_1_104' title='bbox 125 1818 195 1882; x_wconf 91' lang='lat' dir='ltr'>que</span> <span class='ocrx_word' id='word_1_105' title='bbox 210 1797 392 1882; x_wconf 85' lang='lat' dir='ltr'>perpensis,</span> <span class='ocrx_word' id='word_1_106' title='bbox 407 1798 490 1863; x_wconf 91' lang='lat' dir='ltr'>haec</span> <span class='ocrx_word' id='word_1_107' title='bbox 505 1818 593 1881; x_wconf 90' lang='lat' dir='ltr'>quae</span> <span class='ocrx_word' id='word_1_108' title='bbox 608 1807 794 1882; x_wconf 88' lang='lat' dir='ltr'>sequuntur</span> <span class='ocrx_word' id='word_1_109' title='bbox 808 1797 925 1875; x_wconf 92' lang='lat' dir='ltr'>voluit,</span> <span class='ocrx_word' id='word_1_110' title='bbox 947 1795 1123 1862; x_wconf 91' lang='lat' dir='ltr'>constituit</span> <span class='ocrx_word' id='word_1_111' title='bbox 1138 1803 1241 1879; x_wconf 89' lang='lat' dir='ltr'>atquc</span> 
     </span>
     <span class='ocr_line' id='line_1_15' title="bbox 125 1904 530 1975; baseline -0.005 -7"><span class='ocrx_word' id='word_1_112' title='bbox 125 1904 290 1968; x_wconf 84' lang='lat' dir='ltr'>decrevit.</span> <span class='ocrx_word' id='word_1_113' title='bbox 525 1967 530 1975; x_wconf 72' lang='grc'><strong>,</strong></span> 
     </span>
    </p>

    <p class='ocr_par' dir='ltr' id='par_1_6' title="bbox 176 2002 1353 2088">
     <span class='ocr_line' id='line_1_16' title="bbox 176 2002 1353 2088; baseline -0.003 -16"><span class='ocrx_word' id='word_1_114' title='bbox 176 2007 203 2072; x_wconf 93' lang='lat'>1.</span> <span class='ocrx_word' id='word_1_115' title='bbox 227 2006 398 2072; x_wconf 86' lang='lat' dir='ltr'>Sanctitas</span> <span class='ocrx_word' id='word_1_116' title='bbox 426 2005 498 2074; x_wconf 84' lang='lat' dir='ltr'>Sua</span> <span class='ocrx_word' id='word_1_117' title='bbox 523 2005 640 2083; x_wconf 89' lang='lat' dir='ltr'>irritat,</span> <span class='ocrx_word' id='word_1_118' title='bbox 655 2005 808 2088; x_wconf 84' lang='lat' dir='ltr'>abrogat,</span> <span class='ocrx_word' id='word_1_119' title='bbox 823 2012 858 2069; x_wconf 89' lang='lat' dir='ltr'>et</span> <span class='ocrx_word' id='word_1_120' title='bbox 877 2002 999 2068; x_wconf 91' lang='lat' dir='ltr'>nullius</span> <span class='ocrx_word' id='word_1_121' title='bbox 1014 2004 1048 2068; x_wconf 94' lang='lat' dir='ltr'>in</span> <span class='ocrx_word' id='word_1_122' title='bbox 1064 2011 1237 2086; x_wconf 88' lang='lat' dir='ltr'>posterum</span> <span class='ocrx_word' id='word_1_123' title='bbox 1331 2019 1353 2052; x_wconf 83' lang='lat'>1·</span> 
     </span>
    </p>
   </div>
   <div class='ocr_carea' id='block_1_3' title="bbox 1273 2063 1417 2111">
    <p class='ocr_par' dir='ltr' id='par_1_7' title="bbox 1273 2063 1417 2111">
     <span class='ocr_line' id='line_1_17' title="bbox 1273 2063 1417 2111; baseline 0.007 -1"><span class='ocrx_word' id='word_1_124' title='bbox 1273 2065 1304 2110; x_wconf 81' lang='lat' dir='ltr'>In</span> <span class='ocrx_word' id='word_1_125' title='bbox 1315 2063 1354 2110; x_wconf 73' lang='lat' dir='ltr'>his</span> <span class='ocrx_word' id='word_1_126' title='bbox 1362 2079 1417 2111; x_wconf 79' lang='lat' dir='ltr'>con·</span> 
     </span>
    </p>
   </div>
   <div class='ocr_carea' id='block_1_4' title="bbox 127 2106 1416 2309">
    <p class='ocr_par' dir='ltr' id='par_1_8' title="bbox 127 2106 1416 2309">
     <span class='ocr_line' id='line_1_18' title="bbox 127 2106 1408 2193; baseline -0.002 -21"><span class='ocrx_word' id='word_1_127' title='bbox 127 2108 261 2174; x_wconf 90' lang='lat' dir='ltr'>roboris</span> <span class='ocrx_word' id='word_1_128' title='bbox 276 2108 426 2174; x_wconf 89' lang='lat' dir='ltr'>declarat</span> <span class='ocrx_word' id='word_1_129' title='bbox 441 2128 671 2193; x_wconf 89' lang='lat' dir='ltr'>quascumque</span> <span class='ocrx_word' id='word_1_130' title='bbox 696 2107 935 2191; x_wconf 89' lang='lat' dir='ltr'>dispositiones</span> <span class='ocrx_word' id='word_1_131' title='bbox 958 2106 1236 2172; x_wconf 90' lang='lat' dir='ltr'>constitutionum</span> <span class='ocrx_word' id='word_1_132' title='bbox 1258 2123 1408 2184; x_wconf 71' lang='lat' dir='ltr'>gregatim·</span> 
     </span>
     <span class='ocr_line' id='line_1_19' title="bbox 127 2181 1416 2309; baseline -0.002 -33"><span class='ocrx_word' id='word_1_133' title='bbox 127 2213 262 2296; x_wconf 91' lang='lat' dir='ltr'>piarum</span> <span class='ocrx_word' id='word_1_134' title='bbox 287 2213 496 2292; x_wconf 89' lang='lat' dir='ltr'>societatum,</span> <span class='ocrx_word' id='word_1_135' title='bbox 522 2213 753 2278; x_wconf 90' lang='lat' dir='ltr'>institutorum</span> <span class='ocrx_word' id='word_1_136' title='bbox 782 2210 958 2276; x_wconf 90' lang='lat' dir='ltr'>mulierum</span> <span class='ocrx_word' id='word_1_137' title='bbox 985 2210 1055 2274; x_wconf 89' lang='lat' dir='ltr'>sive</span> <span class='ocrx_word' id='word_1_138' title='bbox 1081 2219 1237 2274; x_wconf 89' lang='lat' dir='ltr'>votorum</span> <span class='ocrx_word' id='word_1_139' title='bbox 1261 2181 1416 2309; x_wconf 51' lang='lat' dir='ltr'>ss&#39;fju‘sswfss‘ss,</span> 
     </span>
    </p>
   </div>
   <div class='ocr_carea' id='block_1_5' title="bbox 123 2301 1413 4270">
    <p class='ocr_par' dir='ltr' id='par_1_9' title="bbox 125 2301 1410 2713">
     <span class='ocr_line' id='line_1_20' title="bbox 127 2301 1410 2407; baseline -0.002 -27"><span class='ocrx_word' id='word_1_140' title='bbox 127 2317 332 2400; x_wconf 89' lang='lat' dir='ltr'>simplicium</span> <span class='ocrx_word' id='word_1_141' title='bbox 354 2317 424 2382; x_wconf 90' lang='lat' dir='ltr'>sive</span> <span class='ocrx_word' id='word_1_142' title='bbox 448 2316 661 2396; x_wconf 89' lang='lat' dir='ltr'>solemnium,</span> <span class='ocrx_word' id='word_1_143' title='bbox 682 2335 743 2382; x_wconf 94' lang='lat' dir='ltr'>nec</span> <span class='ocrx_word' id='word_1_144' title='bbox 768 2335 836 2381; x_wconf 92' lang='lat' dir='ltr'>non</span> <span class='ocrx_word' id='word_1_145' title='bbox 862 2315 1008 2380; x_wconf 88' lang='lat' dir='ltr'>virorum</span> <span class='ocrx_word' id='word_1_146' title='bbox 1042 2312 1237 2378; x_wconf 90' lang='lat' dir='ltr'>omnimode</span> <span class='ocrx_word' id='word_1_147' title='bbox 1261 2301 1410 2407; x_wconf 51' lang='lat' dir='ltr'>{mm</span> 
     </span>
     <span class='ocr_line' id='line_1_21' title="bbox 125 2415 1381 2523; baseline -0.004 -39"><span class='ocrx_word' id='word_1_148' title='bbox 125 2420 302 2498; x_wconf 91' lang='lat' dir='ltr'>laicorum,</span> <span class='ocrx_word' id='word_1_149' title='bbox 318 2421 380 2486; x_wconf 90' lang='lat' dir='ltr'>etsi</span> <span class='ocrx_word' id='word_1_150' title='bbox 396 2421 509 2486; x_wconf 90' lang='lat' dir='ltr'>dictae</span> <span class='ocrx_word' id='word_1_151' title='bbox 522 2421 782 2487; x_wconf 85' lang='lat' dir='ltr'>constitutiones</span> <span class='ocrx_word' id='word_1_152' title='bbox 797 2418 1075 2504; x_wconf 87' lang='lat' dir='ltr'>approbationem</span> <span class='ocrx_word' id='word_1_153' title='bbox 1088 2415 1132 2480; x_wconf 92' lang='lat' dir='ltr'>ab</span> <span class='ocrx_word' id='word_1_154' title='bbox 1140 2415 1237 2498; x_wconf 88' lang='lat' dir='ltr'>Apo-</span> <span class='ocrx_word' id='word_1_155' title='bbox 1261 2418 1381 2523; x_wconf 41' lang='lat' dir='ltr'>zizim-</span> 
     </span>
     <span class='ocr_line' id='line_1_22' title="bbox 125 2511 1326 2608; baseline -0.004 -20"><span class='ocrx_word' id='word_1_156' title='bbox 125 2523 250 2590; x_wconf 89' lang='lat' dir='ltr'>stolica</span> <span class='ocrx_word' id='word_1_157' title='bbox 275 2523 364 2592; x_wconf 90' lang='lat' dir='ltr'>Sede</span> <span class='ocrx_word' id='word_1_158' title='bbox 391 2525 565 2592; x_wconf 88' lang='lat' dir='ltr'>retulerint</span> <span class='ocrx_word' id='word_1_159' title='bbox 590 2526 624 2590; x_wconf 92' lang='lat' dir='ltr'>in</span> <span class='ocrx_word' id='word_1_160' title='bbox 652 2525 760 2590; x_wconf 92' lang='lat' dir='ltr'>forma</span> <span class='ocrx_word' id='word_1_161' title='bbox 775 2540 996 2608; x_wconf 89' lang='lat' dir='ltr'>quacumque,</span> <span class='ocrx_word' id='word_1_162' title='bbox 1011 2519 1115 2584; x_wconf 89' lang='lat' dir='ltr'>etiam</span> <span class='ocrx_word' id='word_1_163' title='bbox 1133 2538 1235 2603; x_wconf 82' lang='lat' dir='ltr'>quam</span> <span class='ocrx_word' id='word_1_164' title='bbox 1321 2511 1326 2524; x_wconf 83' lang='lat'>&#39;</span> 
     </span>
     <span class='ocr_line' id='line_1_23' title="bbox 125 2624 1235 2713; baseline -0.006 -19"><span class='ocrx_word' id='word_1_165' title='bbox 125 2627 222 2695; x_wconf 89' lang='lat' dir='ltr'>aiunt</span> <span class='ocrx_word' id='word_1_166' title='bbox 238 2629 523 2713; x_wconf 89' lang='lat' dir='ltr'>specialissimam,</span> <span class='ocrx_word' id='word_1_167' title='bbox 538 2631 572 2696; x_wconf 92' lang='lat' dir='ltr'>in</span> <span class='ocrx_word' id='word_1_168' title='bbox 588 2650 630 2695; x_wconf 92' lang='lat' dir='ltr'>eo</span> <span class='ocrx_word' id='word_1_169' title='bbox 645 2627 782 2708; x_wconf 88' lang='lat' dir='ltr'>scilicet,</span> <span class='ocrx_word' id='word_1_170' title='bbox 793 2628 884 2713; x_wconf 92' lang='lat' dir='ltr'>quod</span> <span class='ocrx_word' id='word_1_171' title='bbox 897 2626 1007 2692; x_wconf 91' lang='lat' dir='ltr'>cordis</span> <span class='ocrx_word' id='word_1_172' title='bbox 1019 2635 1053 2690; x_wconf 90' lang='lat' dir='ltr'>et</span> <span class='ocrx_word' id='word_1_173' title='bbox 1065 2624 1235 2690; x_wconf 90' lang='lat' dir='ltr'>conscien-</span> 
     </span>
    </p>

    <p class='ocr_par' dir='ltr' id='par_1_10' title="bbox 123 2728 1410 3233">
     <span class='ocr_line' id='line_1_24' title="bbox 123 2728 1236 2817; baseline -0.005 -19"><span class='ocrx_word' id='word_1_174' title='bbox 123 2733 194 2799; x_wconf 90' lang='lat' dir='ltr'>tiae</span> <span class='ocrx_word' id='word_1_175' title='bbox 223 2735 378 2798; x_wconf 92' lang='lat' dir='ltr'>intimam</span> <span class='ocrx_word' id='word_1_176' title='bbox 410 2732 719 2800; x_wconf 83' lang='lat' dir='ltr'>manifestationem</span> <span class='ocrx_word' id='word_1_177' title='bbox 750 2732 870 2817; x_wconf 90' lang='lat' dir='ltr'>quovis</span> <span class='ocrx_word' id='word_1_178' title='bbox 898 2730 1000 2797; x_wconf 89' lang='lat' dir='ltr'>modo</span> <span class='ocrx_word' id='word_1_179' title='bbox 1030 2749 1069 2794; x_wconf 90' lang='lat' dir='ltr'>ac</span> <span class='ocrx_word' id='word_1_180' title='bbox 1099 2728 1236 2794; x_wconf 87' lang='lat' dir='ltr'>nomine</span> 
     </span>
     <span class='ocr_line' id='line_1_25' title="bbox 125 2833 1324 2921; baseline -0.004 -19"><span class='ocrx_word' id='word_1_181' title='bbox 125 2837 316 2921; x_wconf 83' lang='lat' dir='ltr'>respiciunt</span> <span class='ocrx_word' id='word_1_182' title='bbox 344 2837 398 2902; x_wconf 89' lang='lat' dir='ltr'>Ita</span> <span class='ocrx_word' id='word_1_183' title='bbox 425 2849 606 2920; x_wconf 90' lang='lat' dir='ltr'>propterea</span> <span class='ocrx_word' id='word_1_184' title='bbox 631 2839 718 2902; x_wconf 90' lang='lat' dir='ltr'>serio</span> <span class='ocrx_word' id='word_1_185' title='bbox 742 2835 889 2920; x_wconf 89' lang='lat' dir='ltr'>iniungit</span> <span class='ocrx_word' id='word_1_186' title='bbox 906 2833 1173 2902; x_wconf 88' lang='lat' dir='ltr'>moderatoribus</span> <span class='ocrx_word' id='word_1_187' title='bbox 1195 2851 1236 2898; x_wconf 88' lang='lat' dir='ltr'>ac</span> <span class='ocrx_word' id='word_1_188' title='bbox 1322 2853 1324 2862; x_wconf 66' lang='lat'><strong><em>¹</em></strong></span> 
     </span>
     <span class='ocr_line' id='line_1_26' title="bbox 127 2938 1410 3046; baseline -0.005 -40"><span class='ocrx_word' id='word_1_189' title='bbox 127 2939 404 3006; x_wconf 89' lang='lat' dir='ltr'>moderatricibus</span> <span class='ocrx_word' id='word_1_190' title='bbox 418 2941 613 3007; x_wconf 91' lang='lat' dir='ltr'>huiusmodi</span> <span class='ocrx_word' id='word_1_191' title='bbox 628 2942 869 3018; x_wconf 88' lang='lat' dir='ltr'>institutorum,</span> <span class='ocrx_word' id='word_1_192' title='bbox 879 2938 1179 3021; x_wconf 84' lang='lat' dir='ltr'>congregationum</span> <span class='ocrx_word' id='word_1_193' title='bbox 1195 2955 1235 3000; x_wconf 88' lang='lat' dir='ltr'>ac</span> <span class='ocrx_word' id='word_1_194' title='bbox 1259 2939 1410 3046; x_wconf 52' lang='lat' dir='ltr'>mma</span> 
     </span>
     <span class='ocr_line' id='line_1_27' title="bbox 126 3040 1367 3130; baseline -0.004 -20"><span class='ocrx_word' id='word_1_195' title='bbox 126 3045 328 3110; x_wconf 90' lang='lat' dir='ltr'>societatum</span> <span class='ocrx_word' id='word_1_196' title='bbox 354 3053 392 3110; x_wconf 92' lang='lat' dir='ltr'>ut</span> <span class='ocrx_word' id='word_1_197' title='bbox 418 3065 464 3110; x_wconf 87' lang='lat' dir='ltr'>ex</span> <span class='ocrx_word' id='word_1_198' title='bbox 490 3045 636 3130; x_wconf 91' lang='lat' dir='ltr'>propriis</span> <span class='ocrx_word' id='word_1_199' title='bbox 660 3044 967 3121; x_wconf 88' lang='lat' dir='ltr'>constitutionibus,</span> <span class='ocrx_word' id='word_1_200' title='bbox 989 3040 1175 3107; x_wconf 87' lang='lat' dir='ltr'>directoriis</span> <span class='ocrx_word' id='word_1_201' title='bbox 1195 3058 1234 3104; x_wconf 89' lang='lat' dir='ltr'>ac</span> <span class='ocrx_word' id='word_1_202' title='bbox 1259 3057 1367 3105; x_wconf 56' lang='lat' dir='ltr'>aaran.</span> 
     </span>
     <span class='ocr_line' id='line_1_28' title="bbox 127 3142 1234 3233; baseline -0.008 -19"><span class='ocrx_word' id='word_1_203' title='bbox 127 3147 341 3214; x_wconf 84' lang='lat' dir='ltr'>manualibus</span> <span class='ocrx_word' id='word_1_204' title='bbox 356 3147 528 3231; x_wconf 89' lang='lat' dir='ltr'>praefatae</span> <span class='ocrx_word' id='word_1_205' title='bbox 543 3151 782 3233; x_wconf 88' lang='lat' dir='ltr'>dispositiones</span> <span class='ocrx_word' id='word_1_206' title='bbox 794 3147 933 3214; x_wconf 91' lang='lat' dir='ltr'>omnino</span> <span class='ocrx_word' id='word_1_207' title='bbox 949 3145 1126 3212; x_wconf 89' lang='lat' dir='ltr'>deleantur</span> <span class='ocrx_word' id='word_1_208' title='bbox 1140 3142 1234 3227; x_wconf 83' lang='lat' dir='ltr'>peni.-</span> 
     </span>
    </p>

    <p class='ocr_par' dir='ltr' id='par_1_11' title="bbox 126 3246 1234 3338">
     <span class='ocr_line' id='line_1_29' title="bbox 126 3246 1234 3338; baseline -0.007 -20"><span class='ocrx_word' id='word_1_209' title='bbox 126 3261 249 3336; x_wconf 90' lang='lat' dir='ltr'>tusque</span> <span class='ocrx_word' id='word_1_210' title='bbox 264 3261 512 3335; x_wconf 84' lang='lat' dir='ltr'>expungantur.</span> <span class='ocrx_word' id='word_1_211' title='bbox 530 3255 643 3320; x_wconf 90' lang='lat' dir='ltr'>lrritat</span> <span class='ocrx_word' id='word_1_212' title='bbox 658 3254 782 3338; x_wconf 85' lang='lat' dir='ltr'>pariter</span> <span class='ocrx_word' id='word_1_213' title='bbox 797 3273 835 3317; x_wconf 92' lang='lat' dir='ltr'>ac</span> <span class='ocrx_word' id='word_1_214' title='bbox 850 3251 941 3316; x_wconf 91' lang='lat' dir='ltr'>delet</span> <span class='ocrx_word' id='word_1_215' title='bbox 956 3249 1124 3334; x_wconf 91' lang='lat' dir='ltr'>quoslibet</span> <span class='ocrx_word' id='word_1_216' title='bbox 1138 3267 1178 3312; x_wconf 90' lang='lat' dir='ltr'>ea</span> <span class='ocrx_word' id='word_1_217' title='bbox 1190 3246 1234 3311; x_wconf 90' lang='lat' dir='ltr'>de</span> 
     </span>
    </p>

    <p class='ocr_par' dir='ltr' id='par_1_12' title="bbox 127 3351 1017 3424">
     <span class='ocr_line' id='line_1_30' title="bbox 127 3351 1017 3424; baseline -0.001 -4"><span class='ocrx_word' id='word_1_218' title='bbox 127 3376 163 3420; x_wconf 89' lang='lat' dir='ltr'>re</span> <span class='ocrx_word' id='word_1_219' title='bbox 179 3375 259 3420; x_wconf 90' lang='lat' dir='ltr'>usus</span> <span class='ocrx_word' id='word_1_220' title='bbox 273 3364 308 3420; x_wconf 89' lang='lat' dir='ltr'>et</span> <span class='ocrx_word' id='word_1_221' title='bbox 323 3351 583 3422; x_wconf 89' lang='lat' dir='ltr'>consuetudines</span> <span class='ocrx_word' id='word_1_222' title='bbox 598 3358 700 3424; x_wconf 88' lang='lat' dir='ltr'>etiam</span> <span class='ocrx_word' id='word_1_223' title='bbox 725 3354 1017 3422; x_wconf 87' lang='lat' dir='ltr'>immemorabiles.</span> 
     </span>
    </p>

    <p class='ocr_par' dir='ltr' id='par_1_13' title="bbox 127 3427 1413 4270">
     <span class='ocr_line' id='line_1_31' title="bbox 174 3427 1411 3546; baseline -0.006 -23"><span class='ocrx_word' id='word_1_224' title='bbox 174 3459 219 3523; x_wconf 90' lang='lat' dir='ltr'>ll.</span> <span class='ocrx_word' id='word_1_225' title='bbox 235 3457 396 3523; x_wconf 90' lang='lat' dir='ltr'>Districte</span> <span class='ocrx_word' id='word_1_226' title='bbox 410 3459 547 3542; x_wconf 90' lang='lat' dir='ltr'>insuper</span> <span class='ocrx_word' id='word_1_227' title='bbox 562 3460 720 3543; x_wconf 90' lang='lat' dir='ltr'>prohibet</span> <span class='ocrx_word' id='word_1_228' title='bbox 737 3460 929 3526; x_wconf 91' lang='lat' dir='ltr'>memoratis</span> <span class='ocrx_word' id='word_1_229' title='bbox 952 3455 1177 3542; x_wconf 81' lang='lat' dir='ltr'>superioribus</span> <span class='ocrx_word' id='word_1_230' title='bbox 1193 3474 1233 3520; x_wconf 84' lang='lat' dir='ltr'>ac</span> <span class='ocrx_word' id='word_1_231' title='bbox 1275 3427 1352 3546; x_wconf 72' lang='lat' dir='ltr'>⁸1ch</span> <span class='ocrx_word' id='word_1_232' title='bbox 1359 3490 1411 3546; x_wconf 52' lang='grc' dir='ltr'>μα.</span> 
     </span>
     <span class='ocr_line' id='line_1_32' title="bbox 127 3534 1409 3654; baseline -0.006 -25"><span class='ocrx_word' id='word_1_233' title='bbox 127 3563 362 3648; x_wconf 88' lang='lat' dir='ltr'>superiorissis,</span> <span class='ocrx_word' id='word_1_234' title='bbox 388 3565 628 3650; x_wconf 88' lang='lat' dir='ltr'>cuiuscumque</span> <span class='ocrx_word' id='word_1_235' title='bbox 660 3566 783 3649; x_wconf 88' lang='lat' dir='ltr'>gradus</span> <span class='ocrx_word' id='word_1_236' title='bbox 799 3574 832 3630; x_wconf 93' lang='lat' dir='ltr'>et</span> <span class='ocrx_word' id='word_1_237' title='bbox 859 3561 1142 3648; x_wconf 88' lang='lat' dir='ltr'>praeeminentiae</span> <span class='ocrx_word' id='word_1_238' title='bbox 1165 3559 1232 3624; x_wconf 92' lang='lat' dir='ltr'>sint</span> <span class='ocrx_word' id='word_1_239' title='bbox 1256 3534 1409 3654; x_wconf 42' lang='lat' dir='ltr'>yffi,</span> 
     </span>
     <span class='ocr_line' id='line_1_33' title="bbox 128 3651 1410 3772; baseline -0.004 -40"><span class='ocrx_word' id='word_1_240' title='bbox 128 3689 171 3733; x_wconf 91' lang='lat' dir='ltr'>ne</span> <span class='ocrx_word' id='word_1_241' title='bbox 186 3687 346 3750; x_wconf 86' lang='lat' dir='ltr'>personas</span> <span class='ocrx_word' id='word_1_242' title='bbox 372 3667 436 3734; x_wconf 91' lang='lat' dir='ltr'>sibi</span> <span class='ocrx_word' id='word_1_243' title='bbox 462 3669 614 3736; x_wconf 88' lang='lat' dir='ltr'>subditas</span> <span class='ocrx_word' id='word_1_244' title='bbox 635 3670 792 3736; x_wconf 87' lang='lat' dir='ltr'>inducere</span> <span class='ocrx_word' id='word_1_245' title='bbox 816 3676 1009 3753; x_wconf 87' lang='lat' dir='ltr'>pertentent</span> <span class='ocrx_word' id='word_1_246' title='bbox 1033 3665 1159 3729; x_wconf 87' lang='lat' dir='ltr'>directe</span> <span class='ocrx_word' id='word_1_247' title='bbox 1174 3671 1232 3729; x_wconf 91' lang='lat' dir='ltr'>aut</span> <span class='ocrx_word' id='word_1_248' title='bbox 1252 3651 1410 3772; x_wconf 48' lang='lat' dir='ltr'>mm</span> 
     </span>
     <span class='ocr_line' id='line_1_34' title="bbox 127 3766 1409 3877; baseline -0.003 -42"><span class='ocrx_word' id='word_1_249' title='bbox 127 3771 298 3849; x_wconf 90' lang='lat' dir='ltr'>indirecte,</span> <span class='ocrx_word' id='word_1_250' title='bbox 322 3782 511 3856; x_wconf 88' lang='lat' dir='ltr'>praecepto,</span> <span class='ocrx_word' id='word_1_251' title='bbox 537 3773 686 3851; x_wconf 92' lang='lat' dir='ltr'>consilio,</span> <span class='ocrx_word' id='word_1_252' title='bbox 709 3773 839 3848; x_wconf 88' lang='lat' dir='ltr'>timore,</span> <span class='ocrx_word' id='word_1_253' title='bbox 863 3770 972 3847; x_wconf 90' lang='lat' dir='ltr'>minis,</span> <span class='ocrx_word' id='word_1_254' title='bbox 987 3779 1045 3833; x_wconf 91' lang='lat' dir='ltr'>aut</span> <span class='ocrx_word' id='word_1_255' title='bbox 1060 3766 1233 3833; x_wconf 88' lang='lat' dir='ltr'>blanditiis</span> <span class='ocrx_word' id='word_1_256' title='bbox 1257 3769 1409 3877; x_wconf 58' lang='lat' dir='ltr'>jamela·</span> 
     </span>
     <span class='ocr_line' id='line_1_35' title="bbox 128 3844 1390 3985; baseline -0.002 -43"><span class='ocrx_word' id='word_1_257' title='bbox 128 3877 172 3942; x_wconf 90' lang='lat' dir='ltr'>ad</span> <span class='ocrx_word' id='word_1_258' title='bbox 187 3874 380 3940; x_wconf 91' lang='lat' dir='ltr'>huiusmodi</span> <span class='ocrx_word' id='word_1_259' title='bbox 407 3875 714 3943; x_wconf 79' lang='lat' dir='ltr'>manifestationem</span> <span class='ocrx_word' id='word_1_260' title='bbox 741 3875 966 3942; x_wconf 89' lang='lat' dir='ltr'>conscientiae</span> <span class='ocrx_word' id='word_1_261' title='bbox 992 3873 1055 3938; x_wconf 90' lang='lat' dir='ltr'>sibi</span> <span class='ocrx_word' id='word_1_262' title='bbox 1071 3892 1233 3957; x_wconf 86' lang='lat' dir='ltr'>peragen·</span> <span class='ocrx_word' id='word_1_263' title='bbox 1268 3844 1307 3885; x_wconf 70' lang='lat' dir='ltr'>ur.</span> <span class='ocrx_word' id='word_1_264' title='bbox 1371 3939 1390 3985; x_wconf 53' lang='lat' dir='ltr'><em>d</em></span> 
     </span>
     <span class='ocr_line' id='line_1_36' title="bbox 128 3953 1409 4070; baseline -0.001 -26"><span class='ocrx_word' id='word_1_265' title='bbox 128 3981 232 4059; x_wconf 88' lang='lat' dir='ltr'>dam;</span> <span class='ocrx_word' id='word_1_266' title='bbox 258 3979 469 4063; x_wconf 90' lang='lat' dir='ltr'>subditisque</span> <span class='ocrx_word' id='word_1_267' title='bbox 499 4000 707 4046; x_wconf 89' lang='lat' dir='ltr'>econverso</span> <span class='ocrx_word' id='word_1_268' title='bbox 737 3978 910 4062; x_wconf 90' lang='lat' dir='ltr'>praecipit,</span> <span class='ocrx_word' id='word_1_269' title='bbox 940 3985 978 4042; x_wconf 93' lang='lat' dir='ltr'>ut</span> <span class='ocrx_word' id='word_1_270' title='bbox 1006 3976 1233 4060; x_wconf 87' lang='lat' dir='ltr'>superioribus</span> <span class='ocrx_word' id='word_1_271' title='bbox 1258 3953 1409 4070; x_wconf 55' lang='grc' dir='ltr'>,ιῖᾙῷ</span> 
     </span>
     <span class='ocr_line' id='line_1_37' title="bbox 130 4065 1413 4178; baseline -0.001 -32"><span class='ocrx_word' id='word_1_272' title='bbox 130 4081 311 4146; x_wconf 89' lang='lat' dir='ltr'>maioribus</span> <span class='ocrx_word' id='word_1_273' title='bbox 338 4081 541 4148; x_wconf 89' lang='lat' dir='ltr'>denuncient</span> <span class='ocrx_word' id='word_1_274' title='bbox 567 4083 755 4166; x_wconf 88' lang='lat' dir='ltr'>superiores</span> <span class='ocrx_word' id='word_1_275' title='bbox 782 4083 936 4160; x_wconf 87' lang='lat' dir='ltr'>minores,</span> <span class='ocrx_word' id='word_1_276' title='bbox 961 4081 1018 4165; x_wconf 92' lang='lat' dir='ltr'>qui</span> <span class='ocrx_word' id='word_1_277' title='bbox 1046 4101 1103 4148; x_wconf 92' lang='lat' dir='ltr'>eos</span> <span class='ocrx_word' id='word_1_278' title='bbox 1130 4081 1172 4145; x_wconf 89' lang='lat' dir='ltr'>ad</span> <span class='ocrx_word' id='word_1_279' title='bbox 1200 4081 1234 4146; x_wconf 92' lang='lat' dir='ltr'>id</span> <span class='ocrx_word' id='word_1_280' title='bbox 1258 4065 1413 4178; x_wconf 52' lang='grc' dir='ltr'>ῗέᾞη</span> 
     </span>
     <span class='ocr_line' id='line_1_38' title="bbox 129 4177 1310 4270; baseline 0 -20"><span class='ocrx_word' id='word_1_281' title='bbox 129 4185 288 4250; x_wconf 91' lang='lat' dir='ltr'>inducere</span> <span class='ocrx_word' id='word_1_282' title='bbox 302 4183 451 4248; x_wconf 89' lang='lat' dir='ltr'>audeant</span> <span class='ocrx_word' id='word_1_283' title='bbox 466 4195 519 4264; x_wconf 91' lang='lat' dir='ltr'>;et</span> <span class='ocrx_word' id='word_1_284' title='bbox 530 4187 559 4249; x_wconf 90' lang='lat' dir='ltr'>si</span> <span class='ocrx_word' id='word_1_285' title='bbox 574 4195 695 4270; x_wconf 84' lang='lat' dir='ltr'>agatur</span> <span class='ocrx_word' id='word_1_286' title='bbox 711 4187 754 4250; x_wconf 89' lang='lat' dir='ltr'>de</span> <span class='ocrx_word' id='word_1_287' title='bbox 775 4185 988 4250; x_wconf 87' lang='lat' dir='ltr'>moderatore</span> <span class='ocrx_word' id='word_1_288' title='bbox 1011 4185 1064 4250; x_wconf 89' lang='lat' dir='ltr'>vel</span> <span class='ocrx_word' id='word_1_289' title='bbox 1086 4177 1239 4251; x_wconf 88' lang='lat' dir='ltr'>modera·</span> <span class='ocrx_word' id='word_1_290' title='bbox 1261 4177 1310 4229; x_wconf 73' lang='lat'><em>⁶²⁴⁸·</em></span> 
     </span>
    </p>
   </div>
   <div class='ocr_carea' id='block_1_6' title="bbox 130 4286 1418 4408">
    <p class='ocr_par' dir='ltr' id='par_1_14' title="bbox 130 4286 1418 4408">
     <span class='ocr_line' id='line_1_39' title="bbox 130 4286 1418 4408; baseline -0.003 -52"><span class='ocrx_word' id='word_1_291' title='bbox 130 4290 213 4356; x_wconf 88' lang='lat' dir='ltr'>trice</span> <span class='ocrx_word' id='word_1_292' title='bbox 228 4287 385 4372; x_wconf 86' lang='lat' dir='ltr'>generali,</span> <span class='ocrx_word' id='word_1_293' title='bbox 400 4290 616 4357; x_wconf 90' lang='lat' dir='ltr'>denunciatio</span> <span class='ocrx_word' id='word_1_294' title='bbox 631 4290 708 4356; x_wconf 92' lang='lat' dir='ltr'>huic</span> <span class='ocrx_word' id='word_1_295' title='bbox 725 4289 760 4361; x_wconf 86' lang='lat' dir='ltr'>S.</span> <span class='ocrx_word' id='word_1_296' title='bbox 777 4289 1039 4374; x_wconf 86' lang='lat' dir='ltr'>Congregationi</span> <span class='ocrx_word' id='word_1_297' title='bbox 1059 4289 1154 4355; x_wconf 91' lang='lat' dir='ltr'>abiis</span> <span class='ocrx_word' id='word_1_298' title='bbox 1169 4289 1239 4356; x_wconf 88' lang='lat' dir='ltr'>lieri</span> <span class='ocrx_word' id='word_1_299' title='bbox 1261 4286 1418 4408; x_wconf 49' lang='grc' dir='ltr'>’ζὲξὴξξζ</span> 
     </span>
    </p>
   </div>
   <div class='ocr_carea' id='block_1_7' title="bbox 129 4392 1343 4458">
    <p class='ocr_par' dir='ltr' id='par_1_15' title="bbox 129 4392 1343 4458">
     <span class='ocr_line' id='line_1_40' title="bbox 129 4392 1343 4458; baseline -0.005 0"><span class='ocrx_word' id='word_1_300' title='bbox 129 4392 261 4458; x_wconf 86' lang='lat' dir='ltr'>debeat.</span> <span class='ocrx_word' id='word_1_301' title='bbox 1267 4405 1297 4452; x_wconf 74' lang='lat' dir='ltr'>a.</span> <span class='ocrx_word' id='word_1_302' title='bbox 1312 4405 1343 4452; x_wconf 81' lang='lat' dir='ltr'>R.</span> 
     </span>
    </p>
   </div>
   <div class='ocr_carea' id='block_1_8' title="bbox 0 0 1620 4874">
    <p class='ocr_par' dir='ltr' id='par_1_16' title="bbox 0 0 1620 4874">
     <span class='ocr_line' id='line_1_41' title="bbox 0 0 1620 4874; baseline 0 0"><span class='ocrx_word' id='word_1_303' title='bbox 0 0 1620 4874; x_wconf 95' lang='lat' dir='ltr'> </span> 
     </span>
    </p>
   </div>
  </div>
 </body>
</html>
