3250 4876
481 401 605 454 INDEX
632 399 882 454 ANALYTICUS.

196 615 265 675 facit
275 635 328 689 pro
345 615 420 674 felici
431 633 565 674 successu
578 630 639 684 224.
651 645 688 657 -
701 615 820 672 Praesidi
833 624 1005 686 potestatem
1016 610 1085 668 facit
1097 607 1169 666 indi·

193 697 279 754 cendi
292 697 378 754 finem
388 714 561 768 congressus
574 716 581 763 ς
596 696 662 766 imo,
675 697 700 751 si
710 711 829 752 necesse
842 693 887 763 sit,
905 693 1071 750 inchoatum
1084 689 1168 746 inter-

192 777 336 846 mittendi,
357 777 395 832 ed
419 787 614 849 opportunum
632 785 765 847 tempus;
789 774 905 830 demum
924 773 949 828 ei
973 769 1170 843 Apostolicam

192 855 428 913 benedictionem
440 855 622 928 impertiendi
636 869 698 923 224.

155 981 211 1033 52.
227 982 470 1035 ALLOGUTIO
483 983 526 1034 ad
541 984 571 1034 S.
590 983 629 1034 R.
643 984 682 1034 E·
694 982 897 1040 cardinales,
909 979 1087 1029 inchoante
1101 977 1169 1028 xli

119 1062 345 1125 pontificatus
355 1074 455 1114 anno.
467 1089 502 1098 -
513 1063 562 1114 De
575 1063 674 1114 rebus
686 1063 802 1114 1221122.
816 1085 852 1096 -
864 1060 885 1112 2
899 1059 1014 1110 martii
1027 1058 1108 1109 1889
1190 1053 1242 1108 226

229 1163 346 1220 Gratias
356 1164 416 1236 agit
425 1179 509 1220 sacro
523 1163 652 1234 Collegio
661 1181 714 1234 pro
723 1163 806 1230 votis,
813 1163 878 1218 Deo
887 1177 938 1233 pro
950 1158 1055 1215 auxilio
1067 1158 1122 1214 sibi
1131 1159 1169 1215 ab

192 1241 311 1298 ineunte
332 1242 501 1314 pontificatu
521 1243 651 1315 praestito
663 1244 724 1299 226.
742 1271 778 1283 -·
797 1239 1013 1312 octogesimum
1029 1239 1168 1294 inchoans

192 1337 311 1394 annum,
327 1340 434 1380 novum
447 1341 465 1379 2
480 1323 606 1379 Numine
618 1324 706 1379 robur
718 1323 852 1396 impetrat
865 1320 926 1376 226.
938 1349 974 1360 -
984 1317 1119 1390 Queritur
1130 1317 1168 1374 de

192 1403 360 1460 conditione
384 1405 412 1460 S.
432 1402 499 1460 Sedi
520 1403 605 1471 facta,
618 1421 675 1476 qua
694 1403 805 1474 cogitur
822 1419 923 1459 omnes
945 1399 1092 1470 angustias
1111 1400 1171 1472 pati

195 1481 290 1538 ltaiiae
302 1485 430 1542 internas
440 1493 470 1540 et
481 1493 621 1552 externas,
629 1500 744 1556 quoque
751 1500 849 1538 veram
861 1483 1024 1539 libertatem
1038 1479 1170 1535 Ecclesia

192 1563 292 1619 amisit
306 1565 366 1620 226.
385 1594 422 1605 -
434 1563 568 1634 Queritur
586 1564 623 1621 de
641 1564 728 1620 modo
740 1564 890 1634 tyrannico
911 1579 969 1634 quo
981 1562 1088 1616 abusus
1105 1559 1167 1614 Ex·

191 1646 333 1712 sequatur
343 1642 438 1699 dictus
450 1649 534 1700 vexat
546 1642 680 1700 electura
693 1643 812 1699 Summo
827 1641 965 1699 Pontifice
978 1640 1016 1696 ad
1029 1639 1169 1709 regendas

193 1719 337 1776 dioeceses
356 1736 417 1788 227·
439 1751 473 1762 -
493 1720 628 1792 Queritur
648 1723 686 1779 de
699 1723 811 1794 juribus
833 1731 1000 1793 patronatus
1021 1719 1167 1788 illegitime

192 1798 356 1869 vindicatis,
376 1800 454 1856 unde
475 1801 570 1870 piures
591 1800 722 1857 ecclesiae
746 1801 908 1871 pastoribus
930 1809 1030 1855 carent
1050 1812 1111 1864 ²27·
1133 1827 1168 1839 -

191 1879 276 1934 Alias
289 1882 445 1950 permultas
457 1881 623 1938 vexationes
632 1891 790 1948 enumerat,
799 1881 932 1952 genuinae
944 1878 1069 1936 libertati
1079 1878 1168 1932 maxi·

193 1975 245 2014 me
262 1961 425 2016 contrarias
446 1975 506 2028 227.
530 1994 567 2004 -
590 1961 671 2032 Quae,
691 1960 715 2016 si
739 1961 888 2029 Ecclesiae,
913 1959 1005 2015 Italiae
1030 1955 1170 2028 imprimis

192 2049 302 2095 nocent
315 2041 376 2095 228.
388 2070 424 2080 -
437 2041 508 2098 Sors
519 2043 610 2100 italiae
623 2040 692 2096 sorti
704 2040 844 2096 Ecclesiae
856 2039 1016 2095 arctissime
1028 2038 1170 2094 connecti-

194 2129 244 2174 tur
256 2119 316 2174 228.
329 2149 365 2160 -
387 2120 509 2178 Utinam
527 2123 646 2178 tandem
662 2120 756 2192 sapiat
772 2119 833 2174 228.
846 2148 882 2159 -
899 2119 965 2174 Deo
982 2117 1060 2186 fisus,
1083 2117 1171 2172 Sacro

199 2197 332 2268 Collegio
345 2199 489 2256 benedicit
502 2202 562 2258 228.

126 2317 444 2451 18{31121’18'1'0LA
467 2320 511 2371 ad
524 2321 704 2386 Episcopus
727 2319 929 2370 Mantuanos.
947 2340 983 2351 -
1001 2315 1042 2366 14
1060 2313 1173 2364 martii

235 2495 366 2552 Pontifex
378 2496 486 2567 gratias
503 2497 563 2568 agit
581 2495 734 2568 Episcopis
748 2493 909 2551 Mexicanis
924 2509 976 2565 pro
989 2490 1064 2548 virili
1074 2500 1175 2547 contra

194 2574 317 2646 injurias
331 2577 359 2632 S.
374 2577 442 2633 Sedi
456 2576 547 2634 factas
559 2576 764 2648 protestatione
777 2589 836 2644 23o
851 2605 886 2614 -
895 2575 939 2628 Ex
949 2590 984 2629 ea
996 2588 1028 2629 se
1037 2570 1172 2628 solatium

196 2665 227 2712 et
248 2671 330 2726 spem
349 2657 514 2728 percepisse
531 2664 652 2712 testatur
670 2669 729 2724 23n
744 2684 778 2694 —
800 2653 914 2710 Gaudet
932 2651 1069 2724 singulari
1086 2649 1173 2705 modo

196 2733 277 2806 quod
290 2735 427 2807 Episcopi
442 2734 595 2804 Mexicani,
608 2743 668 2790 tam
679 2733 773 2789 dissiti
794 2735 933 2790 aSancta
953 2731 1038 2800 Sede,
1057 2740 1174 2800 tamque

196 2814 272 2870 dura
283 2815 338 2885 ipsi
351 2815 502 2886 patientes,
512 2825 663 2887 tantopere
680 2814 828 2869 doloribus
839 2813 987 2869 Pontificis
1000 2809 1172 2883 participent

197 2907 261 2963 230.
274 2923 310 2934 -
324 2895 432 2951 lterum
453 2894 562 2965 gratias
582 2911 681 2965 agens,
693 2893 866 2965 plenamque
884 2909 986 2966 pacem
1007 2899 1119 2963 optans,
1132 2891 1174 2946 eis

202 2972 351 3030 benedicit
363 2989 424 3044 23n

133 3082 446 3215 18{1i9EPIS'1'0LA
461 3084 502 3134 ad
513 3084 715 3147 Episcopum
733 3083 949 3134 Brixiensem.
963 3081 1045 3133 -31
1063 3080 1176 3130 martii

241 3260 372 3315 Pontifex
381 3259 490 3330 gratias
502 3263 561 3332 agit
572 3261 690 3317 Praesuli
704 3261 741 3316 de
753 3272 872 3333 accepto
880 3278 941 3316 suae
953 3261 1069 3333 optimae
1081 3261 1179 3313 volun·

202 3332 271 3386 tatis
283 3330 450 3387 testimonio
464 3346 525 3401 232.
542 3361 578 3372 -
592 3332 775 3388 Intolerabile
786 3333 914 3388 declarat
928 3348 974 3388 res
992 3329 1177 3401 gravissimas

203 3409 234 3466 S.
248 3409 332 3466 Sedis
353 3427 372 3466 a
392 3410 461 3465 viris
480 3409 599 3480 privatis
622 3412 735 3482 publice
757 3410 919 3482 dijudicari,
931 3426 1020 3482 quum
1042 3425 1121 3479 saepe
1142 3407 1179 3462 de

201 3489 314 3546 eisdem
327 3489 389 3561 ipse
402 3489 534 3546 Pontifex
547 3489 630 3547 aliter
641 3490 679 3546 sit
691 3492 803 3547 locutus
816 3504 877 3558 232.
886 3520 922 3530 -
934 3491 1049 3546 Vellent
1060 3491 1100 3544 ita
1113 3503 1175 3543 sen-

202 3567 310 3624 tientes
323 3568 491 3624 Pontificem
500 3569 538 3624 ad
550 3585 653 3640 pacem
670 3587 736 3626 curn
748 3569 879 3625 hostibus
894 3570 923 3626 S.
938 3570 1022 3625 Sedis
1035 3566 1181 3637 impellere

203 3661 266 3716 232.
279 3677 315 3688 -
337 3647 395 3704 Sed
415 3647 542 3704 conditio
562 3649 592 3704 S.
611 3649 679 3705 Sedi
698 3650 775 3706 facta
795 3649 873 3704 nullo
895 3651 982 3704 modo
1000 3658 1063 3703 rata
1081 3644 1179 3702 haberi
1222 3658 1224 3663 ’

205 3738 301 3800 potest
319 3741 380 3797 232.
396 3757 430 3768 -
450 3727 567 3783 Violata
580 3729 674 3784 Roma
696 3747 754 3785 non
775 3735 945 3806 populorum
966 3729 1017 3786 sed
1038 3737 1180 3783 sectarum

204 3807 302 3865 studio
310 3808 363 3862 fuit
373 3821 473 3876 232-
486 3807 635 3862 Muniendi
646 3818 712 3863 sunt
720 3811 807 3866 animi
818 3824 918 3868 contra
928 3807 1048 3866 consilia
1056 3805 1182 3875 speciem

210 3888 362 3944 modestiae
374 3905 435 3958 prae
447 3904 479 3942 se
492 3886 614 3942 ferentia
626 3900 687 3956 233.

176 4009 227 4062 55.
240 4009 449 4061 EPISTOLA
464 4010 508 4059 ad
523 4009 650 4058 Ducem
666 4009 851 4066 Norioloiae.
866 4039 901 4048 -
912 4011 949 4063 13
963 4009 1078 4074 aprilis
1090 4004 1181 4057 1889.
1201 4011 1254 4068 234

247 4119 391 4174 levamen
411 4134 429 4172 a
446 4116 548 4173 litteris
569 4118 686 4174 nomine
701 4121 907 4176 catholicorum
929 4116 1086 4175 Britanniae
1098 4115 1137 4171 ad
1152 4131 1184 4170 se

210 4197 308 4254 missis
319 4197 467 4267 egregium
488 4196 600 4268 accepit
623 4198 754 4254 Pontifex
766 4215 827 4270 234.
840 4231 877 4242 -
895 4201 996 4272 Iniqua
1009 4195 1094 4254 nimis
1114 4194 1184 4266 ipsis

212 4277 275 4332 visa
286 4288 330 4334 est
343 4276 471 4332 conditio
485 4275 624 4332 Ecclesiae
633 4275 662 4331 iu
677 4277 851 4335 Italianovis
863 4280 974 4349 iegibus
986 4278 1063 4334 facta
1075 4290 1135 4344 234.
1151 4303 1185 4314 -

213 4357 303 4412 Recte
309 4355 474 4428 judicarunt
483 4372 542 4426 quo
551 4355 650 4411 tendat
663 4355 737 4411 icius
747 4357 923 4414 administris
937 4357 1076 4416 Ecclesiae
1088 4357 1181 4410 illatus

216 4450 277 4505 234
287 4465 323 4475 -
336 4435 448 4491 Gaudet
463 4435 617 4490 Britannos
629 4434 787 4492 catholicos
800 4453 903 4493 sanum
916 4439 953 4494 de
972 4455 1040 4495 vera
1053 4437 1183 4494 libertate
