3140 4866
459 415 580 466 tuoux
607 416 857 470 amanuncus,
1116 397 1185 487 283

181 641 343 711 Scriptores
357 651 372 698 ‹
388 639 499 696 Civiltri
509 642 642 696 cattolica
654 652 671 700 lt
684 659 702 698 a
715 642 767 696 Pio
782 643 825 696 [Χ
837 643 866 696 in
885 642 1036 714 collegium
1049 659 1115 702 con·

143 721 258 777 stitutus
273 719 404 774 Pontifex
427 721 526 776 recolit
546 723 590 790 ⁶3·
604 751 639 761 -
661 723 781 776 Fructus
802 721 870 777 inde
883 733 1033 795 perceptos
1053 740 1116 795 pro-

141 799 377 868 bans‚confirmat
390 799 469 856 idem
481 801 769 872 collegiumilludque
780 800 946 858 immediate
956 803 1115 874 Praeposito

142 880 171 934 S.
184 881 210 949 J.
224 880 342 935 subesse
354 880 413 934 vult
426 880 470 948 63.
485 909 519 920 —
531 881 686 936 Rationem
707 879 868 935 studiorum
881 879 935 952 ipsi
945 883 1114 952 praescribit,

141 957 281 1028 imprimis
294 959 391 1030 quoad
404 958 564 1014 doctrinam
585 961 613 1016 S.
628 961 757 1030 Thomae,
777 959 839 1031 jam
863 961 1000 1031 praeclare
1012 963 1049 1018 ab
1070 963 1115 1020 his

142 1037 328 1108 scriptoribus
342 1035 512 1092 illustratam
523 1037 568 1105 64.
584 1067 618 1079 -
632 1039 752 1094 Fructus
771 1056 883 1094 annuus
896 1056 931 1095 ex
949 1041 1004 1096 hoc
1017 1041 1114 1098 labore

143 1129 294 1189 perceptus
315 1117 445 1187 Collegio
462 1127 491 1173 et
512 1119 669 1190 provinciis
694 1119 801 1175 Italicis
823 1120 852 1175 S.
874 1121 900 1190 J.
922 1121 1115 1190 praescribitur

144 1197 335 1269 applicandus
348 1197 392 1263 64.

106 1317 153 1369 18.
172 1317 380 1368 EPISTOLA
393 1313 438 1368 ad
452 1315 664 1367 Cardlnalem
677 1317 855 1379 Lavtgerta
872 1317 921 1368 De
938 1320 1033 1370 cultu
1048 1317 1115 1370 hu-

74 1407 419 1458 manioralltrlcae.-
448 1406 583 1459 multi
606 1405 688 1456 1890
1150 1408 1185 1470 65

179 1508 304 1562 Laetatur
317 1507 450 1563 Pontifex
461 1524 512 1578 per
523 1506 718 1563 missionarios
740 1509 923 1580 Algerienses
937 1509 1042 1567 Africae
1055 1511 1113 1566 cul·

141 1595 202 1640 tum
216 1585 346 1655 progredi
359 1587 439 1656 65.-
454 1585 563 1641 Laudat
577 1586 734 1658 intrepidos
747 1588 832 1657 viros,
842 1604 955 1644 necnon
967 1590 1112 1662 principes

144 1664 281 1720 barbaros
304 1665 374 1735 ipsis
397 1665 526 1721 faventes
545 1665 588 1735 65.
611 1695 647 1705 -
670 1667 781 1722 Laudat
795 1666 911 1737 insuper
922 1677 988 1724 acta
1002 1655 1031 1723 i'n
1044 1686 1111 1724 con-

140 1757 227 1797 ventu
248 1743 433 1806 Bruxellensi‚
456 1744 537 1812 cujus
558 1745 694 1814 praeclara
714 1746 809 1802 studia
829 1746 884 1801 sibi
905 1747 1111 1817 specialissime

141 1821 219 1876 cordi
233 1839 296 1877 esse
309 1833 430 1878 testatur
441 1821 532 1892 6566.
545 1853 581 1863 -
595 1825 653 1880 Sed
666 1823 805 1896 imprimis
818 1836 848 1880 ut
866 1836 1004 1895 augeatur
1013 1843 1110 1882 nume-

141 1917 189 1954 rus
202 1918 366 1970 praeconum
379 1902 478 1958 salutis
491 1902 649 1972 optandum
661 1904 704 1957 66.
715 1933 750 1943 -
760 1905 852 1959 Verus
865 1904 947 1960 miles
960 1905 1111 1975 Evangelii

140 1979 309 2036 describitur
321 1981 363 2037 66.
376 2011 413 2021 -
424 1982 521 2036 Zelum
537 1981 698 2037 Cardinalis
719 1982 850 2038 Pontifex
870 1983 998 2040 stimulat
1015 1985 1059 2052 67.
1073 2013 1108 2024 —

141 2059 251 2114 Laudat
264 2071 408 2116 certamen
421 2059 590 2121 institutum,
605 2060 704 2132 inquo
721 2061 821 2132 optimi
843 2073 943 2117 auctor
961 2063 1056 2133 operis
1068 2064 1106 2118 de

140 2140 274 2194 servitute
295 2141 405 2210 agentis
425 2139 545 2210 praemio
564 2140 686 2195 donetur
702 2142 746 2207 67.
760 2170 795 2180 -
818 2140 914 2196 Prima
926 2151 1022 2197 tamen
1045 2141 1107 2213 ipse

141 2217 271 2274 Pontifici
285 2221 314 2274 in
327 2220 434 2275 caelesti
447 2235 511 2290 ope,
524 2219 603 2287 cujus
617 2219 772 2288 auspicem,
782 2237 864 2275 suam
878 2219 1108 2278 benedictionem

142 2295 267 2367 impertit
280 2300 324 2364 67.
986 2345 987 2350 ,

105 2393 376 2449 19 E1218T0LA
399 2399 442 2449 ad
463 2397 757 2462 Arohleplscopum
777 2399 1108 2463 Rhodiensem,1-:pl-

68 2495 205 2547 soopum
216 2485 504 2547 Melitensemqua
512 2485 704 2537 vindicatur
714 2489 888 2537 conventio
898 2499 976 2538 oum
986 2489 1107 2551 Anglla

68 2571 362 2624 tutta-1⁷Juttt
382 2561 466 2624 raso
1141 2572 1176 2626 68

175 2671 386 2728 Contumeliam
400 2672 511 2728 Pastori
526 2672 631 2727 factam
651 2672 854 2743 assequentur
867 2673 1004 2740 Pontifex,
1019 2683 1105 2745 atque

136 2749 308 2806 documenta
320 2767 378 2806 non
391 2751 541 2823 vulganda,
554 2751 583 2806 in
605 2751 750 2823 publicum
771 2752 856 2813 edita.
872 2753 1023 2823 populares
1045 2753 1104 2808 ani·

136 2845 199 2884 mos
211 2830 342 2886 turbasse
354 2831 397 2886 68.
410 2859 446 2870 -
460 2829 620 2886 Melitensis
642 2831 739 2902 populi
761 2831 859 2886 laudat
879 2830 1012 2900 indolem,
1026 2831 1103 2902 inge·

137 2911 225 2976 nium,
252 2911 377 2966 recentia
402 2921 470 2966 vota
490 2910 533 2966 68.
553 2939 588 2950 -
611 2911 655 2964 Eo
680 2911 773 2980 magis
798 2911 971 2966 damnandae
997 2911 1103 2968 inimici

136 2987 262 3045 hominis
288 2989 400 3045 insidiae
425 2989 468 3058 69.
481 3019 516 3029 -
542 2989 664 3045 Romani
692 2989 853 3056 Pontifices,
879 2999 952 3045 teste
974 2991 1102 3062 historia,

135 3067 244 3123 bonum
252 3069 421 3138 populorum
430 3083 543 3138 semper
552 3077 748 3138 procurarunt,
763 3069 921 3137 praesertim
932 3069 1105 3142 religiosum,

137 3147 190 3203 sibi
204 3147 390 3202 commissum
401 3147 444 3215 69.
461 3175 493 3187 -
507 3148 734 3203 Conventionem
747 3165 837 3217 nuper
857 3165 922 3203 cum
937 3149 1103 3206 Britannico

134 3227 274 3297 gubernio
299 3226 399 3282 initam
424 3226 461 3281 ad
485 3243 588 3282 sanum
609 3227 749 3298 judicium
773 3238 887 3282 revocat
909 3229 951 3295 oa
966 3257 1001 3267 —
1026 3229 1101 3284 Cleri

137 3305 345 3361 institutionem
358 3307 395 3360 ad
407 3317 533 3361 mentem
547 3307 576 3361 S.
592 3306 675 3362 Sedis
689 3306 807 3361 Praesuli
821 3307 1003 3362 commendat
1016 3322 1059 3374 70.
1068 3337 1104 3348 -

139 3385 217 3442 Cleri
231 3384 340 3452 similis,
354 3385 474 3453 populus
486 3385 671 3440 concordiam
685 3384 793 3455 diligat,
806 3395 927 3440 matrem
942 3385 1103 3442 Ecclesiam

137 3464 212 3521 colat
226 3473 313 3535 atque
325 3463 460 3519 defendat
473 3477 516 3531 7o.

100 3581 384 3634 20.Et³1s·rot.lt
409 3583 452 3633 ad
477 3583 681 3644 Episcopum
702 3583 915 3633 Leodlensem
941 3581 981 3632 de
1006 3587 1101 3637 tertio

63 3668 956 3731 Leodtrhabendosoetattconrentu.-rnug1890..
1139 3682 1169 3733 71

169 3769 299 3825 Pontifex
322 3770 387 3825 laete
411 3771 522 3841 accepit
546 3771 676 3826 nuntium
709 3772 776 3824 novi
801 3781 959 3826 conventus
985 3772 1100 3827 socialis

133 3847 231 3902 Leodii
245 3864 311 3902 mox
322 3848 448 3903 habendi
462 3861 541 3914 71.-
551 3848 663 3903 Gaudet
676 3848 865 3919 quaestionem
875 3849 912 3902 de
924 3865 1007 3919 aequa
1021 3851 1099 3906 labo·

132 3945 195 3984 rum
207 3929 341 3983 mercede
357 3928 563 4000 specialissime
575 3929 682 3984 ibidem
703 3929 741 3982 ad
763 3939 887 3983 mentem
902 3929 985 3984 Sedis
998 3932 1099 4001 Apost.

131 4024 195 4063 esse
208 4007 420 4062 retractandam
433 4021 512 4073 71.-
523 4008 616 4078 Opem
632 4007 686 4061 Dei
699 4008 894 4076 congressuris
907 4017 987 4077 optat
1001 4007 1100 4079 eisque

132 4087 276 4142 benedicit
290 4101 333 4154 71.

99 4187 145 4238 21.
162 4180 370 4238 EPISTOLA
382 4187 426 4237 ad
439 4186 715 4238 Maximillanum
730 4189 808 4236 zara
828 4187 1024 4250 praesidem.
1045 4199 1098 4238 so-

58 4275 216 4338 dalesque
228 4275 394 4326 aooletatls
407 4276 602 4326 Paulllanae.
616 4299 652 4309 -
677 4273 697 4324 8
711 4275 795 4338 Aug.
812 4275 895 4327 1890
925 4311 1097 4326 .........
1136 4283 1169 4340 73

163 4379 293 4435 Pontifex
300 4377 444 4434 societatis
450 4378 605 4434 Paullianae
613 4378 709 4434 laudat
720 4379 934 4450 incrementum,
940 4381 1097 4450 consilium,

135 4459 250 4520 fructus,
266 4457 384 4529 ejusque
396 4457 522 4513 stimulat
534 4459 632 4513 zelum.
