3336 4870
773 543 1094 627 EPISTOLA

445 733 493 792 ad
517 731 758 794 cardinalem
781 732 990 792 Benavides
1010 733 1253 804 ylliavarrete
1274 735 1413 795 Archi-
1445 622 1467 817 {l

1456 786 1467 799 1.

1456 808 1472 820 Ιι

618 897 835 968 episcopum
864 880 1250 982 Caesaraugustanum
1445 868 1472 1001 {l

465 1065 531 1125 us:
554 1063 843 1129 conexassu
866 1063 1149 1128 cnruouco
1174 1067 1381 1144 uarum
1445 1032 1472 1151 {i

827 1230 1026 1293 ΗᾹΒΙΤΟ.

381 1404 392 1427 Ἰ

262 1455 277 1500 7
314 1423 318 1436 ⁸
409 1459 719 1531 ffl-liUNCIA
735 1480 773 1524 ac
790 1459 885 1524 testis
901 1461 1092 1543 gratissima
1107 1463 1209 1526 studii
1227 1472 1261 1526 et
1276 1464 1401 1528 amoris
1419 1467 1484 1543 tui,

232 1501 312 1542 amr

233 1551 299 1612 ¹⁸⁸⁹·
381 1621 388 1638 ,
421 1566 510 1716 N
583 1563 791 1648 aliorumque
825 1563 881 1646 qui
918 1573 1030 1628 tecum
1069 1565 1199 1629 Matriti
1234 1566 1482 1632 catholicorum

231 1711 304 1757 pm.
314 1727 344 1758 ex
584 1668 729 1751 primum
756 1667 904 1730 habuere
930 1677 1143 1744 conventum,
1158 1669 1201 1731 ad
1226 1669 1298 1732 Nos
1324 1674 1480 1752 pervenit

187 1771 345 1876 ⁴r'allasfgs'li‘
585 1772 786 1854 obsequiosa
810 1769 955 1852 epistola
979 1789 1081 1852 quam
1097 1773 1268 1836 communi
1284 1774 1480 1839 coeuntium

188 1836 344 1958 wll:
372 1880 507 1941 nomine
522 1878 577 1940 die
593 1877 750 1939 vicesima
765 1884 886 1958 quarta
902 1873 1030 1956 Aprilis
1058 1873 1166 1938 Nobis
1192 1875 1319 1940 misisti.
1336 1877 1481 1942 Nullum

190 1951 345 2055 ἷῗῗζὲζῖαᾱ
370 1981 525 2066 equidem
547 2000 604 2044 eas
625 1978 774 2062 legentes
794 1976 943 2042 officium
969 1977 1231 2043 desideravimus
1259 1980 1394 2063 pietatis
1422 2001 1482 2046 ve·

368 2096 521 2153 strae.—
537 2084 744 2148 Pervidimus
760 2085 849 2148 enim
877 2085 1050 2168 auspicata
1075 2087 1268 2170 congressui
1283 2097 1396 2153 vestro
1420 2090 1482 2154 de·

204 2168 333 2274 cffn‘m
367 2190 457 2254 disse
473 2189 567 2252 iniria
582 2189 782 2252 concordem
799 2188 950 2252 omnium
967 2190 1222 2254 concentionem
1240 2191 1273 2254 in
1289 2190 1482 2274 profitenda

190 2289 342 2393 lallarlmb
368 2295 508 2360 immota
524 2292 590 2358 fide
605 2301 639 2357 et
651 2289 843 2356 obedientia
860 2311 939 2375 erga
963 2311 1153 2374 supremam
1170 2294 1257 2357 hanc
1273 2295 1369 2361 Beati
1384 2295 1478 2361 Petri

189 2407 341 2452 votionemt'n
369 2399 502 2477 Sedem,
518 2405 636 2481 utpote
651 2415 737 2479 quae
753 2395 861 2458 lucem
878 2395 1028 2459 veritatis
1038 2395 1183 2479 praeiert
1199 2399 1242 2461 ad
1260 2397 1478 2464 illustrandas

191 2467 217 2512 δ’
231 2467 322 2520 S‘d‘m'
368 2503 558 2569 mortalium
576 2510 714 2578 mentes,
730 2509 763 2564 et
779 2499 915 2564 vitalem
932 2500 1000 2564 vim
1014 2497 1157 2565 effundit
1180 2521 1248 2584 qua
1272 2500 1387 2567 fideles
1403 2524 1479 2570 om·

368 2628 427 2670 nes
442 2608 475 2670 in
493 2625 596 2670 unum
613 2624 733 2688 corpus
749 2603 949 2669 coalescunt
976 2604 1041 2668 His
1057 2605 1206 2669 exordiis
1229 2605 1310 2670 illud
1335 2625 1480 2672 consen·

367 2721 504 2775 taneum
524 2709 586 2773 suit
602 2710 691 2792 quod
709 2716 874 2772 statutum
887 2707 1052 2786 habuistis
1068 2708 1327 2773 deliberationes
1343 2719 1377 2775 et
1388 2711 1477 2777 scita

188 2799 341 2917 {gfff-¹
367 2825 477 2880 vestra
492 2815 632 2896 exigere
643 2813 685 2878 ad
704 2832 856 2876 normam
872 2813 1152 2878 documentorum
1168 2833 1256 2896 quae
1271 2834 1332 2896 pro
1343 2823 1477 2898 tempo·

189 2931 247 3021 322¹
282 2918 341 2975 4¹⁴³·
367 2939 439 2984 rum
458 2918 654 2982 necessitate
677 2916 796 2981 litteris
817 2914 952 2980 Nostris
970 2917 1148 3000 encyclicis
1164 2916 1334 3000 complexi
1350 2939 1479 2986 sumus.

244 3010 250 3029 '
366 3059 410 3070 -
432 3021 547 3103 Atque
564 3021 596 3084 id
613 3030 738 3084 certam
770 3019 877 3084 Nobis
901 3039 995 3103 spem
1021 3019 1099 3084 iecit
1116 3021 1280 3084 munitam
1296 3030 1479 3107 tutamque

366 3147 426 3191 vos
441 3127 581 3191 inituros
593 3125 681 3190 viam
699 3126 731 3189 in
743 3126 973 3210 perquirendis
985 3135 1087 3209 atque
1099 3127 1332 3208 expendendis
1348 3131 1478 3193 caussis

190 3235 253 3283 unae
292 3251 341 3282 ma-
367 3231 457 3294 unde
477 3238 573 3311 parta
593 3238 671 3293 sunt
687 3229 784 3308 mala,
799 3249 886 3312 quae
902 3229 935 3293 in
952 3239 1060 3295 totam
1077 3230 1280 3312 irrepserunt
1295 3232 1474 3297 hominum

185 3303 341 3423 illimi-
367 3332 571 3410 societatem,
581 3353 620 3396 ac
636 3331 817 3396 faciliorem
834 3333 905 3397 iore
919 3332 1014 3397 vobis
1031 3334 1236 3416 agnitionem
1251 3337 1474 3402 remediorum

190 3414 240 3466 ²¹¹¹
366 3456 426 3518 per
451 3456 547 3518 quae,
570 3456 631 3519 pro
653 3437 745 3501 varia
770 3437 918 3502 locorum
943 3437 1073 3501 ratione
1103 3439 1269 3521 variisque
1297 3439 1474 3506 hominum

272 3608 276 3618 ,
352 3539 552 3622 generibus,
568 3560 607 3603 ea
623 3541 754 3622 possint
776 3540 881 3603 averti
898 3541 996 3618 mala,
1013 3540 1064 3605 vel
1088 3541 1183 3604 leniri
1210 3542 1328 3606 saltem
1356 3563 1473 3608 corum

184 3607 341 3724 piluma
366 3644 539 3708 acerbitas.
556 3643 675 3726 Neque
690 3663 769 3708 vero
786 3643 850 3708 levi
867 3643 976 3708 Nobis
990 3643 1156 3728 voluptati
1183 3645 1246 3709 luit
1271 3647 1474 3712 coniunctis·

188 3725 341 3844 ‘iffi-{³2⁵
367 3748 452 3812 sima
468 3746 705 3829 voluntasque
721 3747 820 3813 Sedis
836 3747 1057 3830 Apostolicae
1072 3749 1266 3813 adseruistis
1282 3749 1471 3816 libertatem

189 3844 316 3898 “imm‘'
366 3861 399 3916 et
420 3853 500 3928 iura,
526 3851 639 3935 palam
664 3851 813 3933 professi,
838 3853 1008 3917 reddenda
1034 3852 1143 3918 Nobis
1165 3874 1238 3919 esse
1253 3875 1292 3919 ea
1308 3855 1473 3921 libertatis

366 3955 531 4036 praesidia
547 3965 579 4019 et
594 3965 791 4019 ornamenta
807 3955 991 4039 dignitatis,
1006 3957 1128 4040 quibus
1153 3959 1275 4021 summi
1291 3959 1470 4041 providen-

365 4057 413 4119 tia
429 4057 492 4119 Dei
511 4058 703 4121 Romanum
729 4055 966 4122 Pontificatum
984 4059 1153 4137 instruxit,
1169 4070 1206 4123 ut
1223 4061 1383 4142 expedite
1398 4063 1471 4127 obi-

187 4168 295 4226 querens
317 4175 341 4214 et
366 4170 415 4225 ret
438 4161 609 4224 excelsum
636 4161 858 4225 ministerium
885 4182 982 4227 suum
1011 4165 1053 4228 ad
1080 4164 1255 4230 Ecclesiae
1280 4166 1408 4229 bonum
1435 4176 1469 4229 et

187 4227 339 4355 1532?le
365 4263 468 4344 ipsius
484 4263 529 4325 rei
546 4262 700 4345 publicae
716 4263 913 4330 salutem.—
925 4265 1015 4330 Hinc
1031 4267 1129 4330 facile
1140 4268 1359 4350 intelligimus
1371 4267 1469 4331 vehe-

186 4344 339 4460 {fflffi
365 4375 494 4429 menter
502 4385 563 4428 vos
578 4364 692 4429 dolere
706 4387 763 4430 eas
778 4367 899 4450 quibus
910 4369 1142 4435 conflictamur
1155 4370 1324 4435 molestias
1341 4380 1376 4434 et
1390 4389 1468 4434 con-

186 4466 232 4507 Μ
248 4461 334 4508 ‘'Hail-
363 4467 524 4532 ditionem
542 4467 696 4533 miseram
713 4489 780 4548 quo
795 4490 1009 4536 communem
1028 4471 1176 4538 fidelium
1194 4474 1328 4538 Patrem
1339 4473 1468 4556 redegit
