3310 4868
348 415 417 484 134
470 413 651 466 anrsrona
670 413 881 466 eucnemon
901 402 922 430 ‘⁶
941 414 1117 465 varunna
1133 414 1293 466 cnmras
1310 448 1333 478 „

343 617 489 680 namque
505 597 544 660 iis
561 596 641 660 nihil
656 596 718 661 Iuit
735 597 916 681 antiquius,
930 617 1033 683 quam
1051 598 1290 680 uOEcelmiam
1304 606 1450 661 vestram

341 700 604 778 difficultatibus,
631 701 751 784 quibus
779 712 868 768 esset
899 702 1074 786 implicita,
1100 703 1296 777 eximerent,
1326 700 1454 765 damna

224 824 317 871 necarit
340 805 500 870 sarcirent
516 804 625 880 eidem
651 805 828 888 iniquitate
853 816 1044 889 temporum
1071 807 1174 884 illata,
1195 807 1334 888 eiusque
1360 824 1453 868 corn-

162 883 317 997 ἕῖζὲῗξῗῖ
341 910 451 973 modis
478 910 716 992 prospicerent.
742 909 934 976 Obscurum
951 921 1002 976 est
1018 911 1145 976 nemini
1172 909 1345 974 Benedicti
1362 907 1452 972 XIV

164 1003 313 1116 ss-Yfffl:
340 1015 488 1078 studium
517 1025 554 1077 ut
578 1023 668 1078 sarta
694 1024 850 1099 tectaque
877 1026 1063 1081 servaretur
1088 1015 1223 1100 liturgia
1250 1025 1361 1079 vestra
1381 1031 1450 1076 non

161 1121 317 1226 ’Ἅπας
340 1137 434 1182 secus
451 1137 490 1180 ac
506 1117 644 1182 aliarum
662 1117 876 1182 orientaIIum
894 1117 1130 1196 Ecclesiarum‚
1142 1128 1243 1202 utque
1256 1128 1294 1182 ut
1308 1114 1453 1180 catholi-

162 1240 191 1284 ur
210 1241 313 1312 propert
338 1240 452 1287 corum
480 1220 664 1285 Armeniae
691 1220 958 1288 Patriarcharum
986 1225 1153 1289 successio
1169 1224 1202 1287 in
1220 1222 1347 1288 Sisensi
1370 1222 1452 1286 sede

161 1299 313 1418 '‘iim''
337 1325 573 1390 restitueretur.
591 1325 800 1406 Exploratae
815 1327 911 1391 vobis
936 1347 1035 1393 curae
1061 1338 1140 1394 sunt
1165 1327 1289 1392 Leonis
1315 1327 1387 1391 XII
1413 1334 1450 1389 et

159 1431 310 1528 mma
339 1430 387 1493 Pii
403 1430 493 1494 VIII
511 1450 553 1494 eo
568 1449 757 1508 conversae,
774 1442 811 1495 ut
826 1431 859 1494 in
877 1431 958 1497 urbe
975 1433 1105 1516 imperii
1122 1432 1340 1500 Othomanici
1356 1431 1450 1514 prin·

155 1536 248 1641 {aaz
262 1537 312 1597 eps·-
337 1536 410 1617 cipe
422 1534 576 1599 Armenii
598 1534 805 1617 praefectum
824 1556 906 1601 suae
933 1539 1044 1620 gentis
1069 1539 1231 1603 haberent
1248 1538 1280 1601 in
1296 1535 1451 1600 civilibus

159 1601 225 1707 uffa
247 1610 259 1642 ⁵
279 1610 311 1642 κ’
337 1638 490 1721 negotiis,
504 1638 547 1702 ad
565 1637 671 1701 instar
685 1638 828 1703 aliarum
846 1641 1033 1718 nationum,
1045 1661 1130 1724 quae
1143 1641 1176 1706 in
1190 1641 1307 1705 eadem
1320 1639 1451 1706 ditione

336 1745 421 1807 sitae
437 1751 523 1806 sunt.
541 1741 672 1806 Recens
687 1743 827 1808 demum
857 1746 1021 1811 memoria
1045 1755 1096 1810 est
1111 1765 1231 1809 serum
1249 1765 1270 1809 a
1286 1743 1451 1825 Gregorio

336 1847 423 1911 XVI
441 1855 475 1910 et
492 1845 553 1908 Pio
569 1845 622 1909 IX
647 1855 830 1929 gestarum,
859 1859 895 1912 ut
923 1847 1130 1931 episcopales
1157 1851 1253 1912 sedes
1278 1848 1311 1911 in
1338 1855 1451 1911 vestra

336 1952 471 2034 regione
486 1960 696 2030 augerentur,
712 1961 814 2034 atque
834 1963 870 2017 ut
886 1952 1069 2016 Armenius
1085 1951 1239 2017 Antistes
1256 1950 1449 2017 Constanti-

337 2053 451 2136 nopoli
466 2064 553 2116 esset
570 2053 696 2117 honore
716 2065 749 2119 et
766 2055 936 2138 dignitate
951 2065 1133 2139 praestans.
1154 2053 1255 2138 Quod
1278 2055 1387 2137 primo
1402 2053 1450 2117 sa·

336 2168 426 2222 ctum
438 2157 1021 2240 estArchiepiscopalietPrimatiali
1032 2160 1112 2222 sede
1122 2159 1246 2223 ibidem
1257 2157 1450 2232 constituta,

335 2262 457 2325 deinde
474 2263 597 2326 unione
625 2263 760 2328 decreta
793 2283 868 2326 cum
896 2262 1125 2328 Patriarchatu
1150 2261 1359 2332 Ciliciae;ea
1375 2259 1450 2342 Iege

335 2375 374 2428 ut
401 2367 612 2430 Patriarchae
645 2368 677 2429 in
708 2387 747 2430 ea
773 2367 855 2431 urbe
882 2366 1088 2432 domicilium
1114 2375 1210 2443 esset,
1234 2385 1321 2448 quae
1347 2373 1451 2448 caput

336 2470 465 2552 imperii
481 2482 540 2535 est.
565 2471 659 2535 Neve
674 2471 824 2536 locorum
847 2471 1009 2536 distantia
1037 2471 1209 2534 interiecta
1226 2479 1352 2532 arctam
1369 2487 1449 2531 con·

158 2591 194 2638 ar
212 2593 309 2639 mmen·
335 2575 539 2638 iunctionem
572 2584 780 2653 extenuaret,
808 2594 895 2658 quae
923 2575 1104 2639 Armenios
1132 2571 1247 2638 fideles
1273 2571 1451 2636 Romanae

158 2651 309 2816 {alm
337 2678 507 2742 Ecclesiae
516 2678 838 2760 devincit,providen
844 2688 895 2742 ter
906 2676 1128 2742 constitutum
1141 2685 1202 2752 est,
1212 2685 1249 2738 ut
1262 2673 1451 2755 Delegatus

183 2773 306 2831 rugatam.
336 2780 556 2864 Apostolicus
582 2781 616 2845 in
640 2782 759 2845 eadem
790 2781 871 2845 urbe
903 2795 1000 2858 esset,
1026 2781 1082 2864 qui
1112 2777 1258 2844 Romani
1277 2774 1450 2841 Pontificis

334 2895 465 2969 gereret
479 2885 575 2948 vices.
594 2882 690 2968 Quae
718 2885 826 2950 Nobis
854 2885 897 2950 de
925 2895 1027 2968 gente
1043 2893 1154 2948 vestra
1169 2903 1249 2947 cura
1265 2881 1372 2958 luerit,
1388 2899 1450 2942 vos

335 2989 397 3071 ipsi
414 2997 517 3052 testes
541 2987 629 3065 estis,
654 2986 793 3071 Nosque
820 2986 968 3052 vicissim
993 2995 1096 3050 testes
1121 3005 1236 3050 sumus
1263 2982 1449 3048 voluntatis

334 3113 414 3175 erga
424 3093 456 3156 N
459 3113 497 3155 os
507 3093 744 3168 vestrae‚cuius
753 3090 1034 3174 significationem
1046 3111 1113 3155 non
1126 3090 1228 3154 semel
1246 3089 1447 3171 accepimus.

378 3197 491 3279 Quare
506 3215 583 3260 cum
601 3195 698 3259 istinc
714 3195 830 3278 populi
855 3194 1038 3277 ingenim,
1054 3213 1127 3258 mos
1144 3193 1319 3268 maiorum,
1335 3191 1448 3256 omnis

335 3309 512 3366 anteactae
535 3299 656 3365 aetatis
684 3300 847 3363 memoria
869 3298 1053 3363 Armenios
1068 3318 1089 3361 a
1104 3297 1200 3362 vobis
1216 3297 1386 3361 seiunctos
1401 3297 1445 3358 ad

335 3404 422 3468 hanc
438 3403 587 3468 veritatis
602 3423 712 3468 arcem
729 3402 873 3468 validius
889 3403 1001 3468 trahat
1014 3420 1115 3485 quarn
1143 3410 1180 3464 ut
1208 3399 1351 3484 longiori
1368 3419 1447 3483 pos·

336 3507 402 3572 sint
425 3506 578 3571 distIneri
603 3527 697 3572 mora
710 3529 718 3586 ;
748 3507 827 3571 hinc
853 3527 934 3570 vero
957 3504 1157 3588 Apostolica
1185 3502 1291 3570 Sedes
1314 3521 1450 3584 semper

336 3611 546 3677 contenderit
561 3611 869 3676 coniunctissimam
888 3611 949 3674 sibi
966 3609 1089 3673 habere
1105 3609 1276 3672 nationem
1289 3615 1449 3679 vestram,

196 3735 312 3806 nortona
337 3739 375 3783 ac
391 3717 496 3782 sicubi
523 3714 709 3794 deiecisset,
724 3715 767 3780 ad
784 3715 961 3798 pristinam
977 3713 1250 3777 communionem
1268 3728 1424 3774 revocare
1440 3730 1449 3786 ;

159 3796 312 3914 mm·
336 3845 417 3890 sane
432 3823 537 3900 vobis,
547 3821 766 3894 Venerabiles
784 3821 928 3897 Fratres,
943 3817 1138 3903 praegravis
1146 3807 1330 3900 suppetunt
1347 3834 1447 3898 argu·

172 3914 302 4020 mssss‘
339 3939 452 3994 menta
462 3927 506 3991 ad
522 3927 742 4002 suadendum,
754 3934 788 3989 et
800 3924 908 3989 Nobis
921 3923 964 3988 ad
980 3923 1067 3987 bene
1078 3921 1291 4006 sperandum,
1301 3927 1339 3982 ut
1350 3927 1449 3982 vetus

162 4047 229 4103 rum·
243 4031 313 4117 diff·
337 4031 529 4098 coniunctio
544 4029 737 4113 plenissime
760 4027 960 4092 restituatur.
986 4025 1087 4109 Quod
1115 4026 1231 4106 utique
1254 4022 1348 4106 genti
1374 4023 1448 4086 uni·

160 4092 286 4142 ‘mm'
338 4157 451 4201 versae
467 4134 554 4198 bene
569 4144 675 4198 vertet
692 4152 758 4196 non
777 4132 880 4195 modo
897 4131 940 4194 ad
957 4139 1127 4194 aeternam
1145 4127 1333 4192 animarum
1357 4123 1447 4188 salu·

161 4185 207 4244 qui
222 4183 314 4231 reditus
404 4226 408 4234 ,

162 4244 198 4314 ‘3³
207 4302 213 4314 .
227 4244 314 4288 '‘mm'‘
338 4251 417 4318 tem,
431 4239 491 4304 sed
507 4247 541 4302 et
556 4239 599 4302 ad
616 4257 700 4315 eam,
714 4255 801 4319 quae
817 4235 872 4317 pie
887 4235 996 4317 optari
1010 4241 1130 4316 potest,
1146 4231 1179 4295 in
1195 4231 1292 4296 terris
1306 4247 1449 4313 prospe-

164 4303 314 4407 ‘pffirff
339 4346 472 4409 ritatem
488 4352 522 4406 et
537 4342 648 4406 decus.
660 4341 818 4404 Testatur
834 4339 923 4402 enim
940 4337 1088 4415 historia,
1100 4337 1187 4400 inter
1198 4353 1310 4398 sacros
1322 4333 1447 4398 Arme·

163 4423 314 4526 θῖῑῗᾪί.
340 4445 416 4509 niae
432 4444 612 4508 Antistites
627 4463 685 4506 eos
700 4440 912 4525 praefulsisse
936 4439 1064 4519 ceteris,
1073 4439 1122 4504 uti
1138 4438 1316 4522 splendida
1325 4437 1448 4514 sidera,
