3172 4874
442 380 513 450 194
590 381 777 436 urrunnu
795 383 953 436 sueres.
977 371 998 402 ¹⁸
1014 383 1147 437 neuun
1167 385 1349 437 uovanmr
1362 419 1381 450 „

256 555 407 676 ,5255322
434 569 536 643 atque
566 559 766 628 infimorum.
791 561 880 628 Sunt
902 563 1060 630 nimirum
1085 565 1254 648 proletarii
1277 567 1348 650 pari
1369 567 1431 630 iure
1448 589 1502 632 cun

256 677 408 782 2³32?in
433 664 655 748 locupletibus
672 677 791 730 natura
806 669 905 746 cives,
919 667 984 734 hoc
1000 678 1054 735 est
1070 679 1181 751 partes
1200 691 1298 734 verae
1313 671 1463 754 vitamque
1472 673 1503 732 ri·

251 797 353 854 puram
432 781 557 847 ventes,
567 770 656 835 unde
670 781 813 850 constat,
828 772 1012 836 interiectis
1027 771 1175 852 familiis,
1184 793 1306 858 corpus
1321 775 1503 858 reipublicae:

255 863 407 960 ffiffissu,
432 885 528 940 utne
544 873 624 938 illud
641 875 853 958 adiungatur,
866 876 899 938 in
915 877 1011 941 omni
1029 877 1111 941 urbe
1127 897 1185 942 eos
1200 897 1273 942 esse
1289 897 1421 941 numero
1434 877 1502 958 longe

255 975 407 1094 mm
433 975 592 1040 maximo.
604 973 690 1040 Cum
704 976 805 1058 igitur
816 975 898 1040 illud
911 977 955 1041 sit
968 977 1222 1060 perabsurdum,
1231 977 1320 1062 parti
1331 977 1440 1042 civium
1448 997 1499 1040 con·
1532 983 1534 1056 l

256 1092 327 1146 rarii.
361 1107 406 1160 ny·
432 1079 548 1158 sulere,
558 1089 687 1162 partem
698 1077 877 1162 negligere,
888 1081 1112 1164 consequitur,
1122 1081 1155 1146 in
1167 1080 1277 1146 salute
1292 1085 1502 1163 commodisque

255 1167 320 1264 ἔξω
335 1167 406 1210 ’ψ
431 1185 559 1249 ordinis
568 1183 823 1267 proletariorum
834 1186 969 1249 tuendis
979 1205 1077 1250 curas
1093 1185 1224 1250 debitas
1240 1185 1394 1250 collocari
1408 1187 1501 1269 publice

432 1299 611 1372 oportere:
635 1289 668 1351 ni
692 1285 761 1365 fiat,
785 1288 948 1352 violatum
977 1289 1016 1352 iri
1040 1289 1201 1354 iustitiam
1224 1309 1324 1354 suum
1347 1291 1450 1372 cuique
1467 1292 1501 1350 tn'·
1533 1317 1534 1368 l

432 1394 533 1458 buere
549 1393 818 1476 praecipientem.
836 1391 915 1474 Qua
929 1392 973 1456 de
985 1413 1021 1456 re
1036 1393 1213 1475 sapienter,
1229 1393 1262 1459 S.
1276 1393 1436 1457 Thomas:
1447 1395 1501 1454 rr'ut
1532 1391 1534 1460 l

424 1505 509 1578 pars
522 1506 554 1560 et
569 1507 671 1560 totum
685 1496 919 1580 quodammodo
933 1507 1014 1560 sunt
1029 1497 1125 1574 Mem,
1141 1497 1189 1560 ita
1206 1497 1250 1576 id,
1263 1497 1357 1580 quod
1374 1508 1417 1560 ert
1430 1497 1501 1562 turtur.
1533 1555 1534 1560 ,

431 1601 665 1684 quodammodo
675 1612 723 1666 est
729 1603 841 1684 partis
859 1603 909 1684 (¹).
928 1603 1071 1667 Proinde
1088 1602 1122 1664 in
1139 1601 1255 1666 officiis
1272 1623 1342 1668 nou
1358 1603 1501 1687 paucisne
1533 1587 1534 1636 l

433 1725 499 1790 que
514 1704 642 1770 levibus
659 1707 785 1788 populo
801 1707 887 1770 bene
911 1705 1157 1770 consulentium
1184 1706 1387 1789 principum,
1400 1705 1463 1768 illud
1482 1703 1500 1764 is
1533 1735 1534 1748 .

433 1811 550 1894 primis
566 1810 699 1886 eminet,
715 1819 752 1873 ut
767 1829 1041 1893 unumquemque
1053 1811 1175 1874 civium
1191 1811 1349 1876 ordinem
1364 1807 1501 1892 aequabili·

434 1925 484 1980 ter
499 1926 664 1993 tueantur,
680 1934 720 1978 ea
736 1915 903 1994 nimirum,
913 1935 999 1998 quae
1014 1915 1231 1979 distributiva
1246 1916 1430 1999 appellatur
1442 1913 1500 1974 iusti-

434 2021 481 2084 tia
498 2019 655 2084 inviolate
670 2021 845 2084 servanda.

479 2123 642 2206 Quamvis
654 2134 766 2189 autem
779 2125 870 2186 cives
880 2123 1061 2199 universos,
1074 2123 1209 2187 nemine
1224 2135 1381 2206 excepto,
1395 2119 1500 2186 consenc

435 2227 560 2312 aliquid
578 2227 610 2292 in
628 2247 795 2291 summam
812 2227 976 2290 bonorum
993 2225 1222 2290 communium
1240 2245 1378 2290 necesse
1390 2227 1435 2302 sit,
1450 2240 1500 2302 quo

437 2353 509 2396 rum
526 2331 639 2416 aliqua
649 2351 725 2414 pars
735 2329 838 2394 virilis
850 2339 971 2410 sponte
983 2328 1100 2392 recidit
1114 2329 1147 2391 in
1157 2328 1320 2412 singulos,
1329 2339 1434 2394 tamen
1444 2325 1498 2388 iden

266 2430 410 2500 5¹⁵³¹¹³m¹⁸
435 2451 538 2506 etex
564 2457 673 2520 aequo
688 2435 836 2498 conferre
863 2453 1074 2518 nequaquam
1099 2444 1248 2516 possunt.
1273 2433 1499 2518 Qualescunque

260 2505 286 2536 m
309 2504 411 2536 commu·

260 2565 294 2618 re.
326 2551 411 2596 unum
436 2548 503 2612 sint
515 2545 548 2608 in
566 2541 694 2624 imperii
708 2539 885 2622 generibus
896 2539 1152 2615 vicissitudines,
1165 2549 1330 2622 perpetua
1346 2537 1498 2602 luturasunt
1532 2535 1533 2576 l

253 2624 344 2728 iiiiii
359 2623 411 2654 Μ’
437 2671 477 2716 ea
493 2650 526 2712 in
542 2647 664 2710 civium
681 2654 770 2708 statu
781 2643 1064 2721 discrimina,sinc
1076 2642 1197 2726 quibus
1214 2663 1275 2706 nec
1291 2637 1500 2720 esseneccogi·

259 2727 413 2847 2523?
438 2753 500 2818 tari
516 2751 658 2814 societas
674 2747 740 2812 ulla
753 2759 875 2830 posset.
888 2747 1038 2812 Omnino
1051 2767 1186 2811 necesse
1202 2759 1251 2812 est
1268 2749 1425 2832 quosdam
1437 2761 1500 2821 repr·

438 2855 503 2931 riri,
527 2853 583 2935 qui
608 2871 644 2915 se
667 2851 870 2934 reipublicae
894 2851 1029 2928 dedant,
1045 2852 1103 2935 qui
1120 2851 1211 2936 leges
1233 2855 1391 2931 condant,
1409 2848 1449 2934 qui
1467 2845 1501 2906 ius

437 2957 560 3032 dicant,
579 2955 723 3038 denique
739 2974 881 3036 quorum
898 2953 1038 3020 consilio
1061 2965 1163 3038 atque
1186 2958 1387 3022 auctoritate
1407 2949 1501 3034 negotia

437 3061 572 3138 urbana,
582 3079 633 3122 res
643 3058 782 3123 bellicae
792 3059 1076 3124 administrentur.
1087 3058 1240 3143 Quorum
1256 3063 1400 3128 virorum
1415 3058 1500 3141 priore

436 3185 509 3230 esse
519 3173 767 3247 partes,eosque
778 3162 952 3228 habendos
963 3163 996 3226 in
1008 3165 1100 3228 omni
1112 3165 1239 3248 populo
1250 3166 1500 3248 primarios,an

437 3290 503 3335 non
538 3269 638 3346 videt,
668 3275 846 3351 propterea
875 3269 967 3350 quod
991 3271 1163 3332 communi
1188 3271 1278 3334 bono
1300 3273 1383 3336 dant
1403 3279 1500 3350 operam

437 3373 594 3459 proxime
609 3383 709 3454 atque
735 3373 914 3435 excellenti
939 3372 1075 3437 ratione.
1099 3373 1226 3439 Contra
1245 3394 1323 3440 vero
1342 3375 1396 3459 qui
1416 3373 1442 3435 in
1458 3381 1501 3432 arte

437 3477 549 3560 aliqua
573 3484 780 3552 exercentur,
800 3495 866 3538 non
894 3495 943 3552 ea,
959 3497 1025 3560 qua
1042 3477 1099 3554 illi,
1115 3477 1244 3542 ratione
1259 3499 1321 3544 nec
1337 3480 1443 3542 iisdem
1457 3489 1500 3536 uu·
1531 3487 1532 3522 l

438 3581 572 3646 neribus
587 3588 728 3663 prosunt
739 3579 881 3643 civitati:
898 3580 957 3644 sed
973 3590 1087 3645 tamen
1101 3581 1281 3664 plurimum
1298 3593 1331 3647 et
1343 3581 1411 3666 ipsi,
1421 3593 1500 3661 quan·

308 3752 412 3796 mm
438 3702 538 3766 quam
556 3684 665 3746 minus
680 3681 815 3760 directe,
830 3682 967 3746 utilitati
992 3683 1146 3764 publicae
1172 3685 1361 3750 inserviunt.
1377 3685 1452 3749 Sane
1469 3696 1500 3738 so·

262 3817 341 3856 tame„
357 3819 410 3868 pro.
437 3789 521 3852 ciale
547 3787 672 3852 bonum
698 3807 774 3850 cum
798 3787 921 3851 debeat
943 3805 1017 3850 esse
1041 3788 1214 3866 eiusmodi,
1239 3799 1276 3854 ut
1298 3789 1437 3854 homines
1455 3781 1499 3843 eiu

261 3876 326 3924 '¹⁰²⁸'
437 3891 518 3956 fiant
535 3892 715 3973 adeptione
740 3891 903 3967 meliores,
919 3899 970 3953 est
993 3889 1145 3972 profecto
1168 3892 1201 3955 in
1226 3894 1344 3958 virtute
1365 3886 1498 3973 praecipue

436 4000 677 4066 collocandum.

481 4093 708 4158 Nihilominus
724 4095 766 4158 ad
784 4094 870 4157 bene
895 4095 1114 4160 constitutam
1131 4097 1299 4160 civitatem
1315 4084 1496 4177 suppeditatis

435 4216 569 4282 quoque
591 4198 735 4278 pertinet
756 4197 921 4261 bonorum
939 4201 1087 4282 corporis
1111 4210 1213 4283 atque
1228 4205 1494 4270 externorumqu

1425 4327 1493 4344 ‘¹¹-

466 4431 486 4463 ι.
500 4417 604 4470 1111120.
617 4419 714 4473 Quaest.
729 4419 796 4473 LXI,
808 4435 830 4467 a.
845 4423 899 4468 Iud
909 4437 930 4470 a.
