3336 4870
707 227 714 249 .

316 951 342 992 ,3
433 946 445 977 ,2
479 960 493 977 ,,
594 956 609 965 ,.

262 993 395 1102 diiii&
441 1030 449 1131 J}
637 1042 709 1124 bus,
723 1063 810 1128 quae
825 1044 869 1108 ab
884 1043 1021 1108 infensis
1041 1042 1194 1108 hostibus
1209 1041 1360 1127 quotidie
1375 1040 1524 1124 graviora

286 1203 403 1249 Levamen
594 1174 603 1213 f.
636 1147 823 1212 inferuntur
840 1146 1021 1227 Ecclesiae,
1036 1147 1081 1211 nil
1108 1146 1216 1212 Nobis
1239 1145 1370 1210 videtur
1386 1151 1523 1227 praesta·

254 1277 269 1308 a
315 1263 405 1332 (remu
433 1266 449 1293 ψ
516 1268 531 1285 ·’
637 1248 735 1313 bilius
766 1247 909 1314 filiorum
939 1250 1125 1314 amantium
1156 1247 1283 1327 officiis,
1308 1248 1366 1332 qui
1397 1268 1432 1312 se
1462 1246 1524 1310 zelo

254 1335 405 1426 lilim.
429 1351 551 1417 domus
572 1352 637 1417 Dei
653 1351 853 1436 profitentur
877 1355 1030 1419 incensos
1045 1364 1081 1419 et
1107 1353 1210 1420 libera
1225 1354 1345 1419 saltem
1361 1373 1445 1418 voce
1460 1349 1524 1416 reli·

253 1439 405 1546 ffifl‘ssfjffs
429 1455 539 1540 gionis
554 1475 593 1520 ac
608 1456 758 1522 veritatis
784 1457 945 1523 adserunt
961 1458 1040 1523 iura.
1056 1455 1199 1524 Gratum
1219 1457 1360 1542 proinde
1374 1457 1523 1523 solatium

267 1559 387 1678 ²52qu
429 1560 580 1644 cepimus
595 1581 640 1624 ex
655 1560 774 1626 litteris
790 1580 874 1645 quas
892 1581 998 1646 nuper
1013 1562 1088 1627 Tua
1105 1562 1273 1628 Nobilitas
1287 1563 1331 1627 ad
1348 1561 1423 1626 Nos
1439 1559 1524 1627 dedit

268 1677 390 1737 Pontifex,
430 1664 565 1729 nomine
590 1664 774 1742 universae,
796 1665 850 1730 cui
880 1665 1059 1748 praesides,
1088 1665 1260 1732 societatis
1289 1663 1524 1729 catholicorum

431 1767 590 1832 maiorem
618 1767 827 1832 Britanniam
853 1767 1078 1834 incolentium.
1104 1806 1147 1818 —
1171 1769 1225 1834 Ac
1250 1768 1370 1834 merito
1396 1767 1523 1851 quidem

429 1869 575 1935 iucunda
592 1868 699 1934 Nobis
725 1870 789 1936 suit
815 1890 953 1936 concors
980 1881 1014 1937 et
1038 1874 1226 1955 obsequens
1249 1871 1407 1937 adsensio
1422 1878 1526 1933 vestra

278 1989 395 2058 'lajqqan
431 1971 566 2037 vocibus
581 1972 725 2052 Nostris,
736 1973 831 2058 queis
845 1975 1020 2059 conquesti
1036 1995 1151 2039 sumus
1162 1975 1383 2058 direptionem
1402 1984 1525 2054 tempo·

253 2057 405 2154 ἷξῖζῗηῗξζῖ
430 2075 508 2140 ralis
523 2075 729 2160 principatus
743 2077 964 2161 Apostolicae
980 2078 1087 2156 Sedis,
1103 2078 1284 2143 laesionem
1301 2074 1525 2140 sanctissimo·

253 2167 404 2272 ffl‘fiffl·
429 2200 502 2244 rum
520 2179 691 2246 Ecclesiae
713 2181 833 2246 iurium
849 2193 883 2247 et
898 2182 1047 2266 iniquam
1071 2183 1287 2247 acerbitatem
1303 2181 1419 2264 legum
1445 2197 1525 2262 quae

252 2285 404 2405 ‘'fflffl'
429 2284 540 2369 potius
563 2285 607 2349 de
631 2285 715 2351 sacri
742 2286 916 2350 ministerii
940 2285 1181 2370 perfunctione,
1204 2287 1369 2370 quamde
1396 2283 1525 2350 licentia

248 2357 277 2405 β
395 2379 401 2392 ’
428 2388 606 2454 criminum
622 2390 806 2455 coercenda
821 2409 888 2455 non
904 2391 953 2454 ita
968 2390 1097 2472 pridem
1113 2391 1146 2454 in
1165 2389 1265 2456 Italia
1279 2387 1429 2472 perlatae
1444 2395 1525 2453 sunt

428 2494 528 2557 -In
555 2493 677 2576 quibus
699 2493 929 2576 improbandis
953 2512 1021 2558 non
1047 2495 1157 2559 minus
1183 2493 1298 2560 sollers
1321 2513 1356 2558 se
1383 2492 1526 2578 prodidit

284 2627 353 2674 recen
362 2629 403 2687 ju.
429 2596 607 2679 prudentia
619 2605 729 2662 vestra
755 2617 857 2681 quam
873 2597 1043 2682 religionis
1066 2598 1215 2663 studium
1231 2619 1239 2678 ;
1253 2597 1336 2662 scite
1351 2599 1443 2661 enirn
1460 2615 1526 2679 per·

253 2687 406 2806 fflffl,
429 2703 560 2768 vidistis
589 2704 770 2787 ancipitem
801 2706 914 2784 ictum,
944 2725 1012 2788 quo
1044 2705 1195 2771 Ecclesia
1220 2704 1421 2787 percellitur,
1451 2706 1526 2768 dum

254 2806 405 2912 mdssss'
430 2807 703 2875 administrorum
730 2811 800 2876 eius
827 2813 972 2879 deterior
998 2809 1036 2876 lit
1058 2811 1207 2877 conditio
1222 2827 1323 2892 quam
1347 2819 1527 2874 ceterorum

253 2926 330 2970 cusin
347 2925 405 2970 rua-
431 2912 563 2990 civium,
578 2913 743 2999 simulque
759 2937 943 2999 poenarum
968 2927 1077 2981 metus
1100 2915 1254 2980 obiicitur
1275 2932 1317 2977 ne
1332 2913 1436 2978 iidem
1457 2931 1529 2977 con·
1622 2949 1623 3012 q

254 2987 303 3030 ω’·
431 3017 587 3082 scientias
603 3017 761 3098 fidelium,
776 3040 837 3085 ceu
853 3030 942 3086 recte
958 3020 1128 3103 scripsisti,
1143 3020 1186 3083 ad
1201 3017 1371 3101 religionis
1388 3033 1529 3082 morum·

286 3144 380 3191 naum
430 3142 496 3204 que
521 3123 749 3188 defensionem
774 3125 921 3190 audeant
943 3127 1073 3192 ducere.
1098 3161 1142 3173 -
1172 3121 1286 3206 Quum
1312 3132 1428 3187 autern
1453 3123 1529 3185 haec

261 3203 394 3310 mig}
431 3223 520 3291 mala
534 3235 631 3309 parta
646 3226 714 3292 sint
729 3226 773 3291 ab
788 3228 828 3292 iis
851 3229 908 3312 qui
923 3247 997 3292 sese
1012 3229 1139 3293 iactant
1161 3227 1349 3292 communis
1369 3225 1528 3291 libertatis

252 3325 405 3432 {mag}
430 3330 552 3395 civium
568 3333 755 3397 adsertores
779 3353 818 3397 ac
845 3333 1003 3412 vindices,
1025 3341 1275 3416 peropportuna
1301 3331 1334 3396 in
1358 3351 1417 3395 eos
1443 3325 1529 3393 cadit

253 3442 404 3500 rarejudicr.
429 3435 675 3500 animadversio
698 3436 894 3502 Nobilitatis
910 3437 1005 3501 Tuae
1020 3445 1221 3519 tuorumque
1242 3435 1374 3510 civium,
1388 3449 1526 3517 quorum

253 3515 294 3546 um
312 3503 400 3550 tulisse.

429 3641 551 3706 abillis
567 3643 733 3726 repudiari
750 3663 816 3708 non
833 3653 954 3726 potest.
970 3645 1113 3711 Utinam
1128 3645 1218 3708 istud
1235 3629 1398 3706 iudicium¹
1410 3640 1529 3712 valeat,

428 3755 465 3811 ut
486 3756 653 3830 quotquot
669 3747 815 3813 sincerus
831 3759 928 3832 urget
944 3751 1049 3814 iustae
1064 3748 1227 3814 libertatis
1250 3766 1355 3824 amor,
1371 3745 1527 3808 harumce

426 3849 538 3932 legum
555 3851 735 3933 poeniteat,
750 3852 800 3916 sin
818 3853 928 3917 minus
943 3853 1079 3936 pudeat,
1093 3872 1152 3936 per
1175 3871 1257 3935 quas
1271 3849 1525 3915 honestissimus

245 3964 398 4081 gymna-
425 3955 547 4018 civium
573 3955 656 4020 ordo
681 3955 767 4021 tristi
790 3956 963 4020 subiicitur
987 3956 1155 4021 servitutis
1179 3955 1266 4037 iugo.
1282 3991 1326 4004 --
1352 3949 1523 4036 Quidquid

429 3539 588 3604 iudicium
604 3542 648 3604 de
663 3539 703 3604 iis
718 3540 838 3624 quibus
865 3542 1020 3625 religiosa
1035 3550 1094 3605 aut
1108 3540 1214 3605 civilis
1237 3539 1373 3603 libertas
1388 3534 1527 3602 laeditur
1621 3551 1622 3568 ¹

245 4094 309 4140 gens,
342 4084 400 4128 ruer
423 4068 537 4123 tamen
554 4057 610 4122 alii
626 4059 781 4136 sentiant,
794 4080 852 4123 vos
867 4069 957 4125 certe
972 4060 1045 4124 laus
1061 4070 1174 4124 manet
1190 4058 1326 4122 illustris
1341 4052 1523 4122 testimonii
1620 4111 1621 4120 ,

246 4141 399 4256 ss‘fflssf
422 4162 514 4245 quod
536 4162 682 4226 iustitiae
697 4183 736 4226 ac
751 4163 883 4226 veritati
907 4163 1115 4245 praebuistis,
1131 4171 1164 4226 et
1180 4160 1288 4225 filialis
1308 4157 1444 4243 pietatis
1461 4173 1525 4238 qua

242 4264 344 4368 lm
363 4261 397 4307 ⁶²·
423 4266 593 4328 communi
628 4261 775 4330 fidelium
816 4266 948 4331 Parenti
985 4266 1186 4330 levationem
1216 4265 1363 4349 aliquam
1399 4258 1523 4326 doloris

422 4367 596 4434 studuistis
612 4367 738 4434 afferre.
762 4370 851 4434 Huic
876 4368 966 4434 filiali
991 4371 1102 4436 studio
1120 4388 1234 4454 parem
1263 4369 1351 4433 ultro
1373 4363 1523 4448 rependi·
