3172 4874
361 377 429 468 156
442 420 444 424 -
457 395 637 448 enrsrona
658 381 679 410 ‘¹
699 393 739 444 ru
760 392 842 446 raso
860 393 1024 446 susurru
1044 392 1319 444 rnurrrrcarus
1339 425 1359 454 „

353 579 529 653 vestraque
555 569 667 634 studia
683 579 717 635 et
732 569 820 634 vires
836 569 878 634 ad
896 588 1000 634 unum
1016 579 1211 654 certumque
1220 537 1326 634 ‘finem
1342 567 1458 632 eodem

176 673 329 780 ”gfff
353 675 487 738 tramite
514 674 703 751 intendant,
730 673 813 740 nihil
841 673 949 739 Nobis
976 675 1197 758 opportunius
1224 673 1294 739 lore
1320 674 1458 750 videtur,

174 791 329 860 gestumr
352 797 453 861 quam
470 779 497 842 si
513 779 677 861 quasdam
694 778 780 842 inter
795 779 886 861 ipsos
901 779 1153 862 congressiones
1178 779 1363 862 quotannis
1380 777 1455 859 Epi·

175 855 306 968 md?
351 881 444 966 scopi
468 881 624 960 habeant,
639 901 685 946 ex
711 881 832 964 quibus
856 902 896 946 ea
923 882 1053 947 ineatur
1069 891 1139 948 tam
1156 881 1277 946 efficax
1291 881 1456 946 sentiendi

175 973 253 1076 ff
272 983 327 1014 ''¹‘'
352 985 541 1070 agendique
556 987 742 1052 concordia
761 985 902 1066 isthaec,
917 1006 1020 1071 quarn
1047 996 1213 1070 optamus,
1228 996 1455 1051 conventuum

352 1090 437 1154 ratio
452 1090 622 1156 nonnullis
638 1091 671 1154 in
694 1089 885 1174 regionibus
910 1091 976 1156 iam
1002 1091 1141 1158 inducta
1167 1089 1267 1173 viget,
1282 1099 1318 1156 et
1335 1090 1457 1156 fructus

351 1191 461 1258 adhuc
487 1193 564 1259 tulit
590 1213 667 1258 vere
691 1180 883 1259 laetabiles:
907 1193 987 1260 inde
1007 1195 1176 1260 enimvero
1193 1193 1374 1277 Episcopis
1391 1213 1457 1258 am·

351 1295 437 1380 plior
461 1297 570 1380 patuit
596 1295 810 1362 consiliorum
838 1297 944 1383 copia,
960 1299 1062 1364 robur
1083 1297 1187 1364 animi
1208 1293 1457 1372 confirmatum,

350 1402 498 1466 studium
526 1400 695 1484 religionis
719 1400 902 1480 incensum,
928 1402 1018 1468 haud
1044 1421 1152 1486 pauca
1176 1401 1278 1466 etiam
1304 1399 1456 1466 consulta

350 1502 500 1584 prolecta
523 1522 610 1586 quae
634 1503 681 1572 rei
704 1503 889 1570 catholicae
915 1503 1029 1569 multis
1057 1505 1166 1570 modis
1193 1503 1289 1569 utilia
1309 1499 1454 1583 contige-

350 1613 496 1670 runt-
511 1605 655 1671 Accedit
680 1607 771 1691 quod
799 1616 1080 1672 tanta·sacrorum
1096 1606 1302 1672 Antistitum
1318 1605 1452 1669 coniun-

175 1753 207 1798 ω
227 1693 325 1798 1²03:qu
349 1709 416 1772 ctio
439 1716 475 1774 et
498 1709 675 1774 consensio
700 1729 768 1775 non
794 1711 897 1776 modo
926 1711 974 1775 eis
1005 1709 1087 1793 ipsis
1115 1710 1218 1775 decus
1248 1717 1284 1774 et
1313 1707 1453 1791 gratiam

173 1816 247 1880 Μ,
272 1825 324 1856 ⁶0⁸·
349 1811 440 1894 apud
464 1831 543 1877 suos
569 1833 636 1879 non
654 1814 858 1880 mediocrem
874 1815 1018 1892 auxerit,
1033 1815 1092 1880 sed
1109 1813 1306 1896 exemplum
1322 1827 1455 1895 quoque

169 1882 324 1998 fflffiu·
349 1925 382 1980 et
413 1917 671 1984 invitamentum
702 1919 853 1985 extiterit
883 1919 1076 1986 hominibus
1106 1917 1200 1984 iaicis
1230 1915 1284 1982 vel
1315 1915 1453 1980 aliarum

173 1989 245 2042 ‘'⁶¹⁴''
348 2019 509 2100 gentium,
532 2028 569 2085 ut
599 2021 822 2088 concordibus
849 2041 955 2106 aeque
983 2022 1105 2088 animis
1134 2019 1360 2095 consulerent,
1385 2018 1453 2103 qui-

348 2122 410 2188 bus
434 2134 604 2208 oporteret
630 2127 804 2209 praesidiis
830 2127 971 2192 tutelam
1003 2125 1172 2210 religionis
1203 2142 1314 2208 neque
1346 2125 1453 2188 minus

184 2259 323 2318 tunam.
347 2225 452 2290 civilis
476 2229 602 2293 ordinis
626 2230 809 2295 laborantis
836 2229 1013 2313 suscipere.
1033 2265 1077 2280 -
1104 2230 1280 2294 Praeterea
1306 2227 1351 2291 ab
1374 2226 1451 2309 ipsis

173 2317 324 2388 “Multi
349 2329 526 2414 Episcopis
550 2341 585 2396 et
609 2333 846 2416 praeeuntibus
873 2343 907 2398 et
930 2332 1184 2398 cohortantibus
1204 2329 1348 2395 multum
1366 2337 1453 2393 certe

172 2391 323 2498 {yffi}
348 2433 505 2498 navitatis
529 2444 563 2499 ct
588 2435 716 2500 ardoris
742 2435 925 2500 hauserunt
950 2434 1116 2514 catholici,
1132 2444 1169 2499 ut
1193 2442 1381 2497 conventus
1396 2431 1452 2494 ad·

171 2501 311 2602 {mhi-
347 2534 472 2602 similes
487 2559 549 2621 pro
565 2540 756 2605 nationibus
772 2539 823 2604 vel
841 2539 1021 2622 provinciis
1048 2539 1170 2604 locisve
1195 2537 1269 2601 aliis
1294 2545 1453 2618 cogerent

346 2647 381 2702 et
405 2639 633 2722 celebrarent;
659 2643 761 2728 idque
784 2662 866 2708 sane
889 2663 992 2726 quam
1019 2641 1235 2726 providenter
1258 2638 1395 2703 iactum.
1417 2635 1451 2702 Si

345 2741 470 2806 etenim
495 2753 612 2808 contra
628 2745 784 2828 flagitiosi
812 2745 976 2821 homines,
991 2745 1131 2810 audacia
1156 2748 1394 2828 praepotentes
1419 2747 1451 2804 et

346 2864 494 2924 numero,
509 2867 582 2912 sese
598 2851 722 2931 passim
738 2859 946 2934 congregant
962 2847 1190 2931 foederatique
1205 2845 1401 2929 conspirant
1416 2853 1449 2907 ut

344 2948 409 3012 illis
425 2949 551 3014 donum
565 2949 651 3030 fidei,
663 2973 767 3018 unum
781 2953 933 3018 omnium
947 2950 1281 3035 praestantissimum,
1290 2957 1325 3012 et
1337 2965 1449 3011 conse·

343 3055 480 3135 quentia
495 3052 586 3120 bona
602 3055 727 3138 perfide
743 3058 895 3142 eripiant,
912 3067 1040 3122 rectum
1056 3055 1196 3122 omnino
1211 3063 1261 3118 est
1277 3072 1318 3116 ac
1339 3070 1448 3116 neces·

342 3161 855 3248 sarium,catholicos,·Episcopis
869 3163 1131 3240 moderantibus,
1141 3159 1251 3227 studia
1264 3179 1325 3224 sua
1338 3159 1448 3226 omnia

341 3264 493 3350 viresque
515 3269 707 3334 consociare
722 3271 765 3334 ad
782 3268 1024 3334 resistendum:
1040 3268 1097 3352 qui
1113 3266 1258 3350 quidem,
1274 3264 1307 3328 in
1333 3262 1447 3328 talium

341 3380 497 3435 coetuum
514 3370 708 3454 frequentia,
720 3371 854 3438 liberius
865 3381 1025 3456 poterunt
1039 3380 1073 3435 et
1085 3369 1228 3434 validius
1240 3367 1290 3432 sui
1303 3365 1446 3430 nominis

340 3469 580 3553 professionem
597 3473 767 3551 sustinere,
783 3471 921 3538 hostiles
936 3472 1081 3555 impetus
1098 3469 1299 3554 propulsare

166 3577 316 3684 dm&
384 3573 452 3636 Res
476 3584 589 3640 autem
615 3576 658 3642 ad
683 3577 947 3655 deliberandum,
971 3593 1097 3658 eaeque
1128 3573 1242 3656 magni
1274 3571 1446 3648 momenti,

163 3695 229 3741 sunt
248 3651 313 3744 ἵκω,
340 3673 518 3758 Episcopis
544 3697 612 3741 non
643 3678 784 3745 deerunt
814 3677 1049 3763 congressuris.
1073 3714 1118 3728 -
1147 3675 1226 3760 Qua
1255 3684 1444 3758 temporum

164 3753 292 3861 ,fij-2222,
339 3779 531 3844 calamitate
546 3781 754 3862 afflictemur,
769 3783 803 3847 id
820 3784 965 3866 primum
982 3780 1167 3866 petendum
1192 3779 1445 3861 curandumque

162 3873 314 3994 What.
338 3900 411 3945 esse
437 3902 610 3948 censemus
641 3894 677 3950 ut
708 3904 784 3950 cum
815 3885 1019 3951 hierarchice
1049 3883 1166 3949 ordine
1196 3881 1331 3947 vincula
1362 3878 1443 3945 chri·

163 3991 315 4046 moPasrore:
339 3985 467 4050 stianae
497 3985 643 4053 familiae
670 3988 810 4055 arctiore
838 3989 871 4055 in
902 3989 974 4055 dies
1004 3986 1252 4062 necessitudine
1282 3985 1442 4050 constrin-

339 4098 477 4170 gantur;
504 4089 550 4155 ita
576 4091 685 4174 plane,
710 4101 747 4160 ut
771 4093 885 4158 fideles
914 4093 1091 4179 Episcopis
1115 4091 1183 4156 suis
1209 4091 1303 4155 omni
1330 4087 1443 4154 volun·

339 4200 408 4254 tate
432 4199 466 4255 et
490 4192 702 4259 observantia
726 4195 977 4274 adhaerescent,
1000 4215 1105 4278 quum
1132 4193 1283 4259 maxime
1301 4211 1382 4256 vero
1402 4187 1441 4253 ad

341 4291 546 4374 Episcopum
576 4295 744 4362 Ecclesiae
772 4301 946 4365 universae
973 4299 1084 4378 fidem,
1110 4297 1441 4382 obtemperationem,

341 4391 499 4470 pietatem
530 4393 672 4461 filiorum
704 4400 868 4468 retineant
902 4404 1027 4468 alacres
1057 4412 1092 4469 et
1121 4401 1343 4488 profiteantur
1376 4415 1439 4461 non
