3250 4876
227 897 253 946 l.
275 895 484 947 EPISTOLA
505 895 549 946 ed
570 896 760 960 episcopum
783 896 996 950 Leodlensern
1015 901 1057 952 de
1077 901 1230 955 babendo
1245 847 1299 900 m

191 977 294 1030 altero
314 979 481 1028 conuentu
499 975 614 1025 soelall
626 975 920 1040 dioto-wjulll
933 978 1013 1030 1887
1285 992 1297 1034 t

298 1077 404 1131 Fauste
417 1084 533 1145 peracto
545 1073 691 1146 superiore
703 1085 854 1145 conventu,
866 1076 982 1134 alterius
999 1089 1157 1136 conventus
1177 1083 1227 1138 ha-

264 1153 350 1210 bendi
371 1153 522 1211 consilium
547 1153 644 1209 laudat
658 1151 788 1210 Pcntifex
803 1169 870 1209 1.-
883 1155 980 1227 Digna
1004 1173 1075 1214 sane
1098 1175 1185 1216 causa
1197 1161 1227 1216 in

263 1251 321 1304 qua
333 1250 364 1289 se
389 1243 540 1289 exerceant
552 1231 698 1304 ingenium
711 1243 739 1289 et
751 1233 855 1290 caritas
871 1249 931 1290 1.—
942 1235 1045 1308 Agitur
1056 1237 1093 1294 de
1106 1241 1227 1297 levanda

264 1323 341 1368 sorte
353 1313 555 1384 operarIorum,
565 1329 677 1368 necnon
690 1312 728 1370 de
739 1313 871 1369 arcendis
892 1313 1025 1385 periculis
1043 1317 1084 1372 rei
1105 1318 1227 1388 publicae

265 1391 479 1447 imminentibus
496 1411 503 1448 :
517 1390 610 1462 agitur
624 1392 662 1447 de
674 1391 749 1464 aptis
768 1393 903 1449 remediis
915 1405 1030 1452 strenue
1047 1396 1227 1468 adhibendis,

263 1501 298 1512 -
311 1471 349 1527 ad
369 1488 434 1543 quae
458 1470 623 1543 praesidium
643 1470 786 1541 religionis
805 1473 923 1530 omnino
947 1476 1097 1547 requiritur
1120 1490 1172 1533 1-2.
1191 1507 1229 1520 -

264 1551 394 1605 Pontifex
411 1549 449 1606 de
460 1547 555 1606 futuro
567 1561 709 1605 conventu
722 1550 814 1606 fauste
822 1551 974 1621 ominatur,
986 1551 1070 1626 eique
1092 1557 1227 1626 apostoli·

265 1645 329 1684 cam
341 1627 571 1686 benedictionem
583 1627 709 1698 impertit
722 1645 747 1685 2.

228 1733 260 1784 2.
274 1733 481 1784 EPISTOLA
490 1733 534 1784 ad
542 1733 754 1784 cardinalem
765 1729 992 1800 Langentsux,
1007 1737 1227 1800 arehiepisco-

189 1825 275 1876 pum
283 1811 514 1871 Rhemensem¹
525 1817 554 1862 et
563 1812 736 1863 adsuetum
745 1815 967 1875 praesummat
976 1815 1139 1868 abbatum
1148 1817 1227 1869 Ces-

190 1895 327 2024 tellglgne
339 1896 574 1958 congregatum
587 1892 627 1943 de
647 1892 742 1942 cultu
756 1893 792 1941 B.
805 1892 932 1944 Urbani
954 1895 995 1946 11.
1008 1895 1077 1946 -2
1102 1907 1226 1960 augus-

298 2073 344 2128 De
365 2081 461 2127 erecta
482 2081 576 2126 statua
598 2071 630 2124 B.
646 2069 766 2138 Urbani,
780 2070 873 2142 deque
895 2072 1076 2128 solemnitate
1097 2073 1226 2142 ejusdem

261 2148 450 2206 dedicationis
462 2165 494 2204 se
505 2148 677 2203 delectatum
691 2157 811 2203 testatur
823 2148 955 2204 Pontifex
967 2164 1028 2218 p—
1040 2151 1126 2206 Tanti
1139 2151 1227 2208 hono·

263 2229 376 2298 ris,bac
399 2227 557 2299 prasertim
571 2237 664 2294 aetate,
684 2226 814 2297 apprime
836 2227 954 2298 dignum
975 2228 1102 2286 declarat
1125 2231 1158 2286 B.
1173 2232 1227 2287 Ur·

260 2307 481 2378 banum3cujus
501 2307 603 2362 honori
628 2306 720 2377 pietas
739 2306 863 2376 publica,
887 2317 1010 2364 testante
1035 2307 1153 2378 Nuntio,
1166 2325 1225 2365 non

262 2387 350 2442 defuit
364 2402 425 2456 3.-
435 2385 609 2442 Redundant
621 2385 684 2440 istae
694 2384 794 2440 laudes
804 2384 832 2440 in
843 2386 948 2442 Sedem
960 2387 1186 2458 quamUrbanus
1197 2390 1226 2444 ll

263 2467 332 2522 olim
344 2465 501 2522 illustravit.
514 2466 591 2520 Vota
602 2464 676 2519 votis
694 2463 818 2519 reddens
831 2465 971 2534 Pontifex,
985 2467 1079 2522 Deum
1093 2466 1228 2538 adpreca-

263 2557 318 2616 tur,
330 2557 361 2602 ut
385 2544 494 2602 meritis
518 2543 589 2600 tanti
616 2543 864 2600 PraesulisGalliae
884 2547 990 2616 populo
1013 2562 1048 2600 ac
1061 2545 1137 2601 clero
1154 2547 1229 2604 vires

262 2636 365 2698 augeat
377 2625 415 2681 ad
434 2625 500 2680 fidei
512 2635 658 2679 certamen
677 2637 732 2692 3-4.
743 2652 779 2662 —
791 2623 838 2679 nd
865 2625 941 2680 huuc
965 2623 1051 2681 linem
1064 2641 1144 2680 suam
1158 2625 1229 2697 ipsis

262 2704 491 2762 benedictionem
499 2713 629 2759 amanter
641 2701 766 2784 impertit
778 2718 804 2769 4.

225 2817 257 2868 3.
278 2813 526 2868 DECRETUM
545 2812 586 2864 de
600 2824 711 2863 mense
724 2812 848 2864 octobri
859 2813 979 2878 reglnae
992 2825 1013 2864 a
1025 2814 1165 2866 Rosarlo
1177 2811 1229 2868 di-

185 2895 308 2954 uendo,
320 2907 358 2945 ao
377 2894 418 2944 de
439 2893 522 2944 festo
545 2892 694 2955 ejusdem
707 2893 776 2944 ritu
787 2892 876 2956 dupl.
888 2893 921 2943 11
932 2893 1007 2944 olas
1023 2894 1229 2947 celebrando.

186 2974 270 3024 —11
292 2973 487 3036 septembris
511 2970 591 3022 1887

299 3067 489 3124 lnterdensas
498 3065 693 3122 calamitatum
703 3065 996 3136 tenebras,Pontificis
1004 3069 1092 3124 verbo
1101 3069 1229 3139 amplum

264 3148 387 3202 fructum
407 3147 524 3216 ferente,
537 3145 670 3214 frequens
686 3144 823 3201 festorum
835 3162 870 3200 ac
891 3145 998 3201 mensis
1013 3147 1124 3203 Rosarii
1138 3147 1230 3204 cultus

263 3243 315 3298 per
339 3227 438 3282 orbem
462 3224 648 3282 christianum
673 3225 855 3293 reviviscens,
867 3241 950 3295 spem
973 3225 1041 3283 facit
1065 3227 1229 3283 obtinendae

261 3304 395 3374 victoriae,
426 3321 477 3376 per
497 3305 690 3376 iidem,quam
709 3304 808 3360 recolit
839 3305 952 3362 Rosarii
971 3306 1085 3362 devotio
1099 3320 1169 3376 5.-
1182 3309 1228 3364 De

262 3385 365 3456 quibus
385 3385 515 3441 Pontifex
539 3383 722 3440 vehementer
739 3383 860 3452 laetatus,
873 3396 902 3441 et
927 3385 963 3440 ad
989 3387 1228 3458 perseverandum

263 3481 379 3535 gregem
401 3466 537 3533 hortator,
549 3473 579 3520 et
598 3472 718 3518 renovat
742 3480 807 3534 quae
827 3463 888 3534 jam
907 3463 971 3520 tulit
984 3464 1021 3521 de
1046 3465 1168 3520 Rosario
1180 3466 1228 3521 de-

263 3556 341 3600 creta
359 3544 413 3614 5-6.
423 3575 459 3584 -
472 3543 548 3613 Quin
560 3544 598 3599 ad
610 3543 672 3614 ejus
684 3543 847 3613 augendum
860 3545 976 3614 cultum,
984 3545 1016 3600 B.
1027 3545 1062 3600 V.
1075 3561 1093 3600 a
1107 3545 1229 3600 Rosario

262 3624 471 3680 solemnitatem
484 3623 522 3679 ad
545 3622 631 3679 ritum
643 3621 719 3693 dupl.
735 3622 775 3678 11.
788 3622 871 3678 class.
884 3639 936 3695 pro
958 3623 1091 3679 universa
1104 3623 1235 3679 Ecclesia

263 3702 431 3774 provehit6.

229 3813 260 3863 4.
282 3811 491 3864 EPISTOLA
515 3811 557 3863 ad
576 3812 741 3873 episcopos
752 3811 857 3862 ltaliae
871 3810 911 3861 ds
923 3811 1022 3861 Sacro
1039 3810 1231 3861 nonanto.—

190 3892 239 3944 20
260 3893 452 3955 septembris
476 3891 589 3943 188⁷...
1284 3897 1300 3951 7

298 3991 446 4048 Praeterita
458 3991 595 4059 recolens,
616 3990 824 4063 praesentiaque
837 3999 984 4058 contuens,
996 3988 1126 4044 Pontifex
1149 4007 1230 4060 spem

265 4069 293 4126 in
305 4071 382 4128 cultu
408 4073 436 4128 S.
450 4069 563 4126 Rosarii
590 4069 701 4140 reponit
720 4083 744 4136 7.
759 4099 794 4110 -
808 4067 939 4124 Ecclesia
964 4067 1038 4124 votis
1059 4069 1122 4140 ejus
1152 4069 1231 4126 baud

264 4151 352 4205 semel
365 4167 397 4206 se
406 4150 529 4206 docilem
541 4149 571 4204 in
593 4148 713 4204 colendo
727 4148 869 4220 Reginam
881 4166 898 4203 a
916 4147 1038 4202 Rosario
1051 4146 1228 4214 monstravit,

266 4228 405 4301 imprimis
419 4229 510 4299 ltalia,
523 4245 610 4301 quam
629 4227 783 4283 instantius
805 4229 842 4284 de
854 4228 909 4282 hoc
928 4226 1004 4281 cultu
1017 4223 1097 4281 hisce
1128 4225 1229 4282 litteris

227 4403 246 4436 t.
261 4387 336 4437 index
346 4391 501 4438 materlamm
511 4389 678 4449 alphabeticus
689 4399 776 4448 quarto
786 4388 901 4434 volumini
912 4385 1043 4434 adiicietur.
1110 4353 1113 4360 -
