3230 4874
276 343 281 357 ‘
394 347 440 440 58
542 369 757 422 sacocurro
781 357 803 388 “
822 369 980 422 saronas
998 371 1118 423 cunas
1139 371 1307 423 nossnas
1329 405 1348 432 .,

398 477 481 488 -ι--
516 479 525 486 .-
635 481 662 486 .--
675 479 734 488 ——.—
754 479 1063 490 ——--.-..---.-.-—..-.

215 547 367 654 525¹*qu
392 545 591 628 Apostolica
606 549 805 612 auctoritate
827 549 952 613 Nostra
977 547 1118 630 probare
1138 557 1172 614 et
1188 547 1382 614 confirmare
1396 547 1484 612 velle-

214 617 367 734 sfopsarqiae
392 669 474 714 mus.
492 649 577 716 Cum
595 669 664 714 rem
680 670 826 730 omnem,
841 670 886 716 ex
902 671 1005 728 more,
1021 651 1172 718 Consilio
1187 651 1315 717 Nostro
1331 647 1404 712 fidei
1419 669 1485 730 pro-

214 728 365 830 'einim
391 754 568 836 pagandae
581 755 724 836 negotiis
740 755 823 818 ritus
834 753 1005 819 orientalis
1021 755 1214 838 praeposito
1230 755 1485 838 cognoscendam

214 843 366 963 25³2(ssss
391 857 635 934 detulissemus,
650 857 740 922 idem
768 857 955 924 Consilium
972 867 1045 924 tota
1068 859 1113 924 rei
1141 868 1257 943 gestae
1283 858 1409 922 ratione
1422 877 1486 938 per·

209 962 304 1020 gande.
390 982 504 1046 pensa,
529 961 787 1045 supplicandum
815 961 924 1026 Nobis
949 961 1088 1038 censuit,
1112 973 1148 1027 ut
1175 963 1313 1038 sanatis,
1334 970 1486 1044 quatenus

390 1085 476 1150 opus
490 1067 544 1143 sit,
557 1065 745 1149 quibusque
756 1065 845 1130 vitiis
861 1087 947 1148 quae
963 1065 996 1130 in
1013 1067 1121 1150 ipsam
1137 1067 1338 1132 electionem
1354 1065 1487 1128 incidere

388 1167 567 1252 potuerint,
591 1167 835 1233 Maronitarum
860 1167 1059 1234 Antistitum
1089 1169 1242 1254 precibus
1266 1187 1489 1234 annueremus.

213 1269 350 1374 &⁶⁰⁸2ss
388 1313 431 1324 -
448 1275 590 1340 Paterna
605 1275 735 1350 caritas,
750 1296 817 1359 qua
834 1275 1077 1342 Maronitarum
1093 1287 1229 1360 gentem
1257 1277 1488 1360 prosequimur,

212 1448 231 1492 d
303 1415 312 1426 -
390 1379 477 1453 lacit,
499 1387 535 1443 ut
558 1377 699 1444 libenter
720 1380 759 1442 iis
781 1381 981 1445 auctoritate
1008 1380 1133 1446 Nostra
1158 1390 1293 1466 praesto
1318 1380 1440 1444 simus:
1462 1393 1489 1442 et

213 1462 365 1560 affin.
390 1501 466 1546 cum
498 1500 710 1566 summopere
742 1481 849 1548 Nobis
883 1485 975 1549 cordi
1004 1485 1048 1549 sit
1084 1485 1306 1549 Maroniticae
1342 1483 1489 1548 ecclesiae

209 1571 364 1684 2253de
391 1583 603 1666 prosperitas,
634 1587 802 1662 mandata,
827 1585 889 1650 hac
917 1587 1102 1666 occasione,
1131 1587 1288 1652 dedimus
1316 1593 1491 1650 memorato

212 1685 356 1737 mudum:
392 1685 542 1750 Consilio
558 1689 685 1753 Nostro
712 1689 855 1772 negotiis
879 1689 961 1754 ritus
985 1689 1157 1755 orientalis
1180 1689 1383 1772 praeposito,
1409 1697 1444 1752 ut
1458 1708 1491 1750 ea

391 1791 548 1857 decernat
564 1815 603 1858 ac
618 1804 748 1862 statuat
762 1816 849 1879 quae
864 1817 905 1860 eo
923 1799 1099 1880 pertinent,
1126 1807 1163 1862 ut
1185 1796 1413 1862 ecclesiastica
1433 1796 1492 1858 dis-

259 1896 365 2001 deincps
390 1895 566 1980 ciplinaad
576 1899 780 1982 praescripta
794 1899 923 1984 Synodi
940 1900 1137 1966 Libanensis
1152 1922 1243 1968 anno
1260 1903 1343 1984 1736
1357 1900 1492 1976 habitae,

210 1961 364 2060 miphi-
391 2000 577 2066 accuratius
600 1999 797 2088 pleniusque
823 2015 981 2070 servetur.
1006 2005 1105 2070 Nunc
1130 2015 1243 2070 autem
1268 2005 1365 2070 firma
1381 2003 1492 2068 fiducia

215 2087 366 2192 ,imm
391 2103 464 2168 freti
496 2104 573 2184 lore,
604 2118 641 2171 ut
673 2107 864 2173 Patriarcha
894 2108 1053 2186 delectus,
1079 2129 1147 2192 quo
1178 2111 1304 2172 maiore
1334 2107 1493 2192 dignitate

215 2193 341 2240 '‘⁰²³⁸“st
392 2207 587 2292 praefulget,
616 2229 657 2276 eo
687 2211 870 2296 impensius
899 2213 943 2276 de
973 2212 1134 2295 religione
1163 2222 1197 2278 et
1230 2212 1372 2276 ecclesia
1409 2213 1489 2294 apud

394 2311 628 2378 Maroniticam
654 2324 789 2398 gentem
822 2335 882 2379 sua
912 2314 1095 2398 vigilantia,
1130 2335 1241 2398 opera,
1276 2315 1491 2380 sollicitudine

394 2416 511 2480 mereri
541 2418 684 2494 studeat,
718 2419 788 2482 eius
822 2419 1020 2482 electionem
1058 2439 1116 2484 seu
1155 2419 1416 2502 postulationem
1452 2419 1490 2480 ad

392 2517 657 2584 Patriarchatum
703 2523 954 2590 Antiochenum
1003 2524 1245 2590 Maronitarum
1287 2523 1489 2606 probandam

229 1403 243 1432 1

391 2631 566 2704 ratamque
590 2624 781 2690 habendam
806 2627 1084 2704 existimavimus,
1108 2627 1332 2709 eumdemque
1349 2626 1491 2690 Venera-
1590 2685 1591 2732 ἶ

391 2725 491 2790 bilem
518 2727 667 2792 Fratrem
694 2730 727 2793 in
755 2731 955 2796 luculentius
970 2731 1159 2796 dilectionis
1187 2731 1333 2794 Nostrae
1348 2728 1492 2794 testimo-

391 2831 493 2908 nium,
508 2851 602 2896 sacro
618 2833 720 2916 pallio
735 2834 778 2898 de
794 2856 932 2919 corpore
959 2837 994 2902 B.
1012 2837 1099 2900 Petri
1124 2843 1270 2918 sumpto,
1286 2843 1323 2899 ut
1338 2832 1490 2918 postulat,

391 2935 619 3000 decorandum
635 2939 834 3006 censuimus.

747 3100 838 3185 Quid
862 3101 970 3168 Vobis
994 3103 1149 3167 videtur?

433 3251 647 3321 Auctoritate
672 3257 914 3342 omnipotentis
943 3257 1015 3335 Dei,
1042 3268 1234 3323 sanctorum
1252 3255 1488 3340 Apostolorum

391 3357 478 3422 Petri
503 3369 537 3424 et
563 3361 665 3439 Pauli,
680 3371 715 3425 et
743 3361 877 3441 Nostra,
892 3362 1088 3428 electionem
1113 3382 1171 3427 seu
1197 3359 1487 3445 postulationema

389 3459 645 3528 Venerabilibus
677 3465 848 3531 Fratribus
883 3465 1060 3550 Episcopis
1092 3466 1270 3530 Maronitis
1299 3465 1419 3528 iactam
1448 3463 1489 3525 de

389 3584 530 3647 persona
555 3567 766 3633 Venerabilis
793 3569 918 3634 Fratris
945 3569 1081 3634 loannis
1113 3568 1202 3632 Petri
1233 3569 1345 3652 Hagg,
1369 3565 1488 3630 sanatis

390 3679 554 3753 quatenus
567 3692 651 3757 opus
667 3674 710 3736 sit
725 3673 913 3756 quibusque
929 3673 1115 3756 vitiisquae
1130 3672 1284 3737 electioni
1301 3669 1364 3754 ipsi
1379 3678 1487 3752 potue-

389 3775 453 3838 rint
469 3773 609 3854 officere,
625 3776 806 3858 probamus
823 3786 997 3860 ratamque
1018 3775 1191 3852 habemus,
1206 3794 1352 3858 eumque
1366 3772 1485 3838 solven-

388 3891 438 3942 tes
462 3899 482 3942 a
508 3879 649 3958 vinculo,
676 3900 744 3963 quo
770 3881 929 3946 ecelesiae
954 3879 1229 3963 Heliopolitanae
1253 3879 1484 3945 Maronitarum

386 3980 614 4065 obstringitur,
651 3984 694 4048 ad
734 3983 993 4048 Patriarchalem
1032 3982 1282 4048 Antiochenam
1321 3975 1484 4046 ecclesiam

389 4085 643 4165 Maronitarum,
666 4106 743 4152 cum
760 4087 916 4152 omnibus
944 4087 1134 4171 privilegiis,
1154 4084 1276 4168 quibus
1304 4086 1484 4149 decessores

389 4190 458 4253 eius
475 4189 518 4252 ab
533 4189 595 4254 hac
612 4189 811 4273 Apostolica
824 4189 913 4256 Sede
924 4191 1036 4254 ornari
1047 4209 1258 4266 consuevere,
1273 4187 1438 4252 evehimus
1452 4193 1484 4243 et

388 4312 635 4376 promovemus,
659 4303 693 4359 et
725 4293 951 4358 Patriarcham
978 4313 1017 4358 ac
1050 4294 1221 4356 Pastorem
1251 4291 1481 4356 Maronitarum

391 4392 548 4471 fidelium,
563 4395 612 4456 uti
628 4396 661 4459 in
677 4396 813 4461 decreto
828 4417 868 4460 ac
883 4397 1041 4461 schedula
1069 4393 1355 4460 consistorialibus
1370 4383 1482 4473 signifi·
