3250 4876
418 403 461 455 10
501 403 649 454 LlTTER.
670 403 827 457 ENCYCL.
850 391 871 422 “
890 405 1117 458 SAPIENTIAE
1140 403 1396 456 cnalsutnuas
1412 438 1432 467 „

411 563 502 648 leges
517 575 633 647 aperte
651 565 841 649 discrepent
856 586 932 632 cum
958 567 1028 632 iure
1043 565 1167 644 divino,
1182 566 1209 630 si
1225 585 1326 650 quam
1344 563 1496 630 Ecclesiae

411 668 587 751 imponant
611 669 775 747 iniuriam,
790 682 849 736 aut
876 671 925 750 iis,
939 690 1027 754 quae
1052 680 1131 736 sunt
1145 672 1190 735 de
1216 669 1384 754 religione,
1398 667 1498 732 officiis

411 771 652 847 contradicant,
667 773 718 838 vel
743 775 977 840 auctoritatem
1004 775 1090 841 lusu
1117 773 1277 840 Cuatsut
1302 775 1335 839 in
1361 771 1500 856 pontifice

412 877 563 942 maximo
587 875 723 956 violent,
753 890 825 943 turn
849 899 929 943 vero
956 880 1108 944 resistere
1142 877 1288 944 officium
1318 886 1379 954 est,
1403 893 1501 960 patere

411 979 519 1043 scelus
542 981 667 1066 :idque
690 1000 767 1046 cum
792 982 896 1065 ipsius
924 981 1126 1066 reipublicae
1152 981 1272 1046 iniuria
1294 981 1502 1052 coniunctum,

411 1083 491 1166 quia
507 1092 663 1165 peccatur
679 1085 712 1149 in
733 1085 973 1168 rempublicam
990 1085 1154 1170 quidquid
1181 1085 1214 1150 in
1239 1085 1400 1168 religione
1413 1081 1501 1148 delio·

230 1181 388 1300 praexistit}
413 1189 534 1271 quitur.
559 1189 747 1254 -Rursus
773 1199 886 1256 autem
914 1200 1054 1274 apparet
1078 1211 1182 1275 quam
1198 1191 1242 1257 sit
1268 1190 1327 1255 illa
1349 1186 1504 1254 seditionis

234 1301 276 1352 ao,
311 1313 387 1370 sug-3
411 1291 536 1358 iniusta
561 1293 772 1359 criminatio:
789 1315 855 1358 non
883 1295 973 1358 enim
998 1293 1151 1359 abiicitur
1174 1291 1317 1376 principi
1344 1292 1505 1374 legumque

231 1359 306 1479 251¹ssss
339 1361 385 1464 :132
412 1393 573 1461 latoribus
597 1397 790 1462 obedientia
814 1398 948 1464 debita:
963 1400 1021 1463 sed
1039 1399 1084 1462 ab
1098 1417 1213 1462 eorum
1230 1397 1405 1461 voluntate
1426 1393 1505 1458 iniis

234 1477 348 1525 verarex.
411 1497 593 1564 dumtaxat
608 1502 796 1584 praeceptis
822 1503 1014 1577 disceditur,
1029 1521 1172 1584 quorum
1199 1499 1414 1564 serendorum
1430 1495 1505 1560 nulla

411 1611 562 1684 potestas
584 1615 645 1682 est,
659 1606 738 1690 quia
752 1627 829 1670 cum
848 1607 912 1672 Dei
928 1607 1048 1670 iniuria
1068 1605 1227 1684 feruntur,
1243 1605 1388 1689 ideoque
1403 1609 1504 1667 vacant

411 1707 548 1785 iustitia,
576 1717 612 1774 et
644 1709 776 1793 quidvis
807 1711 919 1794 potius
946 1723 1025 1776 sunt
1055 1731 1158 1795 quam
1188 1710 1287 1794 leges.
1320 1747 1367 1760 -
1400 1705 1505 1774 Nostis.

411 1811 631 1878 Venerabiles
662 1813 805 1894 Fratres,
831 1815 918 1880 hanc
948 1835 1021 1880 esse
1058 1815 1262 1899 ipsissimam
1300 1815 1393 1878 beati
1429 1807 1504 1876 Pauli

411 1916 570 1998 Apostoli
586 1918 797 1985 doctrinam:
813 1921 871 2004 qui
892 1939 968 1984 cum
985 1921 1171 2003 scripsisset
1186 1918 1230 1985 ad
1239 1919 1371 1997 Titum,
1386 1931 1505 1982 monen-

411 2021 474 2084 dos
489 2020 687 2088 christianos
701 2023 906 2106 principibus
919 2035 952 2088 et
962 2023 1173 2108 potestatibus
1191 2022 1339 2088 subditos
1352 2043 1427 2097 esse,
1439 2017 1507 2083 dr'ctr

256 2141 387 2214 (adorent
410 2125 545 2204 obedire,
561 2127 642 2192 illud
662 2129 777 2192 statim
804 2129 967 2212 adiungit,
982 2129 1031 2192 ad
1052 2149 1144 2192 omae
1163 2139 1242 2211 opus
1255 2127 1377 2192 bonum
1389 2131 1507 2209 paratas

230 2208 355 2320 fflffi
411 2249 478 2295 esse
491 2229 557 2314 (¹):
577 2251 645 2315 quo
662 2232 774 2315 palam
792 2231 894 2311 fieret,
910 2233 937 2297 si
960 2232 1051 2316 leges
1066 2232 1241 2296 hominum
1258 2239 1380 2296 contra
1403 2225 1506 2310 sempl·

237 2333 300 2369 rum.
412 2343 541 2399 ternam
567 2333 675 2419 legem
701 2336 767 2402 Dei
797 2336 977 2421 quicquam
1009 2345 1168 2414 statuant,
1192 2344 1321 2400 rectum
1354 2355 1426 2400 esse
1452 2349 1504 2396 non

411 2455 536 2519 parere.
564 2438 740 2524 Similique
770 2440 900 2505 ratione
932 2441 1087 2524 princeps
1116 2439 1363 2523 Apostolorum
1392 2440 1439 2516 iis,
1461 2435 1505 2520 qui

411 2541 600 2607 libertatern
626 2544 840 2626 praedicandi
870 2545 1045 2630 Evangelii
1070 2545 1132 2610 sibi
1147 2543 1273 2609 vellent
1292 2545 1431 2627 eripere,
1444 2537 1503 2605 torti

410 2655 511 2730 atque
523 2647 659 2712 excelso
674 2649 788 2713 animo
801 2651 1037 2733 respondebat,
1050 2650 1083 2714 si
1095 2655 1220 2714 iustum
1241 2657 1290 2713 est
1305 2649 1341 2712 in
1365 2652 1502 2730 conspecta

411 2748 485 2826 Dei,
500 2771 558 2814 aas
572 2751 682 2832 patius
696 2753 821 2831 audire,
836 2775 936 2838 quam
952 2753 1072 2832 Deum,
1092 2753 1233 2817 iudicate
1244 2775 1256 2817 :
1277 2773 1341 2816 noa
1354 2753 1440 2818 enim
1447 2761 1501 2833 pos·

411 2873 526 2917 sumas
540 2875 622 2935 quae
633 2855 1021 2923 vidimusetaudivimus
1031 2877 1093 2921 nan
1108 2855 1199 2938 loqui
1211 2853 1265 2938 (²).

246 2981 388 3052 Mastaura
457 2963 588 3028 Ambas
619 2965 732 3050 itaque
763 2970 889 3052 patrias
913 2985 1186 3052 unumquemque
1211 2963 1362 3048 diligere,
1385 2965 1497 3030 alteram

235 3043 389 3170 {ssssmffi
414 3083 563 3153 naturae,
593 3075 732 3143 aiteram
765 3077 910 3144 civitatis
937 3077 1100 3154 caelestis,
1130 3076 1178 3140 ita
1207 3084 1321 3140 tamen
1351 3085 1390 3140 ut
1418 3069 1504 3140 huus
1581 3087 1583 3106 ¹

236 3164 392 3277 ῗῖᾄζήμῗ
414 3203 514 3268 quam
544 3185 631 3250 illius
658 3187 821 3253 habeatur
846 3187 967 3251 caritas
992 3185 1170 3270 antiquior,
1194 3203 1256 3248 nec
1283 3203 1432 3268 unquam
1455 3175 1505 3244 Dei

232 3279 345 3338 patrt'arrt
352 3277 389 3324 de·
415 3295 423 3310 ·

237 3337 286 3383 Μ,
305 3337 390 3383 „dm
415 3296 540 3360 ruribus
557 3297 628 3361 iura
642 3289 791 3363 humana¹
816 3306 1073 3382 anteponantur,
1096 3294 1283 3361 maximum
1305 3305 1358 3360 est
1374 3288 1505 3359 christia·

238 3397 346 3458 dim
415 3424 533 3469 norum
565 3405 721 3485 officium,
752 3409 901 3490 itemque
932 3407 1022 3471 velut
1054 3405 1128 3470 lons
1157 3403 1306 3488 quidam,
1336 3404 1427 3468 unde
1452 3395 1506 3462 alia

414 3509 523 3576 officia
539 3523 729 3579 nascuntur.
743 3513 832 3579 Sane
849 3513 1007 3577 liberator
1021 3515 1153 3596 generis
1165 3513 1303 3578 humani
1316 3514 1360 3577 de
1375 3533 1411 3577 se
1431 3511 1506 3592 ipse:

415 3613 495 3697 Ego,
511 3615 628 3700 inquit,
644 3617 678 3681 r'n
693 3616 752 3680 lroc
771 3627 958 3682 natussum
972 3617 1135 3682 etadlroc
1155 3618 1231 3681 veni
1250 3615 1286 3681 in
1302 3616 1465 3689 mundum,
1478 3615 1508 3671 ut

243 3757 309 3802 Tm,
333 3757 389 3806 J„
414 3724 636 3789 testimonium
653 3725 845 3809 perhibeam
868 3725 1006 3790 veritati
1033 3725 1085 3810 (³).
1114 3726 1285 3806 Similiter,
1311 3727 1417 3810 iguem
1445 3715 1508 3786 vani
1581 3807 1583 3826 Ι

239 3816 391 3920 ᾖξ”ζξζζζ
416 3833 543 3900 mittere
567 3835 602 3899 r'n
626 3846 760 3914 terram,
776 3845 808 3898 et
828 3835 913 3918 quid
927 3835 1006 3912 valo,
1026 3837 1094 3901 nisi
1119 3848 1158 3902 ut
1181 3837 1375 3902 accendatur
1388 3835 1451 3919 (⁴)?
1474 3829 1504 3892 In
1582 3831 1583 3870 l

238 3934 391 4039 2225,ng
415 3942 513 4007 huius
525 3945 716 4027 cognitione
728 3945 887 4022 veritatis,
902 3965 989 4028 quae
1002 3947 1124 4012 mentis
1140 3957 1191 4013 est
1206 3967 1338 4011 summa
1356 3939 1506 4030 perfectio,

186 4089 190 4100 '
238 4067 390 4170 mma?
416 4051 449 4114 in
480 4054 619 4116 caritate
648 4049 772 4130 divina,
798 4072 885 4135 quae
913 4053 1041 4134 perficit
1070 4055 1141 4138 pari
1174 4056 1275 4119 modo
1305 4056 1507 4120 voluntatem,

234 4171 353 4239 patrimo-
415 4159 525 4222 omnis
550 4157 806 4225 christianorum
831 4170 882 4226 est
906 4161 976 4226 vita
1001 4182 1040 4226 ac
1063 4162 1204 4258 xlibertas
1230 4163 1350 4246 posita.
1370 4161 1505 4245 Quarum

239 4243 317 4276 mm
416 4289 535 4347 rerum,
551 4269 699 4334 veritatis
727 4269 854 4334 scilicet
877 4282 912 4335 et
927 4270 1085 4350 caritatis,
1101 4272 1346 4338 nobilissimum
1362 4268 1505 4355 patrimo·

448 4474 470 4507 1.
481 4463 539 4515 Tir..
553 4473 592 4515 nr,
605 4477 623 4509 1.
634 4487 663 4496 —
672 4477 692 4510 2.
706 4464 770 4516 Act.
784 4475 819 4516 rr,
833 4479 868 4523 19·
882 4479 919 4512 aa
929 4489 957 4500 -
964 4481 985 4525 a
1000 4467 1045 4519 lo,
1059 4477 1135 4519 xvur,
1147 4479 1184 4527 37.
1193 4489 1221 4500 -
1232 4481 1253 4524 4
1269 4465 1339 4518 Luc..
1349 4475 1395 4516 xrr,
1406 4477 1441 4522 49,
