3140 4866
108 371 168 424 DE
187 369 395 424 INSTITUTO
413 367 679 420 CONVENTUUM
697 369 899 420 CATHOLIC.
920 370 962 422 ΙΝ
982 370 1121 423 ITALIA.
1148 356 1219 446 263

108 549 244 614 dictum
260 571 268 628 ;
285 550 353 614 imo
365 555 399 612 et
415 555 623 630 argumenta,
638 566 724 629 quae
751 530 1015 612 deliberantibus
1030 549 1222 631 proposuis·
1248 564 1393 648 qu·

108 652 169 731 tis,
198 651 303 734 digna
333 651 433 734 plane
462 651 677 732 agnoscimus
707 649 869 733 religione
885 659 1003 727 vestra,
1031 651 1165 734 egregia
1188 652 1222 715 iu
1287 655 1353 714 1891-

110 754 302 819 Ecclesiam
316 752 383 818 fide
398 763 433 819 et
448 753 572 817 devota
594 772 674 836 erga
698 753 771 817 Nos
802 752 984 818 voluntate.
1017 753 1224 819 Huiusmodi
1308 765 1399 810 Probat

109 857 205 922 enim
237 868 288 921 est
318 857 491 941 inquisitio
520 857 699 935 rationum,
730 877 817 938 quae
846 857 1042 940 aptissimae
1073 857 1139 922 sint
1181 858 1224 922 ad
1245 830 1394 943 {masaa

108 963 275 1029 levandas
290 961 517 1046 operariorum
535 961 750 1024 necessitates
775 961 858 1042 (sive
886 961 952 1026 hae
982 983 1122 1044 corpora
1151 981 1225 1046 pre·
1249 947 1400 1048 mm,

110 1076 211 1132 mant
236 1068 306 1130 sive
332 1063 479 1146 animos)
511 1065 609 1128 iuxta
640 1083 775 1128 normas
802 1067 1021 1149 praestitutas
1046 1067 1079 1130 in
1107 1066 1226 1130 litteris
1251 1071 1323 1140 nitus
1347 1077 1401 1128 pro-

109 1169 250 1236 Nostris
269 1167 448 1252 encyclicis
463 1167 507 1231 de
536 1165 697 1250 opiticum
713 1167 906 1246 conditione
923 1169 1090 1252 inscriptis
1107 1191 1115 1248 ;
1145 1169 1226 1233 item
1247 1134 1335 1190 pm
1433 1215 1439 1230 .

110 1273 329 1360 quaestiones
359 1273 402 1336 de
433 1271 581 1334 consiliis
598 1271 753 1334 ineundis
769 1280 805 1335 ut
822 1271 975 1336 iuvenilis
1002 1281 1096 1336 aetas
1123 1272 1227 1355 probe

112 1375 337 1458 religioseque
354 1375 559 1449 instituatur,
573 1381 612 1437 ut
621 1373 717 1455 probi
734 1373 849 1457 piique
864 1375 955 1439 cives
971 1375 1004 1438 in
1029 1375 1228 1459 municipio·
1281 1409 1284 1418 ·

114 1499 191 1544 rum
204 1489 237 1543 et
250 1479 496 1561 provinciarum
509 1477 657 1540 consiliis
670 1478 1017 1560 sedeantpraesertim
1031 1499 1110 1544 vero
1122 1481 1226 1562 (quod

114 1583 261 1648 maximi
278 1583 440 1647 momenti
457 1579 524 1664 est)
535 1590 573 1645 ut
589 1582 780 1647 excitentur
795 1583 906 1646 studia
923 1581 1073 1648 fidelium
1090 1603 1166 1648 cum
1183 1585 1225 1648 ad

114 1689 288 1773 graviores
303 1687 498 1771 disciplinas
514 1687 729 1766 excolendas,
741 1695 813 1751 tum
830 1687 873 1750 ad
890 1707 948 1752 eos
973 1687 1147 1766 iuvandos
1168 1688 1225 1772 qui

113 1815 177 1879 per
192 1795 422 1877 ephemerides
439 1803 472 1856 et
489 1791 591 1855 libros
607 1802 725 1856 curant
741 1802 778 1856 ut
805 1813 891 1876 quae
923 1793 1008 1857 scitu
1039 1795 1225 1857 necessaria

112 1908 195 1962 sunt
210 1899 307 1962 iuxta
322 1917 439 1961 sanam
456 1896 644 1960 doctrinam
662 1895 855 1960 hominibus
871 1898 1055 1961 tradantur.
1075 1898 1140 1961 His
1166 1898 1224 1962 de·
1305 1976 1307 1982 Α

111 2001 216 2084 nique
239 2001 368 2066 accedit
384 2019 545 2082 expressa
561 1999 595 2062 in
611 2000 791 2082 praedictis
803 2001 1010 2083 argumentis
1031 2001 1223 2066 sollicitudo

108 2115 223 2172 vestra
238 2106 372 2169 levandi
389 2105 563 2186 angustias
574 2103 607 2166 in
620 2103 742 2187 quibus
753 2124 925 2168 versamur
936 2125 975 2168 ac
988 2125 1092 2169 novas
1102 2126 1220 2189 paran-

108 2211 146 2276 di
162 2208 425 2292 significationes
441 2207 629 2271 communis
645 2226 725 2289 erga
742 2206 815 2270 Nos
830 2208 1072 2274 observantiae.

153 2312 292 2395 Oppido
307 2313 390 2376 haec
406 2313 519 2375 omnia
547 2310 753 2392 religionem,
770 2310 870 2374 fidem
887 2320 921 2375 et
937 2309 1037 2374 filiale
1067 2311 1214 2376 studium
1268 2351 1328 2396 M,
1339 2353 1394 2397 lau,

105 2425 255 2482 vestrum
273 2417 433 2478 maiorem
461 2415 494 2478 in
515 2415 654 2479 modum
672 2413 779 2478 Nobis
796 2414 1043 2494 commendant,
1061 2413 1215 2496 gratique
1240 2409 1284 2453 ‘²⁶¹¹
1294 2411 1394 2458 ‘'mlii’‘-

105 2517 211 2583 animi
228 2519 334 2582 vicem
350 2519 414 2583 sibi
437 2519 625 2600 vindicant3
648 2538 764 2583 verum
795 2518 876 2582 dum
904 2518 1024 2582 merita
1053 2537 1212 2582 ornamus
1238 2471 1390 2573 §mua

54 2615 57 2626 '
79 2707 82 2714 Ι
104 2621 207 2686 laude
233 2624 404 2705 proposita
434 2633 553 2701 vestra,
580 2621 735 2688 nolumus
759 2622 849 2686 hisce
873 2621 994 2687 finibus
1024 2622 1210 2688 orationem
1234 2599 1394 2696 qaum?

106 2727 268 2792 Nostram
285 2729 457 2806 contineri,
467 2729 525 2792 sed
541 2727 652 2811 placet
667 2726 768 2791 altius
784 2747 957 2810 assurgere
972 2739 1007 2792 et
1022 2738 1131 2792 totum
1148 2727 1213 2791 boc
1239 2713 1315 2754 mm·

105 2832 298 2896 institutum
313 2831 556 2897 catholicorum
572 2841 798 2896 conventuum
815 2839 849 2895 et
860 2831 1081 2895 comitatuum
1095 2831 1213 2894 merita

105 2935 300 2999 laudatione
315 2934 501 3018 complecti.
521 2933 597 2998 Hoc
612 2933 681 3016 lpsi
698 2934 765 2997 iam
782 2934 912 3017 pridem
940 2933 1158 3016 probavimus
1173 2953 1213 2997 ac

104 3038 288 3121 provehere
303 3039 538 3103 contendimus
558 3037 734 3102 verborum
751 3046 785 3101 et
812 3037 998 3101 litterarum
1016 3037 1212 3102 incitamen·

104 3142 164 3221 tis;
190 3142 344 3205 novimus
369 3141 457 3204 enim
486 3141 646 3224 plurimas
660 3161 743 3224 quas
759 3141 861 3204 habet
887 3141 1156 3223 opportunitates
1179 3147 1213 3202 et

103 3246 284 3310 commoda
315 3246 522 3328 amplissima
549 3265 636 3328 quae
651 3253 821 3327 praestare
847 3254 960 3329 potest
977 3244 1019 3308 ad
1041 3243 1212 3325 religionis

103 3348 307 3431 praesidium
334 3357 368 3412 et
392 3347 535 3412 salutem
566 3349 613 3411 rei
636 3347 798 3430 publicae,
814 3348 840 3410 si
873 3345 972 3410 nullis
989 3346 1209 3428 interceptum

104 3450 286 3518 obstaculis
310 3451 469 3537 nulloque
499 3452 671 3517 turbatum
699 3450 852 3516 dissensu
867 3469 985 3516 omnes
1001 3449 1212 3514 nanciscatur

104 3562 273 3626 studiosos
288 3562 338 3625 sui
362 3560 492 3644 sibique
508 3560 750 3643 secundos,qui
766 3559 819 3624 vel
835 3557 992 3652 privatim
1009 3566 1148 3638 agentes
1157 3556 1209 3621 vel

103 3664 137 3729 in
153 3675 269 3730 coetus
281 3666 388 3730 coacti
404 3666 559 3730 eamdem
572 3685 724 3730 caussam
738 3665 899 3729 tuendam
917 3681 1101 3745 suscepere.

147 3769 327 3834 Neminem
358 3768 508 3850 proiecto
524 3767 607 3832 latet
629 3788 687 3831 cur
702 3767 852 3830 seditiosi
879 3765 1033 3830 homines
1048 3773 1082 3828 et
1098 3773 1209 3828 sectae
1260 3805 1331 3852 ΜΔ
1340 3807 1386 3852 Μ,

103 3871 284 3938 cbristiano
300 3873 427 3936 nomini
444 3871 593 3936 infensae
605 3880 674 3934 tam
691 3870 811 3934 acriter
841 3869 875 3932 in
904 3867 1003 3932 Italia
1022 3865 1208 3932 Ecclesiam
1234 3866 1325 3912 tumr„
1337 3867 1386 3912 '‘0·

103 3984 312 4060 oppugnent;
328 3995 366 4037 ac
381 3993 482 4037 nemo
497 3994 543 4036 ex
558 3973 708 4036 honestis
724 3972 937 4054 cordatisque
949 3971 1026 4035 viris
1037 3990 1104 4034 non
1117 3970 1209 4034 dolet
1233 3926 1277 4030 bb
1306 3925 1387 4030 naq

103 4077 220 4143 acerbe
235 4079 341 4141 exitia
357 4085 391 4142 et
404 4077 524 4155 clades,
540 4095 623 4159 quas
639 4077 672 4140 in
690 4075 833 4139 familias
849 4085 884 4138 et
908 4075 1079 4140 civitatem
1096 4075 1209 4140 intulit
1234 4044 1387 4162 iffss'effla'

102 4186 259 4266 pertinax
274 4182 431 4266 impietas
446 4193 479 4246 et
496 4201 654 4266 praeceps
670 4181 704 4244 in
721 4179 849 4264 flagitia
864 4181 979 4246 libido.
997 4181 1036 4246 ln
1049 4181 1114 4246 hoc
1129 4201 1209 4246 con·
1236 4177 1316 4210 mores.

104 4285 193 4352 flictu
210 4289 401 4372 asperrimo,
413 4287 446 4352 in
460 4307 528 4370 quo
543 4307 583 4351 ea
594 4294 769 4350 vertuntur
784 4305 871 4369 quae
881 4305 1094 4370 summopere
1110 4287 1210 4352 inter-

103 4397 189 4467 sunt,
217 4387 458 4453 catholicorum
485 4396 537 4452 est
554 4407 628 4452 eam
645 4386 751 4452 aciem
776 4386 1009 4452 incunctanter
1024 4387 1127 4472 sequi,
1156 4386 1209 4450 cui
