3230 4874
195 383 247 436 DE
265 379 417 434 SYNODO
436 379 716 432 PATRIARCHALI
735 377 883 430 ARMEN.
905 379 1097 435 HABENDO.
1167 367 1210 436 61

105 581 193 646 quae
218 557 262 624 ad
286 556 489 622 catholicam
514 554 703 620 doctrinam
728 565 763 620 et
787 555 952 622 unitatem
980 557 1079 623 latius
1094 578 1215 641 propa·
1269 573 1364 669 ngm

104 664 263 748 gandam,
273 661 317 726 ad
329 679 457 725 errores
473 657 712 742 profligandos,
726 658 770 722 ad
787 659 1041 740 restituendam,
1066 660 1123 726 ubi
1147 660 1215 724 col·
1283 671 1349 732 189⁰·

105 767 201 850 lapsa
216 765 270 843 sit,
284 761 546 830 ecclesiasticam
562 761 786 845 disciplinam,
803 763 847 826 ad
864 782 975 828 mores
991 765 1217 848 corrigendos,

104 871 148 934 ad
165 869 411 955 procurandam
437 867 495 931 ubi
522 885 609 950 opus
630 874 691 942 cst,
717 885 836 949 pacem
862 867 1122 952 animorumque
1137 888 1215 934 con-

104 973 254 1038 cordiam
290 971 470 1049 pertinent.
513 969 552 1034 ln
590 969 673 1034 haec
710 990 829 1035 omnes
858 990 956 1036 curas
993 980 1122 1036 vestras
1146 972 1216 1040 lore

105 1078 350 1162 impendendas
367 1095 435 1140 non
447 1075 652 1151 dubitamus,
664 1075 883 1140 Venerabiles
903 1075 1045 1154 Fratres,
1061 1086 1096 1142 et
1119 1098 1214 1160 spem

105 1182 269 1247 habemus
284 1179 408 1258 omnia,
424 1178 614 1263 opitulante
629 1178 714 1256 Deo,
730 1197 889 1261 prospere
900 1198 1040 1245 cessura

151 1281 381 1369 Quamobrem
399 1301 466 1347 non
494 1281 576 1346 satis
592 1282 831 1346 commendare
856 1301 1043 1365 possumus,
1067 1293 1104 1348 ut
1128 1303 1215 1367 quae
1256 1357 1272 1388 r
1293 1284 1392 1389 ‘W‘

107 1409 126 1452 a
144 1388 277 1452 Nostris
292 1384 604 1469 praedecessoribus
621 1384 673 1448 vel
696 1405 716 1448 a
744 1385 852 1450 Nobis
867 1395 902 1450 et
916 1387 1019 1451 etiam
1046 1407 1067 1452 a
1088 1407 1213 1452 memo·
1238 1349 1394 1450 welfus

107 1503 180 1558 rata
205 1491 332 1555 Nostra
358 1489 631 1574 Congregationc
656 1510 717 1571 pro
743 1489 810 1554 isto
836 1490 1063 1572 patriarchatu
1087 1500 1216 1557 statuta
1241 1461 1291 1508 Μ’

108 1605 188 1662 sunt
203 1615 284 1679 prae
295 1593 400 1658 oculis
416 1591 568 1657 habeatis
584 1603 618 1657 et
629 1592 753 1657 servari
768 1593 898 1658 curetis.
915 1595 1114 1659 Praesertim
1136 1613 1216 1658 vero

107 1698 328 1785 synodalibus
365 1695 595 1761 sanctionibus
629 1697 807 1760 decernere
845 1697 998 1778 satagite,
1031 1706 1069 1762 ut
1101 1695 1216 1762 fideles

109 1813 239 1868 vestrae
254 1819 354 1864 curae
374 1799 560 1865 concrediti
587 1798 739 1864 caelestis
764 1799 938 1864 doctrinae
965 1799 1090 1883 pabulo
1115 1820 1217 1882 saepe

108 1906 243 1989 saepius
259 1904 450 1968 nutriantur
465 1923 525 1987 per
552 1901 754 1996 catechesirn
786 1905 961 1986 sanctique
974 1903 1099 1970 Christi
1117 1923 1216 1968 evan·

108 2008 188 2094 gelli
203 2008 475 2091 explicationem,
500 2008 619 2072 diebus
643 2005 838 2089 praesertim
864 2007 1042 2072 dominicis
1065 2017 1099 2071 et
1124 2008 1217 2074 iestis

109 2111 315 2178 solemnibus
339 2112 373 2174 in
399 2110 546 2176 ecclesiis
570 2111 770 2176 tradendam
789 2131 849 2194 per
875 2111 1041 2193 parochos
1067 2111 1219 2197 aliosque

111 2217 303 2282 sacerdotes
319 2236 339 2279 a
352 2215 447 2281 vobis
463 2215 665 2299 probandos.
1062 2301 1065 2308 Ι

156 2319 235 2404 Quo
261 2329 375 2385 autem
399 2319 514 2384 omnia
538 2319 602 2383 rite
628 2329 662 2384 et
687 2338 706 2381 e
733 2319 901 2382 sententia
928 2318 1020 2397 fiant,
1039 2329 1112 2384 turn
1129 2330 1219 2386 sarta

110 2434 201 2490 tecta
216 2433 342 2508 perstet
369 2423 549 2506 unicuique
564 2433 711 2486 vestrum
728 2421 890 2487 canonica
914 2423 948 2487 in
973 2424 1105 2506 synodo
1121 2422 1218 2489 liber·

109 2540 174 2609 tas,
198 2549 285 2613 quae
311 2527 505 2611 ceteroquin
534 2547 687 2591 normam
715 2527 857 2610 accipiet
884 2529 928 2592 ab
943 2528 1219 2594 instructionibus

110 2654 170 2717 per
193 2643 414 2698 memoratam
430 2631 738 2715 congregationem
754 2630 854 2710 datis,
878 2641 913 2696 et
928 2630 972 2696 ab
987 2631 1144 2697 omnibus
1165 2653 1218 2696 ac·

109 2745 224 2802 curate
247 2736 418 2801 servandis
434 2757 442 2816 ;
458 2745 530 2800 tum
554 2745 631 2800 acta
654 2754 693 2798 ac
709 2736 846 2800 decreta
862 2737 985 2819 synodi
1000 2737 1044 2801 ad
1064 2738 1218 2802 eamdem

110 2839 416 2922 Congregationem
434 2839 611 2904 mittantur
626 2839 827 2904 auctoritate
844 2838 970 2903 Nostra
992 2841 1219 2924 expendenda

108 2953 143 3008 et
158 2943 385 3008 diiudicanda

156 3047 256 3132 Quod
286 3056 447 3130 superest,
477 3045 698 3111 Venerabiles
738 3046 882 3124 Fratres,
923 3047 1143 3114 ministerium
1164 3070 1219 3113 ve·
1311 3081 1396 3128 ΖΜ

108 3160 216 3216 strum
242 3150 399 3234 implete;
422 3148 574 3214 laborate
601 3159 638 3214 ut
661 3150 740 3213 boni
770 3150 894 3214 milites
926 3149 1059 3228 Christi,
1089 3159 1127 3216 ut
1156 3150 1220 3214 soli
1246 3140 1397 3246 fimffjw

109 3256 281 3338 placeatis,
296 3255 350 3320 cui
373 3276 432 3320 vos
448 3255 626 3338 probastis,
652 3255 727 3320 Deo
742 3256 870 3320 scilicet
886 3265 920 3320 et
934 3255 1113 3336 Ecclesiae,
1128 3256 1220 3322 ideo·
1245 3257 1295 3364 52⁵5
1312 3259 1396 3306 slim·

111 3379 178 3443 que
193 3360 283 3425 idern
298 3359 438 3444 sapiatis
454 3360 608 3424 eamdem
625 3359 824 3424 charitatem
853 3359 1026 3437 habentes,
1044 3361 1221 3426 unanimes
1283 3351 1291 3366 ’

111 3462 259 3548 idipsum
276 3483 324 3527 se:
343 3473 468 3541 ..entes
480 3463 700 3547 animumque
717 3464 881 3528 Nostrum
898 3473 950 3529 tot
966 3464 1115 3547 undique
1130 3484 1220 3547 pres·

112 3586 189 3632 sum
212 3566 492 3633 sollicitudinibus
516 3567 747 3644 consolamini,
759 3575 905 3632 uestram
928 3566 1035 3632 Nobis
1060 3566 1161 3632 fidem
1181 3587 1221 3632 ac

112 3669 328 3735 devotionem
344 3670 613 3754 comprobantes.

158 3773 246 3840 Cum
262 3793 341 3838 vero
363 3794 472 3856 neque
493 3773 552 3856 qui
567 3772 700 3855 plantat
715 3773 759 3838 sit
775 3773 912 3858 aliquid,
928 3793 1037 3856 neque
1053 3775 1110 3858 qui
1127 3773 1223 3858 rigat,
1271 3801 1399 3848 Omra„

112 3878 243 3962 sedqui
268 3877 510 3942 incrementum
537 3877 598 3941 dat
627 3876 732 3956 Deus,
747 3879 858 3960 ipsum
877 3878 978 3942 enixe
994 3879 1222 3961 adprecamini
1247 3861 1398 3981 ssjssffid,

112 3994 147 4048 et
159 3982 204 4046 ab
218 3981 375 4047 omnibus
391 3981 545 4045 fidelibus
565 3982 777 4047 exorandum
802 3990 928 4059 curate,
951 3982 1223 4048 conciliatoribus

111 4083 272 4151 adhibitis
302 4084 500 4168 praeprimis
537 4083 754 4148 immaculata
793 4083 858 4147 Dei
896 4084 1058 4168 genitrice
1105 4083 1223 4163 Maria,

112 4189 237 4254 deinde
260 4187 383 4272 insigni
407 4197 518 4252 vestro
543 4197 688 4271 patrono
704 4187 896 4271 Christique
914 4188 1061 4271 glorioso
1077 4199 1224 4274 martyre

111 4292 277 4377 Gregorio
301 4291 543 4357 illuminatore.
567 4327 612 4340 -
636 4291 710 4355 Nos
725 4291 828 4358 ctiam
845 4293 880 4356 in
908 4291 1099 4359 humilitate
1114 4294 1223 4358 cordis

113 4397 231 4464 Nostri
248 4397 360 4461 Deum
377 4397 477 4460 enixe
500 4394 627 4479 precari
655 4415 720 4460 non
749 4396 950 4477 desinemus,
977 4407 1014 4464 ut
1040 4398 1135 4464 vobis
1160 4397 1222 4462 lar-
