3250 4876
418 405 461 452 22
514 403 660 456 LITTER.
683 406 837 458 ENCl'CL.
860 396 881 422 ‘⁸
898 395 1125 458 surrentina
1142 407 1397 459 crixlsmunu
1414 442 1433 470 ,‚

797 523 816 528 ...
842 523 947 528 ----
965 522 1006 528 --
1028 521 1189 530 *0-

412 583 506 648 randi
531 583 696 664 voluntas,
719 587 856 650 robusto
880 587 994 652 animo
1020 589 1295 670 constantiaeque
1324 586 1500 658 coniuncta,

412 687 600 752 christianis
624 690 784 754 universis
808 701 859 756 est
882 691 1076 768 necessaria,
1102 701 1147 769 ut,
1171 710 1398 776 quoscumque
1411 709 1495 754 casus

265 807 385 852 commn-
410 805 543 876 tempus
570 795 745 872 invexerit,
771 795 806 858 in
831 795 919 858 nullo
939 795 1006 860 sint
1029 795 1209 878 deficientes
1234 797 1284 878 (¹),
1308 811 1496 878 magnopere

234 867 316 971 22³2ss
338 867 387 972 lif
410 897 551 962 velimus
578 899 610 962 in
648 899 856 982 singulorum
883 901 1004 965 animis
1031 901 1098 966 alte
1123 901 1265 965 insidere
1300 918 1384 974 eam,
1407 917 1496 982 quam

230 985 368 1104 ffiffl„
412 1001 535 1066 Paulus
551 1001 593 1086 (²)
601 1003 814 1085 prudentiam
829 1003 966 1086 spiritus
983 1004 1142 1069 nominat.
1161 1003 1255 1068 Haec
1280 1005 1369 1068 enim
1392 1003 1424 1066 in
1438 1021 1498 1064 mo·

232 1105 365 1224 qim&
409 1105 566 1170 derandis
593 1107 780 1172 actionibus
804 1107 959 1172 humanis
986 1109 1136 1192 sequitur
1150 1108 1315 1191 optimam
1337 1105 1499 1171 mediocri·

409 1209 488 1276 tatis
505 1211 663 1293 regulam,
680 1212 760 1276 illud
788 1212 821 1275 in
848 1212 984 1276 homine
1002 1211 1157 1288 efficiens,
1181 1232 1223 1276 ne
1243 1223 1302 1276 aut
1319 1209 1433 1276 timide
1446 1211 1495 1274 de·

409 1323 520 1398 speret
535 1325 671 1398 propter
683 1316 861 1399 ignaviam,
876 1326 935 1380 aut
951 1317 1049 1381 nimis
1064 1315 1212 1380 confidat
1225 1325 1362 1399 propter
1377 1315 1498 1379 temeri·

408 1429 522 1484 tatem.
537 1457 581 1468 -
599 1419 660 1482 Est
680 1431 793 1483 autem
820 1420 910 1502 quod
927 1418 1061 1485 differat
1074 1419 1159 1483 inter
1172 1418 1384 1501 prudentiam
1401 1415 1497 1501 politi-

227 1527 384 1645 mid'fflca
409 1543 492 1596 cam,
516 1543 603 1604 quae
627 1522 670 1586 ad
698 1523 824 1587 bonum
852 1543 1039 1600 commune,
1062 1533 1096 1588 et
1118 1543 1193 1588 eam
1219 1543 1307 1607 quae
1327 1523 1372 1587 ad
1389 1523 1498 1586 bonum

231 1646 384 1692 ronanam·
409 1628 568 1710 cuiusque
601 1628 757 1710 privatim
793 1629 946 1710 pertinet.
970 1665 1015 1677 —
1048 1629 1143 1693 Haec
1176 1629 1266 1692 enim
1297 1628 1442 1692 cernitur
1470 1627 1496 1687 in

232 1711 384 1823 {⁸7:32}ssme
409 1731 600 1795 hominibus
625 1731 771 1815 privatis,
786 1733 843 1816 qui
863 1734 1003 1797 consilio
1020 1743 1194 1816 rectaeque
1210 1733 1330 1798 rationi
1346 1731 1495 1796 obediunt

410 1835 442 1898 in
459 1834 701 1916 gubernatione
716 1837 766 1900 sui
782 1837 858 1902 :illa
885 1857 963 1901 vero
979 1837 1011 1900 in
1024 1837 1230 1919 praepositis,
1246 1837 1460 1918 maximeque
1472 1833 1499 1894 in

410 1938 623 2022 principibus,
633 1959 775 2022 quorum
802 1941 947 2004 muneris
972 1950 1023 2005 est
1043 1959 1120 2006 cum
1144 1950 1312 2024 potestate
1339 1956 1502 2024 praeesse:

410 2044 457 2106 ita
466 2042 602 2126 quidem
614 2051 651 2108 ut
667 2043 802 2125 politica
819 2045 1023 2126 privatorum
1037 2044 1214 2127 prudentia
1229 2047 1262 2109 in
1279 2043 1343 2108 hoc
1359 2045 1498 2110 videatur

409 2155 482 2212 tota
493 2147 682 2223 consistere,
696 2147 865 2229 legitimae
878 2133 1055 2232 potestatis
1070 2149 1159 2214 iussa
1170 2147 1311 2212 fideliter
1326 2147 1448 2230 exequi
1457 2142 1504 2226 (³).

413 2251 508 2315 Haec
538 2251 714 2335 dispositio
748 2265 850 2336 atque
885 2252 939 2317 hic
962 2253 1045 2318 ordo
1075 2262 1173 2318 tanto
1213 2252 1320 2334 magis
1345 2253 1454 2317 valere
1475 2247 1501 2308 in
1585 2321 1586 2332 χ

241 2379 385 2426 anscauso
410 2355 591 2420 christiana
615 2357 784 2438 republica
808 2356 918 2436 debet,
934 2367 1061 2440 quanto
1090 2354 1259 2422 Pontificis
1284 2355 1423 2438 politica
1436 2372 1503 2437 pru·
1585 2365 1586 2368 ’

236 2439 373 2544 mm,
411 2461 526 2526 dentia
541 2461 636 2539 plura
659 2461 914 2544 complectitur:
930 2463 1001 2527 eius
1017 2463 1106 2526 enim
1134 2471 1185 2527 est
1201 2481 1266 2526 non
1284 2460 1395 2525 solum
1406 2475 1504 2543 regere

236 2559 376 2678 ss‘jssglfjm
414 2563 608 2640 Ecclesiam,
626 2565 684 2628 scd
701 2567 886 2648 generatim
896 2566 1019 2632 civium
1032 2565 1287 2631 christianorum
1303 2567 1454 2629 actiones
1468 2563 1504 2623 ita

335 2653 341 2672 ’
411 2668 575 2744 ordinare,
600 2678 636 2731 ut
662 2688 739 2732 cum
764 2689 824 2752 spe
854 2670 1091 2753 adipiscendae
1121 2671 1237 2734 salutis
1260 2677 1418 2732 aeternae
1439 2675 1505 2746 apte

412 2781 606 2854 congruant
626 2771 681 2835 Ex
696 2792 764 2855 quo
779 2784 930 2856 apparet,
945 2783 1076 2858 praeter
1096 2793 1262 2838 summam
1278 2771 1507 2836 sententiarum

413 2879 626 2943 concordiam
642 2889 677 2944 et
700 2878 874 2958 sactorum,
889 2901 1024 2946 necesse
1050 2900 1122 2946 esse
1149 2880 1320 2964 politicam
1337 2875 1503 2962 potestatis

414 2990 658 3056 ecclesiasticae
684 2992 860 3056 observare
891 2992 924 3056 in
952 2993 1085 3075 agendo
1122 2991 1331 3075 sapientiam.
1362 2991 1504 3056 Iamvero

414 3093 614 3158 christianae
639 3093 683 3156 rei
710 3093 958 3159 administratio
973 3095 1129 3178 proxime
1153 3105 1187 3158 et
1203 3085 1389 3159 secun'dum
1407 3089 1506 3157 Ponti-

375 3183 391 3219 ’“
415 3198 510 3262 licem
528 3216 704 3262 romanum
720 3198 763 3261 ad
781 3197 970 3280 Episcopus
994 3199 1158 3282 pertinet:
1175 3199 1231 3281 qui
1246 3199 1384 3275 scilicet,
1399 3213 1505 3280 quam·

414 3322 516 3386 quam
532 3300 733 3385 pontificalis
750 3301 920 3384 fastigium
946 3303 1122 3386 potestatis
1150 3322 1217 3367 non
1240 3303 1424 3385 attingunt,
1438 3309 1504 3362 sunt

413 3417 526 3472 tamen
550 3407 583 3470 in
611 3405 837 3471 ecclesiastica
860 3406 1043 3471 hierarchia
1068 3407 1135 3472 veri
1161 3407 1350 3488 principes;
1373 3420 1505 3486 cumque

413 3508 563 3592 singulas
579 3509 746 3573 Ecclesiae
771 3511 893 3593 singuli
917 3512 1162 3590 administrent,
1178 3522 1257 3576 sunt
1279 3512 1380 3594 quasi
1392 3505 1505 3593 princi·

1396 3637 1506 3653 d

444 3713 463 3744 1.
478 3699 537 3750 lac,
548 3709 564 3752 1,
577 3711 599 3756 4.
611 3723 640 3731 -
651 3713 672 3744 a
689 3698 769 3752 Rom,
778 3701 865 3752 vulno
878 3725 908 3733 -
918 3715 939 3758 3.
953 3701 1088 3748 Prudentia
1099 3701 1127 3748 in
1143 3701 1238 3750 reliana
1251 3707 1301 3754 est:
1310 3715 1389 3764 regere
1405 3703 1479 3748 ania
1489 3699 1507 3736 ‘l

409 3775 545 3834 palernam
549 3774 648 3834 proprie
661 3774 767 3820 rationis
775 3779 828 3826 est:
837 3779 860 3821 al
870 3775 920 3821 ideo
936 3777 1097 3838 unusquisque
1107 3777 1254 3837 inquantum
1267 3777 1406 3838 participat
1414 3775 1441 3821 da
1454 3769 1506 3831 regi·

412 3849 478 3895 mine
493 3852 516 3894 et
524 3848 701 3908 gubernatione,
714 3848 838 3894 intantum
848 3850 959 3896 conwnit
971 3850 1112 3897 ratihabere
1121 3853 1239 3899 rationem
1248 3856 1272 3898 ei
1277 3852 1440 3912 prudentiam.
1453 3847 1503 3893 Md·
1586 3883 1587 3886 =

411 3926 526 3987 nis‘eslum
540 3930 660 3971 astantem
674 3925 738 3983 quad
749 3925 848 3980 subditi,
860 3925 1008 3985 inquantum
1022 3932 1056 3974 esi
1068 3928 1185 3982 subditus,
1197 3933 1221 3975 at
1232 3927 1305 3982 servi,
1325 3930 1469 3987 inquantum
1479 3925 1505 3966 esi

410 4015 499 4054 servus,
512 4015 560 4048 non
575 4006 609 4047 est
616 4013 693 4061 regere
701 4004 726 4048 ei
733 4002 875 4061 gubernare,
887 4003 928 4049 sed
940 4003 1017 4064 magis
1027 4005 1079 4065 regi
1093 4005 1261 4066 etgaiernari.
1275 4005 1312 4050 Er
1321 3999 1500 4064 imprudentia

410 4093 457 4124 aon
477 4082 512 4124 est
529 4077 610 4123 virtus
626 4078 698 4130 servi,
718 4077 866 4136 inquantum
877 4083 911 4124 as!
924 4091 1013 4133 smus,
1031 4095 1071 4126 nec
1085 4080 1183 4135 subditi,
1197 4081 1344 4140 inquantum
1354 4077 1499 4126 atrabatus·

409 4153 459 4200 Sed
471 4153 531 4212 quia
541 4154 645 4214 quilibet
660 4156 726 4201 homa
737 4155 885 4214 inquantum
899 4159 934 4201 ert
942 4157 1078 4211 ralionalis,
1096 4158 1233 4218 participat
1245 4157 1347 4218 aliquid
1352 4158 1381 4204 de
1397 4151 1502 4214 nglfllss

410 4230 538 4276 secundum
545 4229 679 4276 arbitrium
686 4229 798 4282 rationis.
808 4229 934 4276 intantum
940 4233 1052 4278 conuenit
1060 4233 1084 4280 ei
1087 4232 1244 4292 prudentiam
1254 4234 1344 4279 iniere,
1358 4231 1425 4278 Unde
1432 4225 1500 4274 ml·

402 4305 497 4365 fictum
509 4309 544 4351 est
558 4306 622 4364 quod
631 4306 764 4364 prudentia
777 4307 873 4365 quidem
887 4307 915 4354 a'n
921 4309 1034 4370 principe
1042 4315 1077 4355 est
1085 4309 1120 4355 ad
1132 4311 1225 4356 nundum
1235 4310 1298 4355 artis
1308 4305 1499 4356 architectonicae·

412 4383 545 4428 aedicetur
554 4383 581 4428 in
600 4384 634 4429 V!
644 4383 782 4430 Etbicorum
796 4398 801 4438 ;
816 4385 844 4430 in
858 4386 960 4432 subditis
970 4393 1049 4433 auum
1058 4387 1093 4433 ad
1105 4388 1199 4434 mum
1215 4386 1280 4432 artis
1294 4401 1370 4433 mana
1383 4381 1498 4446 operantia

411 4453 437 4500 S.
449 4455 537 4500 Thom.
552 4455 726 4512 11·11‚Quaesc
740 4467 824 4510 xnvu,
836 4467 879 4505 art.
895 4469 942 4506 xu.
