3336 4870
374 383 445 456 274
518 383 632 434 arrsr.
662 379 819 432 sueves.
850 367 870 398 ‘¹
890 379 1107 446 QunMQumu
1135 381 1292 434 saumas
1312 415 1332 442 „

192 583 346 654 peramaru-
371 565 450 628 serit
473 564 557 647 ipse,
583 573 620 627 ut
648 581 748 626 nemo
775 562 890 644 magis
909 559 971 626 Est
997 561 1088 628 enirn
1112 561 1305 646 coniugium
1334 559 1478 626 societas

193 643 347 749 223⁸ss
371 663 649 745 necessitudoque
659 661 811 726 omnium
821 661 1073 745 maxima,quae
1083 663 1202 728 natura
1213 663 1274 727 sua
1283 662 1478 726 adiunctam

191 761 292 882 2:322,
307 761 346 808 “⁸''
369 769 472 835 habet
498 769 663 834 bonorum
690 768 788 832 unius
802 786 880 832 cum
895 767 1002 832 altero
1016 767 1367 834 communicationem.
1383 766 1478 851 Quo·

369 874 457 940 circa
471 873 498 937 si
514 889 675 956 sponsum
692 869 825 954 Virgini
841 870 935 935 Deus
952 871 1134 956 Iosephum
1161 871 1265 949 dedit,
1280 871 1374 936 dedit
1403 891 1482 955 pro·

368 977 458 1043 lecto
476 997 542 1042 non
570 976 673 1042 modo
688 975 776 1041 vitae
799 973 938 1054 socium,
954 973 1156 1059 virginitatis
1183 985 1316 1054 testem,
1330 985 1477 1040 tutorem

368 1080 562 1160 honestatis,
577 1079 636 1145 sed
652 1079 755 1146 etiam
771 1077 927 1144 excelsae
940 1079 1117 1162 dignitatis
1132 1079 1205 1144 eius
1221 1080 1295 1162 ipso
1310 1079 1481 1164 coniugali

222 1181 303 1240 ‘tut'
319 1184 343 1228 ‘¹'
367 1185 501 1252 foedere
516 1185 721 1270 participem.
732 1221 776 1236 -
791 1181 955 1250 Similiter
965 1183 1204 1267 augustissima
1213 1182 1375 1270 dignitate
1391 1203 1481 1248 unus

205 1241 327 1347 smil
367 1289 492 1356 eminet
517 1288 604 1354 inter
627 1307 754 1365 omnes,
768 1287 858 1371 quod
886 1285 1002 1351 divino
1027 1286 1167 1352 consilio
1193 1295 1306 1354 custos
1337 1284 1395 1350 lilii
1412 1285 1480 1351 Dei

182 1358 263 1490 {iffa
281 1366 341 1466 Ἄ
367 1394 437 1472 iuit,
450 1393 585 1460 habitus
599 1392 774 1458 hominum
790 1391 949 1475 opinione
961 1402 1063 1474 pater.
1075 1391 1152 1476 Qua
1164 1413 1208 1456 cx
1221 1411 1256 1458 re
1265 1410 1478 1478 consequens

190 1485 261 1525 ''⁶'‘
364 1505 444 1576 erat,
460 1506 497 1563 ut
513 1497 663 1564 Verbum
687 1496 752 1560 Dei
779 1495 924 1578 iosepho
949 1495 1100 1561 modeste
1125 1495 1288 1576 subesset,
1315 1494 1475 1580 dictoque

362 1611 450 1667 esset
474 1600 622 1678 audiens,
636 1620 839 1683 omnemque
865 1599 1040 1664 adhiberet
1056 1600 1232 1678 honorem,
1247 1619 1350 1684 quem
1379 1598 1474 1666 liberi

361 1703 545 1769 adhibeant
560 1703 690 1788 parenti
702 1723 764 1768 suo
776 1722 911 1768 necesse
921 1713 1030 1768 est-
1040 1702 1113 1768 lam
1123 1723 1202 1770 vero
1214 1724 1259 1768 ex
1272 1702 1335 1768 hac
1347 1702 1472 1787 duplici

360 1806 526 1891 dignitate
540 1805 649 1871 officia
664 1817 784 1890 sponte
810 1806 1044 1890 sequebantur,
1059 1827 1146 1890 quae
1173 1805 1472 1891 patribusfamilias

361 1919 481 1978 natura
506 1911 728 1996 praescripsit,
744 1912 790 1977 ita
818 1912 954 1995 quidem
983 1923 1020 1977 ut
1039 1913 1161 1978 domus
1184 1912 1328 1989 divinae,
1343 1911 1395 1977 cui
1412 1912 1468 1976 Io·

198 2041 333 2114 nrm„
358 2014 481 2098 sephus
509 2024 671 2098 praeerat,
685 2025 797 2080 custos
814 2015 904 2080 idem
930 2025 965 2081 et
992 2025 1125 2081 curator
1139 2025 1174 2081 et
1197 2015 1354 2080 defensor
1380 2025 1468 2082 esset

183 2116 333 2208 ''mag’'
357 2121 526 2207 legitimus
541 2142 581 2188 ac
597 2122 764 2188 naturalis.
782 2121 979 2188 Cuiusmodi
996 2121 1106 2188 officia
1121 2144 1161 2188 ac
1182 2124 1297 2190 munia
1324 2123 1379 2188 ille
1394 2125 1470 2208 qui-

184 2221 311 2327 ’πη
356 2227 443 2304 dem,
468 2225 582 2310 quoad
611 2226 840 2309 suppeditavit
870 2226 939 2290 vita
970 2225 1131 2305 mortalis,
1163 2247 1276 2292 revera
1305 2227 1466 2294 exercuit

181 2296 239 2410 stur:
259 2295 331 2388 ‘2:aess-
355 2329 458 2394 Tueri
487 2329 664 2412 coniugem
690 2329 907 2412 divinamque
937 2329 1088 2396 sobolem
1119 2351 1234 2396 amore
1265 2351 1399 2396 summo
1429 2341 1466 2397 et

180 2405 239 2450 Μ’·
356 2434 554 2518 quotidiana
577 2433 773 2498 assiduitate
798 2433 947 2500 studuit:
973 2455 1025 2498 res
1042 2435 1173 2520 utrique
1188 2435 1231 2500 ad
1248 2435 1377 2500 victum
1393 2434 1465 2500 cul-

355 2547 495 2622 tumque
511 2537 712 2602 necessarias
728 2537 842 2602 labore
856 2557 917 2602 suo
932 2558 1049 2621 parare
1075 2539 1272 2604 consuevit:
1289 2539 1379 2603 vitae
1394 2538 1464 2603 dis·

356 2643 491 2721 crimen,
520 2643 608 2724 regis
637 2641 763 2706 invidia
792 2641 984 2720 conflatum,
1015 2643 1196 2726 prohibuit,
1226 2645 1382 2727 quaesito
1418 2644 1463 2708 ad

357 2748 569 2812 securitatem
597 2746 768 2830 perfugio:
795 2747 829 2810 in
860 2747 1014 2812 itinerum
1046 2749 1272 2814 incommodis
1303 2748 1467 2832 exiliique

323 2835 327 2840 ¹
358 2850 595 2916 acerbitatibus
622 2859 801 2934 perpetuus
827 2862 861 2915 et
877 2851 1007 2934 Virgini
1023 2861 1057 2917 et
1076 2851 1163 2918 lusu
1185 2871 1308 2929 comes,
1324 2852 1469 2928 adiutor,

359 2952 484 3018 solator
499 2952 677 3018 extitit-
689 2953 799 3038 Atqui
814 2954 935 3018 domus
950 2955 1064 3020 divina
1079 2975 1180 3039 quam
1196 2955 1359 3039 Iosephus
1376 2954 1469 3021 velut

360 3065 527 3141 potestate
543 3057 651 3138 patria
666 3057 873 3140 gubernavit,
888 3057 983 3124 initia
998 3059 1181 3122 exorientis
1198 3059 1370 3123 Ecclesiae
1386 3079 1469 3122 con-

216 3187 275 3232 aar
291 3199 335 3230 au.
359 3159 498 3225 tinebat.
513 3158 620 3242 Virgo
645 3161 855 3226 sanctissima
881 3162 1169 3245 quemadmodum
1200 3163 1288 3228 lusu
1307 3161 1468 3228 Cnalstt

187 3245 336 3350 “affl“
361 3261 517 3348 genitrix,
532 3263 579 3327 ita
593 3263 744 3328 omnium
761 3274 811 3328 est
826 3263 1082 3330 christianorum
1111 3275 1227 3342 mater,
1242 3265 1368 3349 quippe
1382 3284 1469 3347 quos

208 3364 321 3414 raretum,
362 3365 405 3432 ad
416 3365 589 3432 Calvariae
605 3375 754 3432 montem
770 3365 857 3431 inter
866 3387 1040 3449 supremos
1054 3368 1291 3451 Redemptoris
1303 3369 1472 3432 cruciatus

186 3423 338 3550 ffirrsbss
360 3471 555 3554 generavit:
571 3469 718 3552 itemque
734 3470 844 3536 lusus
861 3470 1053 3537 CHR1STus
1069 3481 1242 3555 tamquam
1266 3471 1471 3554 primogeni-

185 3543 337 3662 ζιῖἕῖἱιειῖῗ
362 3588 417 3643 tus
432 3585 484 3641 est
497 3575 763 3656 christianorum,
772 3577 830 3660 qui
846 3577 877 3640 ci
893 3586 972 3642 sunt
987 3576 1170 3661 adoptione
1186 3597 1225 3641 ac
1238 3575 1473 3660 redemptione

363 3679 548 3746 iratres-
570 3677 702 3762 Quibus
728 3682 828 3746 rebus
852 3701 970 3746 caussa
994 3683 1149 3759 nascitur,
1175 3701 1233 3745 cur
1257 3679 1473 3746 beatissimus

365 3783 556 3850 Patriarcha
582 3786 855 3850 commendatam
886 3787 948 3850 sibi
977 3785 1133 3868 peculiari
1162 3785 1310 3870 quadam
1341 3785 1471 3850 ratione

191 3893 332 3966 lucernis
365 3889 487 3954 sentiat
502 3887 751 3954 multitudinem
768 3889 1033 3968 christianorum,
1048 3911 1092 3956 ex
1108 3889 1230 3975 quibus
1255 3898 1387 3955 constat
1404 3889 1472 3953 Ec·

193 3967 333 4061 ’ῗὲωῶἶῖ
365 3993 475 4071 clesia,
490 3991 616 4056 scilicet
640 3993 893 4058 innumerabilis
920 3995 1047 4058 isthaec
1073 4015 1198 4078 perque
1221 4013 1339 4059 omnes
1366 4003 1472 4057 terras

219 4077 311 4178 affl
365 4098 438 4162 lusa
464 4095 600 4171 familia,
624 4095 658 4159 in
685 4116 796 4179 quam,
811 4097 890 4181 quia
915 4100 965 4163 vir
992 4099 1118 4163 Mariae
1142 4108 1177 4164 et
1203 4109 1298 4182 pater
1313 4109 1364 4162 est
1382 4096 1470 4162 IESU

192 4189 338 4250 mimi·
365 4204 534 4278 CHRISTI,
549 4210 689 4282 patema
705 4201 948 4284 propemodum
959 4203 1158 4268 auctoritate
1168 4201 1281 4286 pollet.
1295 4201 1356 4265 Est
1369 4200 1472 4282 igitur

363 4313 636 4380 consentaneum,
651 4312 684 4367 et
708 4303 809 4369 beato
825 4304 970 4387 Iosepho
986 4306 1138 4388 apprime
1162 4305 1313 4388 dignum,
1329 4314 1366 4369 ut
1381 4304 1469 4369 sicut

363 4407 419 4472 ille
434 4404 514 4469 olim
528 4405 796 4470 Nazarethanam
814 4407 983 4488 familiam,
994 4409 1260 4492 quibuscumque
1276 4409 1374 4472 rebus
1391 4428 1468 4473 usu-
