<?xml version="1.0" encoding="UTF-8"?>
<!DOCTYPE html PUBLIC "-//W3C//DTD XHTML 1.0 Transitional//EN"
    "http://www.w3.org/TR/xhtml1/DTD/xhtml1-transitional.dtd">
<html xmlns="http://www.w3.org/1999/xhtml" xml:lang="en" lang="en">
 <head>
  <title>
</title>
<meta http-equiv="Content-Type" content="text/html;charset=utf-8" />
  <meta name='ocr-system' content='tesseract 3.04.00' />
  <meta name='ocr-capabilities' content='ocr_page ocr_carea ocr_par ocr_line ocrx_word'/>
</head>
<body>
  <div class='ocr_page' id='page_1' title='image "./sanctissimidomi03xiiigoog_0274.png"; bbox 0 0 3336 4870; ppageno 0'>
   <div class='ocr_carea' id='block_1_1' title="bbox 389 398 1287 470">
    <p class='ocr_par' dir='ltr' id='par_1_1' title="bbox 389 398 1287 470">
     <span class='ocr_line' id='line_1_1' title="bbox 389 398 1287 470; baseline 0 -4"><span class='ocrx_word' id='word_1_1' title='bbox 389 418 440 467; x_wconf 79' lang='lat' dir='ltr'>oe</span> <span class='ocrx_word' id='word_1_2' title='bbox 468 417 585 469; x_wconf 80' lang='lat' dir='ltr'>sueno</span> <span class='ocrx_word' id='word_1_3' title='bbox 613 417 745 470; x_wconf 79' lang='lat' dir='ltr'>nouas</span> <span class='ocrx_word' id='word_1_4' title='bbox 771 415 903 470; x_wconf 76' lang='lat' dir='ltr'>usuuo</span> <span class='ocrx_word' id='word_1_5' title='bbox 930 416 1088 470; x_wconf 73' lang='lat' dir='ltr'>ansero.</span> <span class='ocrx_word' id='word_1_6' title='bbox 1220 398 1287 468; x_wconf 80' lang='lat'>261</span> 
     </span>
    </p>
   </div>
   <div class='ocr_carea' id='block_1_2' title="bbox 183 585 1442 782">
    <p class='ocr_par' dir='ltr' id='par_1_2' title="bbox 183 585 1442 782">
     <span class='ocr_line' id='line_1_2' title="bbox 185 585 1408 677; baseline -0.001 -19"><span class='ocrx_word' id='word_1_7' title='bbox 185 613 276 658; x_wconf 87' lang='lat' dir='ltr'>mum</span> <span class='ocrx_word' id='word_1_8' title='bbox 301 612 416 658; x_wconf 90' lang='lat' dir='ltr'>casum</span> <span class='ocrx_word' id='word_1_9' title='bbox 432 593 683 676; x_wconf 79' lang='lat' dir='ltr'>perniciemque</span> <span class='ocrx_word' id='word_1_10' title='bbox 709 592 942 676; x_wconf 72' lang='lat' dir='ltr'>compulerint</span> <span class='ocrx_word' id='word_1_11' title='bbox 959 592 1104 677; x_wconf 90' lang='lat' dir='ltr'>Quodsi</span> <span class='ocrx_word' id='word_1_12' title='bbox 1130 592 1165 657; x_wconf 91' lang='lat' dir='ltr'>in</span> <span class='ocrx_word' id='word_1_13' title='bbox 1188 613 1233 670; x_wconf 91' lang='lat' dir='ltr'>re,</span> <span class='ocrx_word' id='word_1_14' title='bbox 1250 592 1294 657; x_wconf 90' lang='lat' dir='ltr'>de</span> <span class='ocrx_word' id='word_1_15' title='bbox 1373 585 1408 672; x_wconf 67' lang='lat'>&#39;30</span> 
     </span>
     <span class='ocr_line' id='line_1_3' title="bbox 183 673 1442 782; baseline 0 -22"><span class='ocrx_word' id='word_1_16' title='bbox 183 716 251 780; x_wconf 91' lang='lat' dir='ltr'>qua</span> <span class='ocrx_word' id='word_1_17' title='bbox 266 697 511 780; x_wconf 85' lang='lat' dir='ltr'>conquerimur,</span> <span class='ocrx_word' id='word_1_18' title='bbox 526 700 594 762; x_wconf 74' lang='lat' dir='ltr'>unt</span> <span class='ocrx_word' id='word_1_19' title='bbox 609 697 798 762; x_wconf 86' lang='lat' dir='ltr'>deterrente</span> <span class='ocrx_word' id='word_1_20' title='bbox 814 694 969 762; x_wconf 76' lang='lat' dir='ltr'>utilitatis</span> <span class='ocrx_word' id='word_1_21' title='bbox 979 716 1107 776; x_wconf 85' lang='lat' dir='ltr'>caussa,</span> <span class='ocrx_word' id='word_1_22' title='bbox 1118 715 1186 760; x_wconf 91' lang='lat' dir='ltr'>non</span> <span class='ocrx_word' id='word_1_23' title='bbox 1198 703 1294 760; x_wconf 87' lang='lat' dir='ltr'>tanta</span> <span class='ocrx_word' id='word_1_24' title='bbox 1347 673 1442 782; x_wconf 50' lang='grc' dir='ltr'>1ξῖἕέ</span> 
     </span>
    </p>
   </div>
   <div class='ocr_carea' id='block_1_3' title="bbox 185 799 1475 914">
    <p class='ocr_par' dir='ltr' id='par_1_3' title="bbox 185 799 1475 914">
     <span class='ocr_line' id='line_1_4' title="bbox 185 799 1475 914; baseline -0.004 -50"><span class='ocrx_word' id='word_1_25' title='bbox 185 800 250 864; x_wconf 87' lang='lat' dir='ltr'>illis</span> <span class='ocrx_word' id='word_1_26' title='bbox 265 799 347 865; x_wconf 88' lang='lat' dir='ltr'>data</span> <span class='ocrx_word' id='word_1_27' title='bbox 369 799 514 879; x_wconf 89' lang='lat' dir='ltr'>licentia,</span> <span class='ocrx_word' id='word_1_28' title='bbox 530 809 567 866; x_wconf 92' lang='lat' dir='ltr'>ut</span> <span class='ocrx_word' id='word_1_29' title='bbox 592 820 697 884; x_wconf 84' lang='lat' dir='ltr'>prava</span> <span class='ocrx_word' id='word_1_30' title='bbox 715 819 775 866; x_wconf 91' lang='lat' dir='ltr'>sua</span> <span class='ocrx_word' id='word_1_31' title='bbox 791 800 932 865; x_wconf 90' lang='lat' dir='ltr'>consilia</span> <span class='ocrx_word' id='word_1_32' title='bbox 946 799 980 864; x_wconf 87' lang='lat' dir='ltr'>vi</span> <span class='ocrx_word' id='word_1_33' title='bbox 1007 801 1109 865; x_wconf 89' lang='lat' dir='ltr'>ctiam</span> <span class='ocrx_word' id='word_1_34' title='bbox 1126 817 1295 882; x_wconf 90' lang='lat' dir='ltr'>manuque</span> <span class='ocrx_word' id='word_1_35' title='bbox 1321 807 1475 914; x_wconf 38' lang='lat' dir='ltr'>&amp;aaz</span> 
     </span>
    </p>
   </div>
   <div class='ocr_carea' id='block_1_4' title="bbox 185 903 1463 989">
    <p class='ocr_par' dir='ltr' id='par_1_4' title="bbox 185 903 1463 989">
     <span class='ocr_line' id='line_1_5' title="bbox 185 903 1463 989; baseline 0.003 -21"><span class='ocrx_word' id='word_1_36' title='bbox 185 903 308 970; x_wconf 76' lang='lat' dir='ltr'>infesta</span> <span class='ocrx_word' id='word_1_37' title='bbox 322 914 610 989; x_wconf 85' lang='lat' dir='ltr'>persequerentur,</span> <span class='ocrx_word' id='word_1_38' title='bbox 624 925 725 970; x_wconf 89' lang='lat' dir='ltr'>nemo</span> <span class='ocrx_word' id='word_1_39' title='bbox 740 903 838 970; x_wconf 77' lang='lat' dir='ltr'>facile</span> <span class='ocrx_word' id='word_1_40' title='bbox 852 905 916 970; x_wconf 88' lang='lat' dir='ltr'>sibi</span> <span class='ocrx_word' id='word_1_41' title='bbox 940 907 1080 972; x_wconf 89' lang='lat' dir='ltr'>suadere</span> <span class='ocrx_word' id='word_1_42' title='bbox 1095 913 1208 989; x_wconf 81' lang='lat' dir='ltr'>queat,</span> <span class='ocrx_word' id='word_1_43' title='bbox 1227 923 1294 970; x_wconf 89' lang='lat' dir='ltr'>non</span> <span class='ocrx_word' id='word_1_44' title='bbox 1331 935 1463 972; x_wconf 70' lang='lat' dir='ltr'>extremum</span> 
     </span>
    </p>
   </div>
   <div class='ocr_carea' id='block_1_5' title="bbox 186 985 1475 1094">
    <p class='ocr_par' dir='ltr' id='par_1_5' title="bbox 186 985 1475 1094">
     <span class='ocr_line' id='line_1_6' title="bbox 186 985 1475 1094; baseline -0.009 -19"><span class='ocrx_word' id='word_1_45' title='bbox 186 1009 380 1092; x_wconf 84' lang='lat' dir='ltr'>aliquando,</span> <span class='ocrx_word' id='word_1_46' title='bbox 403 1009 693 1093; x_wconf 86' lang='lat' dir='ltr'>opportunitatem</span> <span class='ocrx_word' id='word_1_47' title='bbox 718 1018 847 1088; x_wconf 91' lang='lat' dir='ltr'>nactos,</span> <span class='ocrx_word' id='word_1_48' title='bbox 873 1009 917 1074; x_wconf 91' lang='lat' dir='ltr'>ad</span> <span class='ocrx_word' id='word_1_49' title='bbox 941 1010 976 1075; x_wconf 94' lang='lat' dir='ltr'>id</span> <span class='ocrx_word' id='word_1_50' title='bbox 1002 1028 1139 1094; x_wconf 91' lang='lat' dir='ltr'>quoque</span> <span class='ocrx_word' id='word_1_51' title='bbox 1165 1007 1297 1074; x_wconf 87' lang='lat' dir='ltr'>sceleris</span> <span class='ocrx_word' id='word_1_52' title='bbox 1323 985 1475 1092; x_wconf 60' lang='lat' dir='ltr'>‡{⁸„³,‘ff,f,f‘·</span> 
     </span>
    </p>
   </div>
   <div class='ocr_carea' id='block_1_6' title="bbox 88 1111 1478 1197">
    <p class='ocr_par' dir='ltr' id='par_1_6' title="bbox 88 1111 1478 1197">
     <span class='ocr_line' id='line_1_7' title="bbox 88 1111 1478 1197; baseline 0.005 -21"><span class='ocrx_word' id='word_1_53' title='bbox 88 1141 98 1152; x_wconf 91' lang='lat'>-</span> <span class='ocrx_word' id='word_1_54' title='bbox 188 1133 261 1177; x_wconf 88' lang='lat' dir='ltr'>esse</span> <span class='ocrx_word' id='word_1_55' title='bbox 285 1122 469 1192; x_wconf 87' lang='lat' dir='ltr'>venturos;</span> <span class='ocrx_word' id='word_1_56' title='bbox 493 1111 644 1178; x_wconf 86' lang='lat' dir='ltr'>maxime</span> <span class='ocrx_word' id='word_1_57' title='bbox 668 1112 761 1195; x_wconf 91' lang='lat' dir='ltr'>quod</span> <span class='ocrx_word' id='word_1_58' title='bbox 778 1111 811 1177; x_wconf 93' lang='lat' dir='ltr'>in</span> <span class='ocrx_word' id='word_1_59' title='bbox 837 1132 953 1178; x_wconf 88' lang='lat' dir='ltr'>eorum</span> <span class='ocrx_word' id='word_1_60' title='bbox 977 1131 1092 1178; x_wconf 88' lang='lat' dir='ltr'>sumus</span> <span class='ocrx_word' id='word_1_61' title='bbox 1118 1119 1297 1197; x_wconf 91' lang='lat' dir='ltr'>potestate,</span> <span class='ocrx_word' id='word_1_62' title='bbox 1359 1137 1478 1183; x_wconf 66' lang='lat' dir='ltr'>parmam</span> 
     </span>
    </p>
   </div>
   <div class='ocr_carea' id='block_1_7' title="bbox 190 1197 1478 1315">
    <p class='ocr_par' dir='ltr' id='par_1_7' title="bbox 190 1197 1478 1315">
     <span class='ocr_line' id='line_1_8' title="bbox 190 1197 1478 1315; baseline 0 -35"><span class='ocrx_word' id='word_1_63' title='bbox 190 1217 246 1300; x_wconf 91' lang='lat' dir='ltr'>qui</span> <span class='ocrx_word' id='word_1_64' title='bbox 267 1236 329 1282; x_wconf 89' lang='lat' dir='ltr'>nec</span> <span class='ocrx_word' id='word_1_65' title='bbox 344 1227 501 1282; x_wconf 86' lang='lat' dir='ltr'>verentur</span> <span class='ocrx_word' id='word_1_66' title='bbox 521 1217 569 1280; x_wconf 90' lang='lat' dir='ltr'>sic</span> <span class='ocrx_word' id='word_1_67' title='bbox 594 1216 763 1281; x_wconf 90' lang='lat' dir='ltr'>criminari</span> <span class='ocrx_word' id='word_1_68' title='bbox 790 1215 863 1281; x_wconf 91' lang='lat' dir='ltr'>Nos</span> <span class='ocrx_word' id='word_1_69' title='bbox 885 1216 1027 1300; x_wconf 91' lang='lat' dir='ltr'>publice,</span> <span class='ocrx_word' id='word_1_70' title='bbox 1044 1216 1140 1300; x_wconf 87' lang='lat' dir='ltr'>quasi</span> <span class='ocrx_word' id='word_1_71' title='bbox 1163 1214 1299 1280; x_wconf 90' lang='lat' dir='ltr'>inimico</span> <span class='ocrx_word' id='word_1_72' title='bbox 1325 1197 1478 1315; x_wconf 47' lang='grc' dir='ltr'>ᾖπξξῇξ</span> 
     </span>
    </p>
   </div>
   <div class='ocr_carea' id='block_1_8' title="bbox 190 1315 1480 1613">
    <p class='ocr_par' dir='ltr' id='par_1_8' title="bbox 190 1315 1480 1613">
     <span class='ocr_line' id='line_1_9' title="bbox 190 1315 1477 1420; baseline -0.003 -34"><span class='ocrx_word' id='word_1_73' title='bbox 190 1330 293 1404; x_wconf 88' lang='lat' dir='ltr'>atque</span> <span class='ocrx_word' id='word_1_74' title='bbox 308 1321 440 1386; x_wconf 80' lang='lat' dir='ltr'>infenso</span> <span class='ocrx_word' id='word_1_75' title='bbox 455 1321 488 1385; x_wconf 92' lang='lat' dir='ltr'>in</span> <span class='ocrx_word' id='word_1_76' title='bbox 509 1319 643 1386; x_wconf 87' lang='lat' dir='ltr'>Italicas</span> <span class='ocrx_word' id='word_1_77' title='bbox 654 1340 707 1385; x_wconf 90' lang='lat' dir='ltr'>res</span> <span class='ocrx_word' id='word_1_78' title='bbox 724 1322 840 1386; x_wconf 93' lang='lat' dir='ltr'>animo</span> <span class='ocrx_word' id='word_1_79' title='bbox 863 1341 1020 1386; x_wconf 89' lang='lat' dir='ltr'>essemus.</span> <span class='ocrx_word' id='word_1_80' title='bbox 1035 1359 1078 1370; x_wconf 94' lang='lat'><em>-</em></span> <span class='ocrx_word' id='word_1_81' title='bbox 1094 1319 1168 1386; x_wconf 90' lang='lat' dir='ltr'>Nec</span> <span class='ocrx_word' id='word_1_82' title='bbox 1188 1320 1299 1384; x_wconf 90' lang='lat' dir='ltr'>minus</span> <span class='ocrx_word' id='word_1_83' title='bbox 1326 1315 1477 1420; x_wconf 49' lang='lat'>2321‘0&#39;111&#39;·</span> 
     </span>
     <span class='ocr_line' id='line_1_10' title="bbox 192 1409 1480 1514; baseline -0.003 -23"><span class='ocrx_word' id='word_1_84' title='bbox 192 1427 408 1492; x_wconf 89' lang='lat' dir='ltr'>metuendum</span> <span class='ocrx_word' id='word_1_85' title='bbox 425 1435 486 1504; x_wconf 86' lang='lat' dir='ltr'>est,</span> <span class='ocrx_word' id='word_1_86' title='bbox 497 1445 540 1490; x_wconf 91' lang='lat' dir='ltr'>ne</span> <span class='ocrx_word' id='word_1_87' title='bbox 555 1427 705 1508; x_wconf 87' lang='lat' dir='ltr'>proiecta</span> <span class='ocrx_word' id='word_1_88' title='bbox 715 1423 759 1490; x_wconf 91' lang='lat' dir='ltr'>ad</span> <span class='ocrx_word' id='word_1_89' title='bbox 771 1445 874 1490; x_wconf 89' lang='lat' dir='ltr'>omne</span> <span class='ocrx_word' id='word_1_90' title='bbox 890 1425 1019 1491; x_wconf 82' lang='lat' dir='ltr'>lacinus</span> <span class='ocrx_word' id='word_1_91' title='bbox 1034 1424 1176 1490; x_wconf 87' lang='lat' dir='ltr'>audacia</span> <span class='ocrx_word' id='word_1_92' title='bbox 1190 1423 1300 1506; x_wconf 89' lang='lat' dir='ltr'>perdi·</span> <span class='ocrx_word' id='word_1_93' title='bbox 1371 1409 1480 1514; x_wconf 51' lang='lat' dir='ltr'>mm,</span> 
     </span>
     <span class='ocr_line' id='line_1_11' title="bbox 192 1526 1480 1613; baseline -0.001 -19"><span class='ocrx_word' id='word_1_94' title='bbox 192 1543 301 1596; x_wconf 86' lang='lat' dir='ltr'>torum</span> <span class='ocrx_word' id='word_1_95' title='bbox 339 1530 514 1594; x_wconf 89' lang='lat' dir='ltr'>hominurn</span> <span class='ocrx_word' id='word_1_96' title='bbox 549 1528 847 1613; x_wconf 86' lang='lat' dir='ltr'>inflammataeque</span> <span class='ocrx_word' id='word_1_97' title='bbox 885 1530 1050 1608; x_wconf 88' lang='lat' dir='ltr'>libidines,</span> <span class='ocrx_word' id='word_1_98' title='bbox 1090 1548 1156 1594; x_wconf 91' lang='lat' dir='ltr'>non</span> <span class='ocrx_word' id='word_1_99' title='bbox 1193 1548 1301 1612; x_wconf 83' lang='lat' dir='ltr'>aeque</span> <span class='ocrx_word' id='word_1_100' title='bbox 1327 1526 1385 1596; x_wconf 62' lang='lat' dir='ltr'>dtu</span> <span class='ocrx_word' id='word_1_101' title='bbox 1432 1541 1480 1571; x_wconf 68' lang='lat'>²⁸0⁸</span> 
     </span>
    </p>
   </div>
   <div class='ocr_carea' id='block_1_9' title="bbox 1328 1591 1479 1638">
    <p class='ocr_par' dir='ltr' id='par_1_9' title="bbox 1328 1591 1479 1638">
     <span class='ocr_line' id='line_1_12' title="bbox 1328 1591 1479 1638; baseline 0 -8"><span class='ocrx_word' id='word_1_102' title='bbox 1328 1599 1411 1630; x_wconf 74' lang='lat' dir='ltr'>munus</span> <span class='ocrx_word' id='word_1_103' title='bbox 1439 1591 1479 1638; x_wconf 73' lang='lat' dir='ltr'>cst,</span> 
     </span>
    </p>
   </div>
   <div class='ocr_carea' id='block_1_10' title="bbox 191 1634 1482 1833">
    <p class='ocr_par' dir='ltr' id='par_1_10' title="bbox 191 1634 1482 1833">
     <span class='ocr_line' id='line_1_13' title="bbox 191 1634 1482 1748; baseline -0.005 -46"><span class='ocrx_word' id='word_1_104' title='bbox 191 1654 323 1718; x_wconf 88' lang='lat' dir='ltr'>semper</span> <span class='ocrx_word' id='word_1_105' title='bbox 331 1634 475 1699; x_wconf 87' lang='lat' dir='ltr'>coerceri</span> <span class='ocrx_word' id='word_1_106' title='bbox 491 1634 622 1716; x_wconf 91' lang='lat' dir='ltr'>possint</span> <span class='ocrx_word' id='word_1_107' title='bbox 634 1641 668 1699; x_wconf 89' lang='lat' dir='ltr'>et</span> <span class='ocrx_word' id='word_1_108' title='bbox 683 1635 854 1720; x_wconf 86' lang='lat' dir='ltr'>restingui,</span> <span class='ocrx_word' id='word_1_109' title='bbox 866 1635 894 1699; x_wconf 88' lang='lat' dir='ltr'>si</span> <span class='ocrx_word' id='word_1_110' title='bbox 910 1635 996 1700; x_wconf 83' lang='lat' dir='ltr'>forte</span> <span class='ocrx_word' id='word_1_111' title='bbox 1007 1645 1162 1718; x_wconf 89' lang='lat' dir='ltr'>tempora</span> <span class='ocrx_word' id='word_1_112' title='bbox 1177 1634 1301 1698; x_wconf 88' lang='lat' dir='ltr'>incide·</span> <span class='ocrx_word' id='word_1_113' title='bbox 1319 1645 1377 1748; x_wconf 52' lang='lat' dir='ltr'>{gre</span> <span class='ocrx_word' id='word_1_114' title='bbox 1388 1649 1416 1690; x_wconf 77' lang='lat' dir='ltr'>ut</span> <span class='ocrx_word' id='word_1_115' title='bbox 1427 1650 1482 1716; x_wconf 59' lang='grc' dir='ltr'>τως-</span> 
     </span>
     <span class='ocr_line' id='line_1_14' title="bbox 191 1707 1481 1833; baseline -0.003 -31"><span class='ocrx_word' id='word_1_116' title='bbox 191 1740 258 1804; x_wconf 89' lang='lat' dir='ltr'>rint</span> <span class='ocrx_word' id='word_1_117' title='bbox 282 1738 389 1822; x_wconf 87' lang='lat' dir='ltr'>magis</span> <span class='ocrx_word' id='word_1_118' title='bbox 415 1735 632 1803; x_wconf 82' lang='lat' dir='ltr'>formidolosa</span> <span class='ocrx_word' id='word_1_119' title='bbox 653 1747 687 1802; x_wconf 90' lang='lat' dir='ltr'>et</span> <span class='ocrx_word' id='word_1_120' title='bbox 711 1738 915 1816; x_wconf 88' lang='lat' dir='ltr'>turbulenta,</span> <span class='ocrx_word' id='word_1_121' title='bbox 938 1758 996 1803; x_wconf 89' lang='lat' dir='ltr'>seu</span> <span class='ocrx_word' id='word_1_122' title='bbox 1022 1747 1159 1822; x_wconf 90' lang='lat' dir='ltr'>propter</span> <span class='ocrx_word' id='word_1_123' title='bbox 1187 1738 1301 1803; x_wconf 90' lang='lat' dir='ltr'>civiles</span> <span class='ocrx_word' id='word_1_124' title='bbox 1326 1707 1481 1833; x_wconf 52' lang='lat' dir='ltr'>qulnufss]</span> 
     </span>
    </p>
   </div>
   <div class='ocr_carea' id='block_1_11' title="bbox 187 1827 1480 3062">
    <p class='ocr_par' dir='ltr' id='par_1_11' title="bbox 188 1827 1480 2231">
     <span class='ocr_line' id='line_1_15' title="bbox 190 1827 1480 1941; baseline -0.002 -35"><span class='ocrx_word' id='word_1_125' title='bbox 190 1843 304 1906; x_wconf 83' lang='lat' dir='ltr'>turbas</span> <span class='ocrx_word' id='word_1_126' title='bbox 317 1861 494 1924; x_wconf 88' lang='lat' dir='ltr'>rerumque</span> <span class='ocrx_word' id='word_1_127' title='bbox 509 1840 719 1924; x_wconf 86' lang='lat' dir='ltr'>publicarum</span> <span class='ocrx_word' id='word_1_128' title='bbox 737 1844 981 1920; x_wconf 89' lang='lat' dir='ltr'>conversiones,</span> <span class='ocrx_word' id='word_1_129' title='bbox 1000 1861 1058 1907; x_wconf 90' lang='lat' dir='ltr'>seu</span> <span class='ocrx_word' id='word_1_130' title='bbox 1076 1851 1214 1927; x_wconf 87' lang='lat' dir='ltr'>propter</span> <span class='ocrx_word' id='word_1_131' title='bbox 1230 1861 1300 1905; x_wconf 89' lang='lat' dir='ltr'>mo·</span> <span class='ocrx_word' id='word_1_132' title='bbox 1323 1837 1391 1941; x_wconf 57' lang='lat'>222⁸,</span> <span class='ocrx_word' id='word_1_133' title='bbox 1403 1827 1480 1868; x_wconf 59' lang='lat' dir='ltr'>‘&#39;m&#39;&#39;</span> 
     </span>
     <span class='ocr_line' id='line_1_16' title="bbox 189 1939 1301 2028; baseline -0.004 -18"><span class='ocrx_word' id='word_1_134' title='bbox 189 1961 244 2012; x_wconf 86' lang='lat' dir='ltr'>tus</span> <span class='ocrx_word' id='word_1_135' title='bbox 266 1947 544 2028; x_wconf 82' lang='lat' dir='ltr'>calamitatesque</span> <span class='ocrx_word' id='word_1_136' title='bbox 567 1945 741 2010; x_wconf 92' lang='lat' dir='ltr'>bellorum.</span> <span class='ocrx_word' id='word_1_137' title='bbox 757 1981 801 1994; x_wconf 90' lang='lat'><em>-</em></span> <span class='ocrx_word' id='word_1_138' title='bbox 824 1947 878 2009; x_wconf 88' lang='lat' dir='ltr'>lta</span> <span class='ocrx_word' id='word_1_139' title='bbox 906 1965 947 2008; x_wconf 89' lang='lat' dir='ltr'>eo</span> <span class='ocrx_word' id='word_1_140' title='bbox 969 1947 1125 2010; x_wconf 87' lang='lat' dir='ltr'>testatius</span> <span class='ocrx_word' id='word_1_141' title='bbox 1151 1939 1301 2028; x_wconf 86' lang='lat' dir='ltr'>apparet,</span> 
     </span>
     <span class='ocr_line' id='line_1_17' title="bbox 188 2043 1299 2129; baseline -0.002 -18"><span class='ocrx_word' id='word_1_142' title='bbox 188 2066 276 2129; x_wconf 86' lang='lat' dir='ltr'>quae</span> <span class='ocrx_word' id='word_1_143' title='bbox 300 2046 436 2110; x_wconf 91' lang='lat' dir='ltr'>demum</span> <span class='ocrx_word' id='word_1_144' title='bbox 464 2043 614 2108; x_wconf 89' lang='lat' dir='ltr'>conditio</span> <span class='ocrx_word' id='word_1_145' title='bbox 641 2054 757 2111; x_wconf 89' lang='lat' dir='ltr'>teneat</span> <span class='ocrx_word' id='word_1_146' title='bbox 782 2064 952 2110; x_wconf 89' lang='lat' dir='ltr'>summum</span> <span class='ocrx_word' id='word_1_147' title='bbox 981 2044 1153 2109; x_wconf 87' lang='lat' dir='ltr'>Ecclesiae</span> <span class='ocrx_word' id='word_1_148' title='bbox 1180 2043 1299 2126; x_wconf 87' lang='lat' dir='ltr'>Caput,</span> 
     </span>
     <span class='ocr_line' id='line_1_18' title="bbox 191 2147 973 2231; baseline 0 -17"><span class='ocrx_word' id='word_1_149' title='bbox 191 2153 363 2214; x_wconf 87' lang='lat' dir='ltr'>Pastorem</span> <span class='ocrx_word' id='word_1_150' title='bbox 380 2157 414 2212; x_wconf 88' lang='lat' dir='ltr'>et</span> <span class='ocrx_word' id='word_1_151' title='bbox 430 2147 632 2231; x_wconf 82' lang='lat' dir='ltr'>Magistrum</span> <span class='ocrx_word' id='word_1_152' title='bbox 646 2147 801 2212; x_wconf 90' lang='lat' dir='ltr'>catholici</span> <span class='ocrx_word' id='word_1_153' title='bbox 818 2149 973 2214; x_wconf 87' lang='lat' dir='ltr'>nominis.</span> 
     </span>
    </p>

    <p class='ocr_par' dir='ltr' id='par_1_12' title="bbox 187 2251 1476 3062">
     <span class='ocr_line' id='line_1_19' title="bbox 233 2251 1476 2343; baseline 0.002 -27"><span class='ocrx_word' id='word_1_154' title='bbox 233 2254 311 2316; x_wconf 91' lang='lat' dir='ltr'>Hac</span> <span class='ocrx_word' id='word_1_155' title='bbox 327 2253 401 2316; x_wconf 90' lang='lat' dir='ltr'>Nos</span> <span class='ocrx_word' id='word_1_156' title='bbox 417 2251 568 2335; x_wconf 84' lang='lat' dir='ltr'>profecto</span> <span class='ocrx_word' id='word_1_157' title='bbox 583 2253 765 2318; x_wconf 88' lang='lat' dir='ltr'>acerbitate</span> <span class='ocrx_word' id='word_1_158' title='bbox 786 2255 1034 2336; x_wconf 86' lang='lat' dir='ltr'>aegritudinum</span> <span class='ocrx_word' id='word_1_159' title='bbox 1052 2264 1086 2318; x_wconf 90' lang='lat' dir='ltr'>et</span> <span class='ocrx_word' id='word_1_160' title='bbox 1102 2252 1190 2319; x_wconf 89' lang='lat' dir='ltr'>mole</span> <span class='ocrx_word' id='word_1_161' title='bbox 1206 2272 1298 2316; x_wconf 90' lang='lat' dir='ltr'>cura·</span> <span class='ocrx_word' id='word_1_162' title='bbox 1340 2273 1476 2343; x_wconf 58' lang='lat' dir='ltr'>serapam</span> 
     </span>
     <span class='ocr_line' id='line_1_20' title="bbox 188 2335 1476 2450; baseline 0 -32"><span class='ocrx_word' id='word_1_163' title='bbox 188 2376 272 2433; x_wconf 92' lang='lat' dir='ltr'>rum,</span> <span class='ocrx_word' id='word_1_164' title='bbox 287 2357 419 2420; x_wconf 87' lang='lat' dir='ltr'>devexa</span> <span class='ocrx_word' id='word_1_165' title='bbox 435 2365 607 2437; x_wconf 90' lang='lat' dir='ltr'>praetcrea</span> <span class='ocrx_word' id='word_1_166' title='bbox 622 2367 659 2421; x_wconf 91' lang='lat' dir='ltr'>ut</span> <span class='ocrx_word' id='word_1_167' title='bbox 674 2376 790 2421; x_wconf 88' lang='lat' dir='ltr'>sumus</span> <span class='ocrx_word' id='word_1_168' title='bbox 806 2367 927 2436; x_wconf 88' lang='lat' dir='ltr'>aetate,</span> <span class='ocrx_word' id='word_1_169' title='bbox 941 2377 1028 2442; x_wconf 89' lang='lat' dir='ltr'>pene</span> <span class='ocrx_word' id='word_1_170' title='bbox 1043 2357 1140 2421; x_wconf 83' lang='lat' dir='ltr'>tracti</span> <span class='ocrx_word' id='word_1_171' title='bbox 1156 2354 1297 2420; x_wconf 87' lang='lat' dir='ltr'>confice·</span> <span class='ocrx_word' id='word_1_172' title='bbox 1323 2335 1476 2450; x_wconf 54' lang='lat' dir='ltr'>2¹22f¹v2222</span> 
     </span>
     <span class='ocr_line' id='line_1_21' title="bbox 188 2450 1474 2569; baseline -0.001 -45"><span class='ocrx_word' id='word_1_173' title='bbox 188 2479 307 2536; x_wconf 87' lang='lat' dir='ltr'>remur,</span> <span class='ocrx_word' id='word_1_174' title='bbox 334 2460 399 2524; x_wconf 89' lang='lat' dir='ltr'>nisi</span> <span class='ocrx_word' id='word_1_175' title='bbox 425 2460 564 2542; x_wconf 90' lang='lat' dir='ltr'>erigeret</span> <span class='ocrx_word' id='word_1_176' title='bbox 595 2462 745 2525; x_wconf 89' lang='lat' dir='ltr'>animum</span> <span class='ocrx_word' id='word_1_177' title='bbox 776 2461 930 2544; x_wconf 89' lang='lat' dir='ltr'>viresque</span> <span class='ocrx_word' id='word_1_178' title='bbox 959 2469 1164 2527; x_wconf 88' lang='lat' dir='ltr'>sustentaret</span> <span class='ocrx_word' id='word_1_179' title='bbox 1193 2478 1296 2542; x_wconf 91' lang='lat' dir='ltr'>quum</span> <span class='ocrx_word' id='word_1_180' title='bbox 1322 2450 1474 2569; x_wconf 45' lang='grc' dir='ltr'>ᾖξζὲξζιζῇζ</span> 
     </span>
     <span class='ocr_line' id='line_1_22' title="bbox 187 2563 1474 2674; baseline 0.003 -49"><span class='ocrx_word' id='word_1_181' title='bbox 187 2563 459 2647; x_wconf 85' lang='lat' dir='ltr'>exploratissima</span> <span class='ocrx_word' id='word_1_182' title='bbox 471 2583 557 2647; x_wconf 86' lang='lat' dir='ltr'>spes,</span> <span class='ocrx_word' id='word_1_183' title='bbox 566 2563 636 2629; x_wconf 86' lang='lat' dir='ltr'>lore</span> <span class='ocrx_word' id='word_1_184' title='bbox 649 2583 820 2648; x_wconf 90' lang='lat' dir='ltr'>nunquam</span> <span class='ocrx_word' id='word_1_185' title='bbox 833 2573 873 2629; x_wconf 91' lang='lat' dir='ltr'>ut</span> <span class='ocrx_word' id='word_1_186' title='bbox 886 2565 1057 2629; x_wconf 90' lang='lat' dir='ltr'>Vicarium</span> <span class='ocrx_word' id='word_1_187' title='bbox 1075 2583 1172 2629; x_wconf 89' lang='lat' dir='ltr'>suum</span> <span class='ocrx_word' id='word_1_188' title='bbox 1184 2564 1298 2629; x_wconf 89' lang='lat' dir='ltr'>divina</span> <span class='ocrx_word' id='word_1_189' title='bbox 1322 2575 1397 2674; x_wconf 58' lang='lat' dir='ltr'>gebu</span> <span class='ocrx_word' id='word_1_190' title='bbox 1411 2571 1474 2616; x_wconf 70' lang='lat' dir='ltr'>Pon·</span> 
     </span>
     <span class='ocr_line' id='line_1_23' title="bbox 187 2627 1390 2750; baseline -0.001 -20"><span class='ocrx_word' id='word_1_191' title='bbox 187 2687 252 2750; x_wconf 90' lang='lat' dir='ltr'>ope</span> <span class='ocrx_word' id='word_1_192' title='bbox 268 2667 421 2732; x_wconf 87' lang='lat' dir='ltr'>Christus</span> <span class='ocrx_word' id='word_1_193' title='bbox 446 2666 619 2746; x_wconf 87' lang='lat' dir='ltr'>destituat,</span> <span class='ocrx_word' id='word_1_194' title='bbox 634 2678 707 2733; x_wconf 92' lang='lat' dir='ltr'>tum</span> <span class='ocrx_word' id='word_1_195' title='bbox 734 2667 941 2732; x_wconf 89' lang='lat' dir='ltr'>conscientia</span> <span class='ocrx_word' id='word_1_196' title='bbox 965 2666 1074 2744; x_wconf 86' lang='lat' dir='ltr'>officii,</span> <span class='ocrx_word' id='word_1_197' title='bbox 1091 2687 1157 2750; x_wconf 90' lang='lat' dir='ltr'>qua</span> <span class='ocrx_word' id='word_1_198' title='bbox 1182 2675 1298 2730; x_wconf 89' lang='lat' dir='ltr'>sancte</span> <span class='ocrx_word' id='word_1_199' title='bbox 1334 2627 1390 2688; x_wconf 44' lang='grc' dir='ltr'>’Μ’</span> 
     </span>
     <span class='ocr_line' id='line_1_24' title="bbox 189 2770 1298 2854; baseline -0.001 -20"><span class='ocrx_word' id='word_1_200' title='bbox 189 2791 373 2848; x_wconf 89' lang='lat' dir='ltr'>monemur,</span> <span class='ocrx_word' id='word_1_201' title='bbox 389 2791 430 2836; x_wconf 90' lang='lat' dir='ltr'>eo</span> <span class='ocrx_word' id='word_1_202' title='bbox 447 2770 520 2836; x_wconf 90' lang='lat' dir='ltr'>Nos</span> <span class='ocrx_word' id='word_1_203' title='bbox 534 2770 656 2836; x_wconf 89' lang='lat' dir='ltr'>debere</span> <span class='ocrx_word' id='word_1_204' title='bbox 673 2770 800 2835; x_wconf 87' lang='lat' dir='ltr'>firmius</span> <span class='ocrx_word' id='word_1_205' title='bbox 815 2772 858 2837; x_wconf 91' lang='lat' dir='ltr'>ad</span> <span class='ocrx_word' id='word_1_206' title='bbox 885 2771 1111 2854; x_wconf 88' lang='lat' dir='ltr'>gubernacula</span> <span class='ocrx_word' id='word_1_207' title='bbox 1128 2770 1298 2836; x_wconf 88' lang='lat' dir='ltr'>Ecclesiae</span> 
     </span>
     <span class='ocr_line' id='line_1_25' title="bbox 188 2875 1296 2958; baseline 0.004 -20"><span class='ocrx_word' id='word_1_208' title='bbox 188 2875 475 2957; x_wconf 89' lang='lat' dir='ltr'>incumbere,un</span> <span class='ocrx_word' id='word_1_209' title='bbox 499 2875 627 2939; x_wconf 89' lang='lat' dir='ltr'>saeviat</span> <span class='ocrx_word' id='word_1_210' title='bbox 654 2875 688 2938; x_wconf 91' lang='lat' dir='ltr'>in</span> <span class='ocrx_word' id='word_1_211' title='bbox 705 2895 779 2940; x_wconf 90' lang='lat' dir='ltr'>eam</span> <span class='ocrx_word' id='word_1_212' title='bbox 797 2875 906 2940; x_wconf 85' lang='lat' dir='ltr'>acrius</span> <span class='ocrx_word' id='word_1_213' title='bbox 920 2895 1067 2940; x_wconf 91' lang='lat' dir='ltr'>errorum</span> <span class='ocrx_word' id='word_1_214' title='bbox 1085 2885 1118 2940; x_wconf 91' lang='lat' dir='ltr'>et</span> <span class='ocrx_word' id='word_1_215' title='bbox 1134 2875 1296 2958; x_wconf 90' lang='lat' dir='ltr'>cupidita·</span> 
     </span>
     <span class='ocr_line' id='line_1_26' title="bbox 188 2976 1441 3062; baseline 0.002 -20"><span class='ocrx_word' id='word_1_216' title='bbox 188 2991 260 3042; x_wconf 89' lang='lat' dir='ltr'>tum</span> <span class='ocrx_word' id='word_1_217' title='bbox 288 2978 333 3043; x_wconf 91' lang='lat' dir='ltr'>ab</span> <span class='ocrx_word' id='word_1_218' title='bbox 356 2976 470 3042; x_wconf 83' lang='lat' dir='ltr'>inferis</span> <span class='ocrx_word' id='word_1_219' title='bbox 496 2978 665 3043; x_wconf 89' lang='lat' dir='ltr'>concitata</span> <span class='ocrx_word' id='word_1_220' title='bbox 689 2977 846 3062; x_wconf 88' lang='lat' dir='ltr'>procella.</span> <span class='ocrx_word' id='word_1_221' title='bbox 860 3016 904 3028; x_wconf 89' lang='lat'><em>-</em></span> <span class='ocrx_word' id='word_1_222' title='bbox 921 2979 1024 3061; x_wconf 87' lang='lat' dir='ltr'>Spem</span> <span class='ocrx_word' id='word_1_223' title='bbox 1048 2980 1149 3062; x_wconf 88' lang='lat' dir='ltr'>igitur</span> <span class='ocrx_word' id='word_1_224' title='bbox 1164 2989 1198 3043; x_wconf 87' lang='lat' dir='ltr'>et</span> <span class='ocrx_word' id='word_1_225' title='bbox 1214 2977 1297 3044; x_wconf 87' lang='lat' dir='ltr'>fidu·</span> <span class='ocrx_word' id='word_1_226' title='bbox 1355 2989 1441 3034; x_wconf 72' lang='lat' dir='ltr'>Simul</span> 
     </span>
    </p>
   </div>
   <div class='ocr_carea' id='block_1_12' title="bbox 187 3051 1459 3166">
    <p class='ocr_par' dir='ltr' id='par_1_13' title="bbox 187 3051 1459 3166">
     <span class='ocr_line' id='line_1_27' title="bbox 187 3051 1459 3166; baseline 0.006 -20"><span class='ocrx_word' id='word_1_227' title='bbox 187 3083 273 3146; x_wconf 87' lang='lat' dir='ltr'>ciam</span> <span class='ocrx_word' id='word_1_228' title='bbox 290 3101 426 3146; x_wconf 92' lang='lat' dir='ltr'>omnem</span> <span class='ocrx_word' id='word_1_229' title='bbox 443 3081 606 3145; x_wconf 90' lang='lat' dir='ltr'>habemus</span> <span class='ocrx_word' id='word_1_230' title='bbox 633 3081 666 3145; x_wconf 92' lang='lat' dir='ltr'>in</span> <span class='ocrx_word' id='word_1_231' title='bbox 685 3083 761 3147; x_wconf 92' lang='lat' dir='ltr'>Deo</span> <span class='ocrx_word' id='word_1_232' title='bbox 787 3084 898 3159; x_wconf 89' lang='lat' dir='ltr'>sitam,</span> <span class='ocrx_word' id='word_1_233' title='bbox 914 3083 1007 3146; x_wconf 89' lang='lat' dir='ltr'>cuius</span> <span class='ocrx_word' id='word_1_234' title='bbox 1034 3083 1145 3166; x_wconf 89' lang='lat' dir='ltr'>agitur</span> <span class='ocrx_word' id='word_1_235' title='bbox 1171 3104 1298 3163; x_wconf 87' lang='lat' dir='ltr'>caussa,</span> <span class='ocrx_word' id='word_1_236' title='bbox 1333 3051 1459 3166; x_wconf 65' lang='lat' dir='ltr'>lllllllsl</span> 
     </span>
    </p>
   </div>
   <div class='ocr_carea' id='block_1_13' title="bbox 183 3167 1462 4411">
    <p class='ocr_par' dir='ltr' id='par_1_14' title="bbox 186 3167 1456 3682">
     <span class='ocr_line' id='line_1_28' title="bbox 186 3167 1454 3277; baseline 0.002 -27"><span class='ocrx_word' id='word_1_237' title='bbox 186 3185 304 3250; x_wconf 88' lang='lat' dir='ltr'>confisi</span> <span class='ocrx_word' id='word_1_238' title='bbox 322 3185 471 3250; x_wconf 87' lang='lat' dir='ltr'>maxime</span> <span class='ocrx_word' id='word_1_239' title='bbox 486 3186 723 3267; x_wconf 88' lang='lat' dir='ltr'>deprecatione</span> <span class='ocrx_word' id='word_1_240' title='bbox 746 3186 1027 3269; x_wconf 88' lang='lat' dir='ltr'>praesentissima,</span> <span class='ocrx_word' id='word_1_241' title='bbox 1042 3207 1143 3268; x_wconf 92' lang='lat' dir='ltr'>quam</span> <span class='ocrx_word' id='word_1_242' title='bbox 1160 3187 1297 3252; x_wconf 89' lang='lat' dir='ltr'>incenso</span> <span class='ocrx_word' id='word_1_243' title='bbox 1342 3167 1454 3277; x_wconf 56' lang='lat' dir='ltr'>ffl&#39;f</span> 
     </span>
     <span class='ocr_line' id='line_1_29' title="bbox 188 3286 1449 3402; baseline 0.003 -49"><span class='ocrx_word' id='word_1_244' title='bbox 188 3291 292 3354; x_wconf 91' lang='lat' dir='ltr'>animi</span> <span class='ocrx_word' id='word_1_245' title='bbox 304 3290 417 3355; x_wconf 93' lang='lat' dir='ltr'>studio</span> <span class='ocrx_word' id='word_1_246' title='bbox 432 3287 662 3372; x_wconf 90' lang='lat' dir='ltr'>imploramus,</span> <span class='ocrx_word' id='word_1_247' title='bbox 673 3309 816 3373; x_wconf 89' lang='lat' dir='ltr'>magnae</span> <span class='ocrx_word' id='word_1_248' title='bbox 829 3290 987 3374; x_wconf 87' lang='lat' dir='ltr'>Virginis,</span> <span class='ocrx_word' id='word_1_249' title='bbox 997 3291 1167 3356; x_wconf 87' lang='lat' dir='ltr'>christiani</span> <span class='ocrx_word' id='word_1_250' title='bbox 1180 3294 1297 3375; x_wconf 89' lang='lat' dir='ltr'>populi</span> <span class='ocrx_word' id='word_1_251' title='bbox 1315 3286 1317 3296; x_wconf 80' lang='lat'>&#39;</span> <span class='ocrx_word' id='word_1_252' title='bbox 1343 3286 1449 3402; x_wconf 39' lang='lat' dir='ltr'>&#39;sm‘</span> 
     </span>
     <span class='ocr_line' id='line_1_30' title="bbox 187 3391 1456 3477; baseline 0.003 -19"><span class='ocrx_word' id='word_1_253' title='bbox 187 3393 383 3472; x_wconf 89' lang='lat' dir='ltr'>Adiutricis,</span> <span class='ocrx_word' id='word_1_254' title='bbox 394 3393 543 3477; x_wconf 87' lang='lat' dir='ltr'>itemque</span> <span class='ocrx_word' id='word_1_255' title='bbox 558 3391 732 3458; x_wconf 91' lang='lat' dir='ltr'>beatorum</span> <span class='ocrx_word' id='word_1_256' title='bbox 744 3395 937 3477; x_wconf 88' lang='lat' dir='ltr'>Principum</span> <span class='ocrx_word' id='word_1_257' title='bbox 950 3394 1194 3476; x_wconf 87' lang='lat' dir='ltr'>Apostolorum</span> <span class='ocrx_word' id='word_1_258' title='bbox 1208 3398 1295 3460; x_wconf 91' lang='lat' dir='ltr'>Petri</span> <span class='ocrx_word' id='word_1_259' title='bbox 1336 3404 1456 3462; x_wconf 78' lang='lat' dir='ltr'>Apostolo-</span> 
     </span>
     <span class='ocr_line' id='line_1_31' title="bbox 187 3476 1430 3581; baseline 0.002 -21"><span class='ocrx_word' id='word_1_260' title='bbox 187 3508 222 3560; x_wconf 90' lang='lat' dir='ltr'>et</span> <span class='ocrx_word' id='word_1_261' title='bbox 238 3497 344 3574; x_wconf 91' lang='lat' dir='ltr'>Pauli,</span> <span class='ocrx_word' id='word_1_262' title='bbox 368 3515 511 3579; x_wconf 91' lang='lat' dir='ltr'>quorum</span> <span class='ocrx_word' id='word_1_263' title='bbox 536 3496 569 3560; x_wconf 92' lang='lat' dir='ltr'>in</span> <span class='ocrx_word' id='word_1_264' title='bbox 596 3497 702 3561; x_wconf 88' lang='lat' dir='ltr'>tutela</span> <span class='ocrx_word' id='word_1_265' title='bbox 727 3508 759 3562; x_wconf 90' lang='lat' dir='ltr'>et</span> <span class='ocrx_word' id='word_1_266' title='bbox 788 3498 956 3581; x_wconf 89' lang='lat' dir='ltr'>praesidio</span> <span class='ocrx_word' id='word_1_267' title='bbox 981 3498 1070 3561; x_wconf 89' lang='lat' dir='ltr'>alma</span> <span class='ocrx_word' id='word_1_268' title='bbox 1097 3499 1179 3563; x_wconf 91' lang='lat' dir='ltr'>haec</span> <span class='ocrx_word' id='word_1_269' title='bbox 1205 3500 1296 3564; x_wconf 92' lang='lat' dir='ltr'>Urbs</span> <span class='ocrx_word' id='word_1_270' title='bbox 1366 3476 1430 3515; x_wconf 61' lang='lat' dir='ltr'>&#39;um&#39;</span> 
     </span>
     <span class='ocr_line' id='line_1_32' title="bbox 187 3601 688 3682; baseline 0.002 -18"><span class='ocrx_word' id='word_1_271' title='bbox 187 3601 327 3664; x_wconf 80' lang='lat' dir='ltr'>feliciter</span> <span class='ocrx_word' id='word_1_272' title='bbox 342 3619 473 3682; x_wconf 90' lang='lat' dir='ltr'>semper</span> <span class='ocrx_word' id='word_1_273' title='bbox 489 3601 688 3682; x_wconf 91' lang='lat' dir='ltr'>conquievit.</span> 
     </span>
    </p>

    <p class='ocr_par' dir='ltr' id='par_1_15' title="bbox 183 3704 1462 4411">
     <span class='ocr_line' id='line_1_33' title="bbox 233 3704 1455 3787; baseline -0.003 -19"><span class='ocrx_word' id='word_1_274' title='bbox 233 3705 396 3782; x_wconf 88' lang='lat' dir='ltr'>Iamvero,</span> <span class='ocrx_word' id='word_1_275' title='bbox 405 3704 771 3787; x_wconf 88' lang='lat' dir='ltr'>quemadmodumvos,</span> <span class='ocrx_word' id='word_1_276' title='bbox 782 3705 1001 3770; x_wconf 87' lang='lat' dir='ltr'>Venerabiles</span> <span class='ocrx_word' id='word_1_277' title='bbox 1011 3707 1153 3784; x_wconf 88' lang='lat' dir='ltr'>Fratres,</span> <span class='ocrx_word' id='word_1_278' title='bbox 1163 3706 1296 3771; x_wconf 89' lang='lat' dir='ltr'>dolores</span> <span class='ocrx_word' id='word_1_279' title='bbox 1341 3721 1455 3781; x_wconf 63' lang='lat' dir='ltr'>sanuses</span> 
     </span>
     <span class='ocr_line' id='line_1_34' title="bbox 186 3782 1454 3892; baseline -0.002 -16"><span class='ocrx_word' id='word_1_280' title='bbox 186 3809 375 3876; x_wconf 91' lang='lat' dir='ltr'>Nobiscum</span> <span class='ocrx_word' id='word_1_281' title='bbox 391 3828 573 3892; x_wconf 89' lang='lat' dir='ltr'>precesque</span> <span class='ocrx_word' id='word_1_282' title='bbox 589 3810 632 3874; x_wconf 94' lang='lat' dir='ltr'>ad</span> <span class='ocrx_word' id='word_1_283' title='bbox 650 3809 771 3887; x_wconf 89' lang='lat' dir='ltr'>Deum,</span> <span class='ocrx_word' id='word_1_284' title='bbox 787 3820 1055 3876; x_wconf 87' lang='lat' dir='ltr'>conservatorem</span> <span class='ocrx_word' id='word_1_285' title='bbox 1079 3821 1113 3876; x_wconf 90' lang='lat' dir='ltr'>et</span> <span class='ocrx_word' id='word_1_286' title='bbox 1127 3811 1293 3875; x_wconf 86' lang='lat' dir='ltr'>vindicem</span> <span class='ocrx_word' id='word_1_287' title='bbox 1339 3782 1454 3826; x_wconf 51' lang='lat' dir='ltr'>mmm</span> 
     </span>
     <span class='ocr_line' id='line_1_35' title="bbox 187 3913 1435 3996; baseline 0 -18"><span class='ocrx_word' id='word_1_288' title='bbox 187 3913 360 3996; x_wconf 83' lang='lat' dir='ltr'>Ecclesiae</span> <span class='ocrx_word' id='word_1_289' title='bbox 384 3932 473 3992; x_wconf 89' lang='lat' dir='ltr'>suae,</span> <span class='ocrx_word' id='word_1_290' title='bbox 486 3913 620 3977; x_wconf 90' lang='lat' dir='ltr'>assidue</span> <span class='ocrx_word' id='word_1_291' title='bbox 646 3914 856 3992; x_wconf 90' lang='lat' dir='ltr'>consociatis,</span> <span class='ocrx_word' id='word_1_292' title='bbox 872 3915 918 3979; x_wconf 91' lang='lat' dir='ltr'>ita</span> <span class='ocrx_word' id='word_1_293' title='bbox 940 3915 1078 3980; x_wconf 89' lang='lat' dir='ltr'>minime</span> <span class='ocrx_word' id='word_1_294' title='bbox 1093 3915 1296 3994; x_wconf 89' lang='lat' dir='ltr'>dubitamus,</span> <span class='ocrx_word' id='word_1_295' title='bbox 1353 3941 1435 3986; x_wconf 50' lang='grc' dir='ltr'>Μὴ,</span> 
     </span>
     <span class='ocr_line' id='line_1_36' title="bbox 185 4000 1462 4100; baseline 0.002 -20"><span class='ocrx_word' id='word_1_296' title='bbox 185 4016 267 4098; x_wconf 92' lang='lat' dir='ltr'>quin</span> <span class='ocrx_word' id='word_1_297' title='bbox 282 4014 503 4080; x_wconf 88' lang='lat' dir='ltr'>Venerabiles</span> <span class='ocrx_word' id='word_1_298' title='bbox 524 4017 666 4094; x_wconf 90' lang='lat' dir='ltr'>Fratres,</span> <span class='ocrx_word' id='word_1_299' title='bbox 681 4036 741 4099; x_wconf 89' lang='lat' dir='ltr'>per</span> <span class='ocrx_word' id='word_1_300' title='bbox 769 4016 902 4080; x_wconf 88' lang='lat' dir='ltr'>Italiam</span> <span class='ocrx_word' id='word_1_301' title='bbox 920 4017 1089 4100; x_wconf 88' lang='lat' dir='ltr'>Episcopi,</span> <span class='ocrx_word' id='word_1_302' title='bbox 1114 4016 1181 4081; x_wconf 92' lang='lat' dir='ltr'>sint</span> <span class='ocrx_word' id='word_1_303' title='bbox 1204 4018 1293 4083; x_wconf 89' lang='lat' dir='ltr'>idem</span> <span class='ocrx_word' id='word_1_304' title='bbox 1333 4000 1462 4060; x_wconf 51' lang='lat' dir='ltr'>Elim</span> 
     </span>
     <span class='ocr_line' id='line_1_37' title="bbox 183 4119 1295 4205; baseline 0.003 -22"><span class='ocrx_word' id='word_1_305' title='bbox 183 4119 304 4185; x_wconf 79' lang='lat' dir='ltr'>facturi</span> <span class='ocrx_word' id='word_1_306' title='bbox 315 4127 516 4196; x_wconf 86' lang='lat' dir='ltr'>constanter,</span> <span class='ocrx_word' id='word_1_307' title='bbox 528 4129 630 4203; x_wconf 89' lang='lat' dir='ltr'>atque</span> <span class='ocrx_word' id='word_1_308' title='bbox 641 4121 728 4185; x_wconf 85' lang='lat' dir='ltr'>adeo</span> <span class='ocrx_word' id='word_1_309' title='bbox 743 4119 921 4184; x_wconf 86' lang='lat' dir='ltr'>intentiore</span> <span class='ocrx_word' id='word_1_310' title='bbox 936 4140 1015 4184; x_wconf 88' lang='lat' dir='ltr'>cura</span> <span class='ocrx_word' id='word_1_311' title='bbox 1027 4129 1061 4184; x_wconf 90' lang='lat' dir='ltr'>et</span> <span class='ocrx_word' id='word_1_312' title='bbox 1076 4141 1186 4204; x_wconf 88' lang='lat' dir='ltr'>opera,</span> <span class='ocrx_word' id='word_1_313' title='bbox 1195 4132 1295 4205; x_wconf 90' lang='lat' dir='ltr'>prout</span> 
     </span>
     <span class='ocr_line' id='line_1_38' title="bbox 184 4223 1295 4308; baseline 0.003 -21"><span class='ocrx_word' id='word_1_314' title='bbox 184 4235 376 4307; x_wconf 88' lang='lat' dir='ltr'>temporum</span> <span class='ocrx_word' id='word_1_315' title='bbox 405 4234 549 4306; x_wconf 89' lang='lat' dir='ltr'>poscunt</span> <span class='ocrx_word' id='word_1_316' title='bbox 578 4223 781 4301; x_wconf 85' lang='lat' dir='ltr'>discrimina,</span> <span class='ocrx_word' id='word_1_317' title='bbox 808 4224 934 4308; x_wconf 93' lang='lat' dir='ltr'>populo</span> <span class='ocrx_word' id='word_1_318' title='bbox 964 4225 1106 4308; x_wconf 90' lang='lat' dir='ltr'>quisque</span> <span class='ocrx_word' id='word_1_319' title='bbox 1136 4244 1198 4288; x_wconf 88' lang='lat' dir='ltr'>suo</span> <span class='ocrx_word' id='word_1_320' title='bbox 1227 4226 1295 4290; x_wconf 91' lang='lat' dir='ltr'>sint</span> 
     </span>
     <span class='ocr_line' id='line_1_39' title="bbox 183 4327 1295 4411; baseline 0.002 -18"><span class='ocrx_word' id='word_1_321' title='bbox 183 4327 379 4394; x_wconf 89' lang='lat' dir='ltr'>consulturi.</span> <span class='ocrx_word' id='word_1_322' title='bbox 395 4363 437 4376; x_wconf 88' lang='lat'>·-</span> <span class='ocrx_word' id='word_1_323' title='bbox 463 4328 504 4392; x_wconf 93' lang='lat' dir='ltr'>In</span> <span class='ocrx_word' id='word_1_324' title='bbox 528 4327 592 4391; x_wconf 89' lang='lat' dir='ltr'>hoc</span> <span class='ocrx_word' id='word_1_325' title='bbox 618 4329 795 4411; x_wconf 91' lang='lat' dir='ltr'>praecipue</span> <span class='ocrx_word' id='word_1_326' title='bbox 820 4329 1027 4393; x_wconf 87' lang='lat' dir='ltr'>contendant</span> <span class='ocrx_word' id='word_1_327' title='bbox 1051 4329 1231 4408; x_wconf 91' lang='lat' dir='ltr'>hortamur,</span> <span class='ocrx_word' id='word_1_328' title='bbox 1258 4341 1295 4396; x_wconf 92' lang='lat' dir='ltr'>ut</span> 
     </span>
    </p>
   </div>
   <div class='ocr_carea' id='block_1_14' title="bbox 182 4428 1294 4518">
    <p class='ocr_par' dir='ltr' id='par_1_16' title="bbox 182 4428 1294 4518">
     <span class='ocr_line' id='line_1_40' title="bbox 182 4428 1294 4518; baseline 0.004 -24"><span class='ocrx_word' id='word_1_329' title='bbox 182 4431 337 4514; x_wconf 87' lang='lat' dir='ltr'>aperiant</span> <span class='ocrx_word' id='word_1_330' title='bbox 353 4428 418 4494; x_wconf 89' lang='lat' dir='ltr'>illis</span> <span class='ocrx_word' id='word_1_331' title='bbox 434 4429 601 4515; x_wconf 87' lang='lat' dir='ltr'>planeque</span> <span class='ocrx_word' id='word_1_332' title='bbox 617 4430 797 4510; x_wconf 90' lang='lat' dir='ltr'>declarent,</span> <span class='ocrx_word' id='word_1_333' title='bbox 809 4441 955 4514; x_wconf 90' lang='lat' dir='ltr'>quantae</span> <span class='ocrx_word' id='word_1_334' title='bbox 971 4433 1157 4516; x_wconf 90' lang='lat' dir='ltr'>iniquitatis</span> <span class='ocrx_word' id='word_1_335' title='bbox 1173 4443 1207 4498; x_wconf 89' lang='lat' dir='ltr'>et</span> <span class='ocrx_word' id='word_1_336' title='bbox 1222 4453 1294 4518; x_wconf 90' lang='lat' dir='ltr'>per·</span> 
     </span>
    </p>
   </div>
   <div class='ocr_carea' id='block_1_15' title="bbox 0 0 1672 4870">
    <p class='ocr_par' dir='ltr' id='par_1_17' title="bbox 0 0 1672 4870">
     <span class='ocr_line' id='line_1_41' title="bbox 0 0 1672 4870; baseline 0 0"><span class='ocrx_word' id='word_1_337' title='bbox 0 0 1672 4870; x_wconf 95' lang='lat' dir='ltr'> </span> 
     </span>
    </p>
   </div>
  </div>
 </body>
</html>
