3250 4876
383 359 429 429 24
484 357 632 410 cirrus.
654 357 811 410 sueves.
834 346 855 374 “
873 357 1099 410 sarranates
1116 357 1374 410 cuntsrmune
1391 393 1413 422 „

883 469 1107 476 -—----—.-.——

219 534 250 580 n·
258 539 353 594 panum
379 526 472 581 tuat:
488 526 612 581 atvero
626 517 907 600 degenerantibus
923 536 942 579 a
958 515 1139 581 christiana
1150 516 1272 582 virtute
1289 519 1481 583 nationibus

201 594 353 698 ἴέξῖῗῖξ.
380 641 447 686 non
461 621 579 684 eadem
596 629 707 701 potest
722 639 795 686 esse
810 619 978 684 securitas.
994 619 1137 684 Miseros
1148 621 1237 686 enirn
1245 622 1338 702 facit
1348 621 1484 705 populos

201 713 338 818 ww
376 735 539 809 peccatum
554 723 568 806 (
585 723 607 808 ).
621 761 665 774 -··
677 722 780 789 Cuius
795 723 863 788 vim
874 723 1117 807 veritatemque
1128 725 1315 790 sententiae
1329 727 1357 790 si
1372 714 1483 790 omnis

201 829 353 936 msc&
377 840 466 894 retro
481 837 624 913 experta
638 838 689 893 est
704 839 807 904 aetas,
822 829 902 911 quid
919 837 970 894 est
981 847 1120 894 caussae
1132 830 1351 914 quamobrem
1367 839 1482 896 nostra

201 949 302 996 manent.
378 956 445 1001 non
461 933 678 1017 experiatur?
696 931 770 996 Into
785 931 917 996 debitas
943 932 1010 997 iam
1026 933 1149 998 instare
1165 953 1302 1015 poenas,
1316 933 1482 1016 permulta

349 1117 350 1122 ἵ
377 1038 560 1115 declarant,
575 1037 731 1120 idemque
747 1045 854 1100 status
866 1036 937 1118 ipse
947 1035 1123 1102 confirmat
1134 1038 1308 1103 civitatum
1322 1056 1481 1121 ;quarum

377 1143 488 1228 plures
515 1141 669 1206 videlicet
694 1140 861 1206 intestinis
888 1140 985 1204 malis
1007 1141 1148 1219 attritas,
1175 1141 1301 1206 nullam
1329 1143 1372 1206 ab
1388 1143 1481 1205 omni

378 1255 473 1330 parte
489 1255 597 1310 tutam
613 1244 774 1309 videmus.
790 1242 890 1328 Quod
916 1243 943 1307 si
960 1243 1188 1326 improborum
1209 1245 1372 1310 factiones
1387 1246 1483 1310 insti·

377 1358 487 1412 tutum
504 1349 567 1412 iter
581 1348 741 1413 audacter
755 1348 963 1432 perrexerint
978 1372 985 1414 :
1000 1349 1028 1412 si
1043 1349 1191 1414 evenerit
1206 1349 1247 1414 iis
1262 1359 1310 1428 ut,
1319 1349 1483 1433 quemad·

379 1455 516 1519 modum
544 1461 738 1536 grassantur
762 1452 859 1516 malis
878 1452 1006 1517 artibus
1029 1463 1063 1518 et
1088 1453 1201 1536 peiore
1231 1454 1417 1538 proposito,
1436 1455 1483 1518 sic

378 1556 499 1639 opibus
515 1555 731 1639 potentiaque
759 1554 972 1632 invalescant,
987 1557 1205 1621 metuendum
1226 1576 1306 1620 sane
1328 1577 1372 1621 ne
1392 1566 1483 1622 totas

379 1659 531 1724 civitates
548 1681 567 1724 a
590 1659 827 1735 fundamentis,
841 1679 927 1743 quae
943 1661 1054 1744 posuit
1081 1671 1209 1738 natura,
1225 1661 1427 1726 convellant„
1440 1697 1481 1711 -

296 1813 356 1872 ΟΜ
380 1765 501 1846 Neque
515 1785 595 1828 vero
610 1763 777 1847 prohiberi
792 1773 908 1828 tantae
925 1763 1119 1829 formidines
1139 1765 1210 1829 sola
1225 1765 1401 1830 hominum
1422 1785 1485 1848 ope

203 1874 277 1926 mla·
294 1887 354 1919 cvra
380 1879 529 1952 possunt,
544 1868 738 1950 praesertim
765 1869 845 1952 quia
864 1867 1045 1934 multitudo
1071 1869 1198 1950 ingens,
1214 1867 1280 1933 fide
1304 1869 1485 1934 christiana

202 1936 355 2039 munh.
381 1973 511 2049 reiecta,
527 1973 630 2036 iustas
646 1972 820 2055 superbiae
847 1989 973 2054 poenas
988 1972 1022 2036 in
1038 1971 1102 2036 hoc
1119 1973 1189 2050 luit,
1203 1971 1294 2056 quod
1308 1973 1484 2037 veritatem

199 2051 356 2159 ζζῇξωζᾘ
380 2076 561 2140 obcaecata
587 2075 828 2158 cupiditatibus
855 2074 976 2139 frustra
999 2077 1175 2159 conquirit,
1202 2075 1285 2139 falsa
1311 2095 1373 2159 pro
1399 2075 1486 2140 veris

205 2171 357 2278 mjsss‘l
381 2177 603 2262 amplexatur,
619 2179 749 2264 sibique
759 2179 889 2244 videtur
899 2199 1015 2261 sapere
1024 2199 1100 2243 cum
1114 2189 1212 2244 vocat
1222 2179 1348 2244 malum
1358 2179 1486 2254 bonnm,

205 2297 301 2398 “W
318 2291 356 2395 τι·
379 2283 536 2348 etbonum
549 2285 683 2360 malum,
692 2303 821 2366 ponens
836 2283 983 2348 tenebras
995 2283 1106 2361 lucem,
1117 2293 1149 2346 et
1162 2285 1263 2349 lucem
1272 2284 1423 2350 tenebras
1437 2288 1485 2367 (2).

201 2357 274 2466 hah,
292 2357 357 2410 m
382 2387 489 2470 Igitur
513 2388 607 2452 Deus
633 2387 772 2464 intersit,
787 2408 827 2451 ac
842 2387 1059 2470 benignitatis
1083 2407 1164 2452 suae
1194 2407 1323 2452 memor
1352 2390 1484 2454 civilem

380 2491 554 2556 hominum
582 2493 777 2580 societatem
809 2492 963 2574 respiciat
994 2511 1128 2556 necesse
1158 2500 1217 2556 est.
1245 2489 1484 2576 Quamobrem,

299 2669 304 2680 ¹
380 2597 470 2680 quod
487 2595 702 2660 vehementer
716 2595 799 2660 alias
815 2593 938 2660 hortati
954 2615 1078 2674 sumus,
1093 2596 1252 2678 singulari
1276 2596 1391 2661 studio
1405 2618 1484 2661 con·

205 2675 355 2776 nfhff'fflss
380 2699 571 2782 stantiaque
591 2699 795 2774 enitendum,
820 2709 856 2762 ut
891 2697 1069 2764 clementia
1102 2699 1217 2762 divina
1253 2699 1484 2764 obsecratione

204 2788 304 2893 222?ss
319 2804 354 2836 n·
380 2804 497 2869 humili
513 2813 680 2881 exoretur,
690 2803 903 2885 virtutesque,
919 2802 1039 2884 quibus
1054 2801 1195 2867 efficitur
1210 2803 1278 2865 vita
1293 2802 1485 2876 christiana,

380 2916 585 2972 revocentur.
600 2943 643 2956 -
660 2906 830 2989 Imprimis
844 2915 957 2971 autem
973 2905 1154 2970 excitanda
1166 2925 1205 2970 ac
1221 2905 1347 2969 tuenda
1362 2905 1483 2970 caritas

202 3006 357 3112 mm
379 3019 438 3086 est,
454 3029 541 3092 quae
563 3009 779 3092 praecipuum
803 3010 893 3074 vitae
915 3008 1116 3073 christianae
1140 3007 1389 3072 firmamentum
1405 3026 1483 3071 con·

201 3125 314 3172 can'ras:
382 3112 476 3188 tinet,
491 3122 525 3177 et
541 3112 612 3176 sine
629 3133 694 3195 qua
710 3123 767 3178 aut
780 3112 890 3176 nullae
905 3113 1045 3177 omnino
1060 3121 1148 3189 sunt,
1162 3121 1221 3175 aut
1235 3109 1342 3173 fructu
1359 3127 1483 3172 vacuae

378 3217 525 3282 virtutes.
545 3217 674 3282 Idcirco
700 3217 818 3281 beatus
845 3217 968 3282 Paulus
993 3217 1210 3284 Colossenses
1225 3213 1434 3289 adhortatus,
1449 3223 1484 3275 ut

379 3322 496 3386 vitium
520 3341 621 3385 omne
645 3319 851 3404 defugerent,
866 3320 1060 3402 variamque
1072 3322 1231 3384 virtutum
1255 3315 1391 3380 laudem
1407 3335 1482 3379 con-

378 3435 595 3502 sectarentur,
610 3424 691 3488 illud
708 3425 851 3503 subiicit,
865 3435 961 3507 supa
978 3424 1090 3488 omnia
1103 3433 1213 3486 autem
1228 3421 1305 3485 lruec
1314 3418 1482 3482 caritatem

201 3535 353 3652 „„55{‚²'{‘,³'
377 3527 593 3610 habete,qu0d
606 3537 655 3591 ert
674 3527 840 3592 vinmlum
852 3526 1061 3609 perfectionis
1077 3527 1127 3610 (³).
1142 3527 1231 3591 Vere
1247 3523 1417 3587 vinculum
1433 3528 1482 3585 est

379 3733 496 3795 intime
520 3730 703 3812 coniungit,
718 3727 912 3812 perficitque
936 3739 973 3796 ut
1000 3731 1104 3794 vitam
1130 3727 1263 3794 animae
1290 3725 1479 3789 haurianta
1595 3759 1596 3808 l

378 3835 462 3912 Deo,
477 3855 553 3899 cum
578 3835 654 3898 Deo
669 3842 782 3916 agant,
791 3834 834 3896 ad
848 3833 959 3899 Deum
970 3833 1121 3898 referant.
1139 3831 1250 3898 Debet
1266 3849 1346 3894 vero
1361 3829 1478 3894 caritas
1595 3827 1596 3840 ¹

376 3939 442 4003 Dei
466 3959 544 4003 cum
571 3939 708 4002 caritate
735 3936 966 4020 proximorum
993 3937 1185 4014 consociari,
1209 3934 1288 4017 quia
1312 3931 1477 3997 infinitam

222 4053 348 4112 conjuncta
377 4044 441 4108 Dei
469 4042 654 4107 bonitatem
676 4041 829 4104 homines
855 4042 1066 4124 participant,
1090 4042 1226 4124 eiusque
1248 4046 1372 4121 gerunt
1396 4036 1478 4100 inse

197 4123 252 4156 crem
284 4113 349 4156 cari-
590 4144 597 4159 ,
681 4145 689 4159 ,

196 4174 246 4215 ran
265 4171 348 4228 prm,
376 4164 570 4226 expressam
588 4163 768 4226 rmagrnem
785 4155 887 4227 atque
914 4143 1064 4209 formam.
1079 4143 1152 4207 Hoc
1170 4121 1368 4205 mandatum
1386 4138 1476 4204 lrabe-

196 4242 297 4274 mmm.

404 4407 423 4438 r.
438 4393 585 4445 Prov.,x1v,
599 4407 635 4451 34.
647 4408 709 4440 -α,
729 4395 768 4446 Is.
786 4405 809 4447 v,
824 4409 858 4440 oo.
872 4420 901 4429 -
911 4411 932 4455 3.
946 4395 1098 4448 Coloss..111,
1116 4409 1150 4454 14.

378 3627 591 3710 perfectionis
603 3628 733 3703 caritas,
747 3627 825 3708 quia
841 3645 925 3709 quos
952 3625 1133 3709 complexa
1147 3635 1207 3702 est,
1223 3643 1299 3688 cum
1317 3622 1395 3686 Deo
1410 3621 1481 3702 ipso
1595 3625 1596 3636 *
