3230 4874
413 717 461 780 ad
480 719 708 794 Episcopum
730 715 975 776 Leodiensem
1211 673 1239 775 {f

231 903 294 962 ore
316 901 498 963 sunno
522 901 693 964 nsonrr
719 895 956 959 nuncupo
978 891 1172 956 socrum

564 1057 837 1122 couvnuru.
1214 1003 1241 1042 ²⁴

341 1379 408 1447 GN
411 1381 511 1450 ΟΤΑ
527 1382 589 1447 tibi
613 1381 803 1446 sollicitudo
827 1399 895 1444 non
913 1386 963 1444 est
980 1397 1080 1462 quam
1100 1377 1256 1460 gerimus,
1319 1431 1339 1472 Α
1346 1381 1393 1472 (716.

148 1453 307 1684 3¹ss
366 1494 404 1551 ut
416 1484 578 1550 salutaria
593 1504 678 1569 quae
693 1483 810 1568 religio
833 1483 971 1568 praebet
991 1481 1138 1546 remedia
1161 1479 1256 1544 adhi.
1324 1481 1391 1540 1800.

365 1589 508 1654 beantur
533 1590 576 1655 ad
603 1610 644 1655 ea
663 1587 820 1654 lenienda
846 1586 944 1664 mala,
969 1605 1056 1669 quae
1076 1603 1122 1650 ex
1137 1584 1256 1667 impari
1281 1589 1435 1710 raess'ii'isp‘ri

362 1692 537 1760 hominum
553 1692 748 1758 conditione
766 1709 938 1774 opumque
960 1689 1082 1773 partim
1098 1695 1258 1771 egestate,
1281 1709 1399 1778 nuntium

152 1800 277 1882 partim
294 1802 478 1885 cupiditate
494 1811 614 1868 exorta
629 1802 662 1866 in
679 1801 787 1886 ipsam
802 1800 892 1864 vitae
907 1799 1102 1864 societatem
1115 1805 1257 1862 rectum·
1284 1783 1369 1875 225„
1381 1782 1434 1874 Ἓξ

153 1929 221 1994 que
235 1911 307 1976 eius
321 1913 474 1978 ordinem
490 1923 703 1999 promanant
721 1911 813 1978 Hinc
827 1911 925 1978 facile
936 1908 1095 1992 intelligis
1106 1907 1259 1991 volupta·
1283 1887 1359 1993 2¹3¹ss
1379 1887 1435 1993 ξοζ

153 2028 225 2083 tem
242 2039 343 2103 quam
359 2021 509 2105 cepimus
525 2043 571 2087 ex
587 2023 722 2102 nuncio,
737 2040 837 2105 quem
854 2019 964 2086 Nobis
979 2017 1094 2082 attulit
1118 2012 1260 2099 epistola
1283 2005 1393 2054 ΜΝ·

154 2137 215 2192 tua
232 2141 275 2191 111
291 2148 398 2194 nonas
412 2128 562 2213 Augusti
577 2131 658 2196 data
677 2130 721 2196 de
748 2147 837 2194 novo
862 2135 1029 2194 conventu
1055 2125 1175 2192 Leodii
1202 2122 1260 2188 ha-

152 2233 267 2298 bendo
281 2233 472 2318 Septembri
499 2256 615 2302 mense
639 2258 659 2301 a
685 2236 858 2302 catholicis
882 2233 961 2298 viris
986 2233 1044 2318 qui
1074 2240 1192 2296 curant
1207 2229 1259 2294 vel

152 2341 269 2408 fovent
295 2363 397 2428 opera
426 2355 461 2412 et
486 2346 640 2411 instituta
671 2347 714 2411 ad
747 2365 824 2411 eum
855 2363 955 2428 quern
986 2343 1136 2408 diximus
1166 2338 1260 2406 cordi

154 2449 265 2515 Nobis
279 2471 352 2517 esse
367 2450 469 2519 finem
485 2454 733 2519 sanctissimum
749 2461 952 2536 comparata
968 2489 1012 2501 -
1040 2450 1152 2516 Maior
1180 2448 1258 2514 huic

150 2559 274 2623 nuncio
304 2561 445 2627 accessit
475 2562 585 2646 gratia
614 2583 658 2628 ex
685 2581 727 2628 eo
757 2562 847 2646 quod
880 2561 954 2626 Nos
982 2558 1145 2636 docuerit,
1171 2556 1258 2622 viros

153 2661 353 2731 lectissimos
368 2687 387 2732 e
402 2668 502 2733 variis
520 2667 895 2752 Europae-regionibus,
908 2666 1033 2731 nedum
1059 2685 1104 2728 ex
1121 2662 1259 2747 Belgico

146 2792 262 2856 regno,
273 2774 359 2840 istuc
374 2775 531 2854 coituros,
550 2775 746 2862 indictoque
766 2774 946 2840 conventui
971 2783 1006 2838 te
1027 2769 1257 2856 praefuturum

148 2900 231 2960 esse,
246 2882 341 2947 cuius
355 2885 569 2967 prudentiam
594 2883 812 2966 studiumque
835 2881 882 2947 rei
899 2883 985 2948 bene
1012 2880 1179 2965 gerendae
1200 2900 1259 2963 ap·

148 2989 257 3073 prime
272 3005 482 3076 compertum
498 2994 669 3058 habemus.
685 2989 736 3056 At
754 2979 967 3076 summopere
987 2989 1060 3054 Nos
1076 2988 1258 3054 oblectavit

150 3099 243 3180 quod
259 3097 428 3181 significas
443 3101 652 3184 propositum
669 3120 742 3164 esse
758 3099 836 3164 huic
851 3099 962 3164 coetui
973 3098 1072 3162 latius
1088 3095 1259 3162 effundere
1283 3069 1437 3191 qmssifnss

154 3216 191 3269 et
216 3205 353 3288 vulgare
376 3207 581 3273 documenta
607 3206 757 3291 proiecta
783 3207 827 3271 ab
853 3203 917 3270 hac
943 3203 1143 3288 Apostolica
1169 3195 1262 3270 Sede
1283 3189 1435 3249 &aquata-

1283 3250 1368 3296 bormn
1374 3263 1437 3297 m-

154 3311 242 3376 circa
257 3333 331 3378 eam
347 3315 589 3398 quaestionem,
604 3316 638 3379 in
657 3334 724 3397 qua
738 3333 806 3378 non
823 3322 955 3379 tanturn
980 3331 1088 3395 aequa
1105 3309 1258 3376 laborum
1283 3309 1436 3416 {ffsgm

156 3438 292 3498 merces,
301 3432 464 3504 quantum
481 3423 633 3507 publicae
650 3421 867 3505 privataeque
879 3421 926 3486 rei
937 3419 1096 3485 securitas
1111 3419 1259 3487 vertitur.
1284 3427 1384 3533 &aa
1394 3428 1437 3533 gf

155 3528 259 3594 Plane
274 3531 345 3596 eius
361 3533 407 3597 rei
423 3552 504 3597 cura
518 3532 627 3597 adhuc
639 3530 712 3596 Nos
727 3539 871 3613 occupat
897 3538 999 3613 atque
1025 3527 1207 3612 impensius
1224 3528 1258 3593 in
1284 3545 1332 3652 gre
1351 3547 1432 3652 arim.

155 3657 195 3703 ea
211 3657 381 3705 versamur
403 3643 493 3726 quod
510 3640 664 3707 novimus
679 3640 791 3725 plnres
815 3659 888 3704 esse
903 3639 970 3723 qul,
993 3639 1074 3704 dum
1095 3657 1131 3702 se
1152 3658 1257 3721 popu·
1282 3663 1406 3711 cmm

157 3751 244 3814 lares
259 3767 332 3813 esse
344 3749 480 3830 iactant,
493 3752 640 3834 pessimo
663 3748 798 3835 publico
821 3747 918 3813 iactis
938 3745 1111 3830 explicant
1135 3746 1259 3830 placita

157 3857 332 3924 fallacibus
348 3859 479 3926 invecta
491 3869 525 3926 et
539 3861 682 3944 probata
701 3859 872 3926 doctrinis.
885 3895 930 3908 -
946 3855 1084 3922 Interim
1101 3859 1260 3940 adpreca·
1307 3875 1379 3935 opert
1388 3874 1437 3922 on·

158 3987 291 4034 murex
316 3970 430 4036 animo
456 3979 491 4036 et
513 3968 651 4038 firmiter
673 3967 874 4036 confidimus
900 3966 1059 4046 futurum,
1084 3976 1122 4033 ut
1143 3968 1205 4033 tibi
1226 3977 1260 4034 et
1285 3947 1435 4054 {wir

156 4077 275 4143 ceteris
302 4089 413 4144 tecum
438 4079 663 4162 congressune
686 4097 844 4165 praesens
870 4077 959 4142 adsit
982 4096 1050 4162 ope
1072 4097 1132 4142 sua
1157 4076 1261 4162 Deus,
1285 4053 1438 4160 mm

158 4195 259 4270 atque
271 4205 316 4252 ex
331 4185 462 4253 collatis
485 4187 604 4252 studiis
619 4185 832 4271 consiliisque
847 4185 965 4252 vestris
992 4183 1119 4252 fructus
1141 4187 1263 4254 educat

161 4295 279 4362 salutis
294 4295 486 4363 uberrimos.
503 4295 643 4362 Meritas
665 4296 801 4381 insuper
815 4295 876 4362 tibi
892 4305 1019 4379 tuoque
1029 4295 1123 4379 gregi
1138 4299 1263 4382 gratias

161 4411 301 4488 agentes
316 4424 377 4489 pro
392 4401 484 4470 liliali
507 4404 620 4471 studio
635 4404 736 4490 quod,
759 4405 847 4491 stipe
871 4405 1052 4472 liberaliter
1074 4405 1207 4488 collata,
1229 4408 1263 4473 in
