3336 4870
422 351 488 420 192
518 351 706 401 ursanus
733 349 891 402 rueret.
923 337 943 365 ‘¹
963 349 1145 402 axsunrs
1173 349 1242 400 mu
1269 348 1377 398 nuno
1395 381 1417 410 ,‚

415 539 585 603 vocentur,
609 527 714 603 obliti,
743 546 839 591 curas
866 526 992 592 habent
1018 527 1307 610 cogitationesque
1337 542 1455 588 omnes
1484 524 1517 586 in

415 629 499 694 haec
523 629 691 695 imbecilla
714 639 747 694 et
772 629 867 695 lluxa
882 631 971 696 bona
993 628 1144 695 defixas:
1172 628 1276 694 invita
1302 637 1431 704 natura,
1447 646 1519 709 per·

416 733 620 818 turbatoque
649 733 776 812 ordine,
802 735 842 797 iis
873 735 972 799 rebus
1003 754 1063 799 sua
1093 733 1268 798 voluntate
1296 733 1456 809 serviunt,
1486 733 1518 796 in

417 858 501 920 quas
527 838 692 902 dominari
717 837 890 904 hominem
915 840 1001 904 ratio
1034 839 1107 921 ipsa
1136 837 1260 902 clamat
1286 845 1449 920 oportere.
1478 873 1521 888 -

276 967 391 1038 aspum
416 941 646 1025 Appetentiae
661 945 917 1008 commodorum
933 953 968 1007 et
983 942 1179 1008 deliciarum
1200 941 1354 1006 comitari
1374 940 1520 1023 proclive

235 1027 391 1134 fimf
417 1054 468 1110 est
480 1045 699 1129 cupiditatem
714 1066 823 1111 rerum
840 1047 883 1112 ad
900 1047 957 1112 illa
972 1047 1190 1130 adipiscenda
1205 1045 1411 1111 idonearum.
1431 1043 1521 1108 Hinc

416 1148 579 1215 effrenata
605 1152 766 1234 pecuniae
791 1151 944 1228 aviditas,
960 1171 1046 1234 quae
1068 1149 1168 1216 efficit
1189 1169 1307 1214 caecos
1322 1168 1407 1232 quos
1430 1167 1520 1212 com-

415 1255 518 1339 plexa
534 1264 593 1332 est,
606 1265 640 1319 et
655 1256 698 1320 ad
715 1255 923 1338 explendum
940 1256 1031 1339 quod
1048 1264 1190 1337 exoptat
1208 1253 1417 1318 inflammata
1434 1253 1520 1336 rapi-

415 1369 479 1436 tur,
510 1359 602 1423 nullo
632 1379 733 1443 saepe
758 1361 856 1444 aequi
884 1359 988 1444 iniqui
1015 1361 1218 1436 discrimine,
1244 1379 1304 1424 nec
1335 1378 1411 1422 raro
1440 1377 1517 1422 cum

415 1463 543 1528 alienae
560 1465 694 1546 inopiae
719 1464 875 1529 insolenti
901 1464 1045 1530 fastidio.
1063 1465 1117 1528 lta
1142 1463 1285 1546 plurimi,
1300 1481 1442 1547 quorum
1459 1463 1520 1526 cir-

415 1563 567 1629 cumfluit
583 1565 653 1628 vita
677 1565 812 1643 divitiis,
833 1564 1049 1630 fraternitatis
1071 1583 1193 1628 nomen
1210 1583 1287 1627 cum
1304 1561 1521 1626 multitudine

416 1679 587 1752 usurpant,
603 1689 705 1752 quam
725 1671 853 1735 intimis
876 1669 1030 1735 sensibus
1052 1671 1194 1752 superbe
1218 1677 1448 1734 contemnunt.
1470 1667 1521 1733 Si·

416 1774 554 1857 milique
570 1775 672 1839 modo
688 1773 797 1838 elatus
812 1775 968 1858 superbia
979 1776 1113 1840 animus
1129 1794 1196 1838 non
1214 1773 1279 1856 legi
1295 1773 1432 1838 subesse
1454 1771 1522 1849 ulli,

416 1897 477 1941 nec
494 1876 596 1941 ullam
620 1879 724 1942 vereri
750 1887 956 1962 potestatem
973 1887 1132 1943 conatur:
1149 1897 1276 1942 merum
1302 1895 1452 1942 amorem
1470 1875 1521 1940 sui

416 1982 606 2047 libertatem
629 1981 788 2063 appellat.
821 1982 1006 2065 Tamquam
1024 1982 1157 2064 pullum
1180 1982 1303 2063 onagri
1324 2001 1358 2044 se
1382 1979 1523 2044 liberum

253 2107 393 2178 ⁸namium
415 2093 532 2146 natum
542 2093 641 2165 putat
655 2084 668 2168 (
684 2085 706 2168 ).
730 2121 773 2134 -
788 2085 968 2150 Accedunt
995 2086 1150 2149 vitiorum
1166 2083 1342 2149 illecebrae
1357 2103 1397 2146 ac
1412 2083 1522 2165 perni-

239 2167 392 2286 ,ᾏΜὲζζζξί
416 2188 507 2252 ciosa
533 2188 756 2253 invitamenta
781 2190 964 2271 peccandi:
996 2189 1093 2253 ludos
1123 2190 1272 2251 scenicos
1303 2186 1523 2268 intelligimus

240 2286 295 2330 ‘⁸⁶²'
316 2286 391 2332 Μ’·
416 2291 519 2374 impie
535 2310 574 2355 ac
592 2292 729 2358 licenter
755 2302 958 2376 apparatos:
978 2291 1151 2357 volumina
1165 2300 1267 2374 atque
1289 2289 1524 2373 ephemeridas

238 2347 391 2459 ibelim]
417 2393 642 2460 ludificandae
653 2397 777 2472 virtuti,
788 2397 1019 2462 honestandae
1031 2396 1193 2480 turpidini
1208 2395 1396 2478 composita
1409 2415 1418 2472 ;
1432 2403 1524 2459 artes

238 2477 391 2582 ’,53ᾝῖ
416 2500 515 2581 ipsas,
540 2503 583 2564 ad
610 2520 708 2564 usum
735 2501 825 2565 vitae
851 2501 1096 2583 honestamque
1126 2499 1386 2565 oblectationem
1416 2497 1524 2561 animi

238 2596 367 2630 ”mm
415 2603 580 2680 inventas,
595 2603 762 2668 lenocinia
777 2603 1001 2687 cupiditatum
1019 2603 1207 2667 ministrare
1229 2603 1346 2666 iussas.
1359 2601 1431 2665 Nec
1444 2599 1525 2665 licet

415 2705 487 2768 sine
504 2715 596 2769 metu
623 2705 734 2771 lutura
759 2708 957 2791 prospicere,
981 2708 1061 2790 quia
1087 2725 1174 2771 nova
1201 2705 1365 2770 malorum
1392 2706 1524 2770 semina

415 2811 626 2875 continenter
639 2811 732 2877 velut
748 2811 781 2876 in
798 2811 907 2876 sinum
921 2825 1147 2904 congerurrtur
1156 2809 1380 2876 adolescentis
1392 2810 1524 2874 aetatis.

253 2942 390 2990 Mam,
415 2913 533 2977 Nostis
555 2935 681 2980 morem
697 2916 886 2981 scholarum
904 2917 1133 3001 publicarum:
1153 2914 1235 2979 nihil
1251 2915 1283 2979 in
1300 2915 1348 2979 eis
1364 2913 1523 2998 relinqui-

237 3004 391 3110 ξῗῇζξῇξξ
415 3029 469 3082 tur
485 3018 729 3084 ecclesiasticae
745 3021 936 3085 auctoritati
953 3020 1035 3085 loci:
1051 3030 1086 3084 et
1112 3040 1180 3103 quo
1194 3029 1348 3102 tempore
1370 3018 1523 3082 maxime

238 3127 391 3213 tartham-
415 3131 584 3204 oporteret
614 3124 813 3188 tenerrimos
839 3126 969 3189 animos
994 3124 1037 3189 ad
1064 3123 1174 3188 officia
1199 3122 1380 3187 christiana
1402 3123 1523 3186 sedulo

237 3199 289 3238 sas,
416 3225 631 3309 studioseque
658 3225 793 3310 fingere,
817 3237 889 3292 tum
917 3226 1087 3311 religionis
1114 3235 1292 3310 praecepta
1321 3225 1523 3309 plerumque

415 3327 524 3394 silent.
552 3329 755 3396 Grandiores
786 3341 867 3397 natu
899 3330 1084 3414 periculum
1103 3320 1237 3396 'adeunt
1267 3330 1369 3394 etiam
1402 3330 1521 3402 maius,

414 3433 540 3498 scilicet
555 3455 575 3498 a
591 3435 673 3500 vitio
688 3434 880 3500 doctrinae:
896 3454 981 3520 quae
993 3455 1072 3518 sepe
1088 3443 1139 3498 est
1154 3434 1329 3512 eiusmodi,
1344 3443 1383 3498 ut
1398 3453 1466 3496 non
1477 3434 1521 3497 ad

414 3537 632 3603 imbuendam
658 3539 852 3622 cognitione
876 3539 955 3616 veri,
980 3539 1040 3603 sed
1071 3539 1184 3620 potius
1214 3539 1257 3602 ad
1285 3537 1536 3601 infamandam·

238 3693 328 3725 necnon
351 3679 390 3726 d,
414 3641 524 3706 valeat
541 3641 671 3706 fallacia
687 3643 928 3707 sententiarum
944 3644 1162 3707 iuventutem.
1174 3642 1212 3705 ln
1229 3639 1414 3724 disciplinis
1430 3641 1521 3704 enirn

241 3738 384 3856 fflffl
414 3746 587 3810 tradendis
607 3746 764 3829 permulti
780 3745 1008 3830 philosophari
1031 3746 1161 3810 malunt
1175 3745 1248 3810 solo
1260 3745 1399 3810 rationis
1415 3743 1520 3826 magi-

237 3857 392 3963 {iaham
416 3850 526 3928 sterio,
552 3851 691 3914 omnino
720 3848 786 3914 fide
816 3849 931 3915 divina
968 3849 1182 3934 posthabita:
1208 3869 1276 3932 quo
1307 3847 1521 3912 firmamento

248 3975 384 4046 morsqu-
417 3956 568 4019 maximo
595 3954 829 4037 uberrimoque
855 3954 983 4019 lumine
1007 3963 1146 4033 remoto,
1160 3953 1194 4018 in
1223 3954 1338 4018 multis
1353 3952 1521 4028 labuntur,

237 4038 392 4139 “fflffl
411 4079 476 4138 ¹nec
502 4078 579 4123 vera
605 4069 756 4124 cernunt.
786 4057 914 4123 Eorum
941 4059 998 4123 illa
1022 4069 1110 4136 sunt,
1134 4059 1257 4136 omnia,
1283 4078 1369 4141 quae
1395 4057 1428 4120 in
1455 4054 1520 4118 hoc

249 4231 255 4240 ,
283 4165 344 4206 ⁶⁰³⁸·
417 4163 543 4227 mundo
563 4163 640 4239 sint,
655 4183 728 4226 esse
743 4183 922 4245 corporea:
942 4163 1118 4227 hominum
1143 4173 1176 4227 et
1192 4163 1360 4246 pecudum
1383 4161 1520 4225 easdem

415 4285 487 4329 esse
502 4266 647 4348 origines
672 4266 882 4348 similemque
898 4275 1074 4331 naturam:
1098 4287 1159 4331 nec
1180 4268 1303 4331 desunt
1314 4265 1371 4349 qui
1387 4265 1431 4330 de
1445 4265 1520 4346 ipso

446 4411 466 4442 1.
487 4396 538 4450 lob,
548 4407 585 4450 xr,
600 4411 634 4444 12.
