3230 4874
438 391 506 458 114
610 387 791 438 arrsronn
811 375 832 405 ‘¹
850 387 1092 440 carrionem:
1110 385 1312 437 accnnsma
1330 419 1350 446 „

432 566 546 628 animo
557 563 726 630 Lutetiam
740 565 1115 642 convenere,maniiesto
1127 565 1331 648 portendunt
1346 571 1434 627 tanta
1447 563 1473 624 vi
1484 576 1509 626 et

431 667 620 732 constantia
637 667 668 732 N
672 669 844 752 igritarum
860 688 1014 734 caussam
1032 669 1208 736 defensum
1227 669 1275 744 iri,
1289 677 1413 752 quanta
1425 675 1508 730 estea

431 792 498 856 qua
514 783 711 856 premuntur
727 793 962 839 aerumnarum
987 773 1103 839 moles.
1121 771 1234 856 Quare
1249 773 1396 836 oblatam
1412 772 1508 836 iterum

430 875 639 940 occasionem
653 877 812 941 nolumus
824 879 989 954 omittere,
1006 887 1042 942 ut
1070 878 1208 942 meritas
1223 895 1363 960 agamus
1375 874 1476 938 laudes
1486 883 1510 934 et

429 977 554 1059 gratias
589 979 747 1064 Europae
780 981 989 1066 Principibus
1012 983 1199 1064 ceterisque
1222 981 1332 1045 bonae
1354 977 1510 1044 voluntatis

429 1079 630 1160 hominibus,
667 1093 769 1168 atque
791 1105 811 1148 a
834 1105 968 1150 summo
992 1083 1068 1149 Deo
1090 1103 1267 1168 precamur
1289 1084 1398 1159 enixe,
1420 1090 1452 1146 ut
1470 1100 1510 1142 eo-

428 1205 501 1248 rum
527 1187 674 1252 consiliis
701 1197 735 1254 et
761 1188 845 1253 orsis
878 1189 965 1254 tanti
995 1189 1105 1272 operis
1136 1207 1314 1272 prosperos
1344 1187 1421 1252 dare
1450 1185 1510 1248 velit

428 1298 577 1356 eventus.

249 1455 314 1503 p
296 1397 403 1446 Gravior
470 1391 520 1456 At
536 1413 615 1460 vero
631 1405 762 1478 praeter
778 1397 924 1460 tuendae
957 1394 1121 1460 libertatis
1153 1415 1278 1474 curam,
1305 1395 1435 1480 gravior
1461 1391 1509 1455 alia

249 1458 404 1635 αὲἰιιῗμ
427 1497 573 1576 pressius
587 1499 726 1583 attingit
741 1500 980 1582 Apostolicum
1012 1500 1235 1566 ministerium
1252 1499 1425 1574 Nostrum,
1439 1496 1508 1580 quod

248 1581 323 1704 ff„
335 1585 401 1680 ἴῃ,
368 1577 501 1662 ¹¹N0s
531 1603 771 1682 curareiubet,
798 1605 893 1669 utin
929 1603 1067 1668 Airicae
1095 1604 1289 1688 regionibus
1331 1611 1510 1685 propagetur

245 1707 304 1806 {22
304 1695 402 1798 m
429 1701 604 1788 Evangelii
619 1707 771 1772 doctrina
773 1728 883 1792 ,quae
907 1709 1039 1774 illarum
1059 1709 1187 1773 incolas
1218 1708 1402 1773 sedentes
1392 1727 1424 1770 rn
1439 1717 1508 1770 tene·
1580 1789 1581 1792 Ἴ

248 1825 307 1916 xm
319 1812 401 1932 dgni-
428 1808 502 1884 bris,
518 1827 537 1871 a
559 1829 659 1874 caeca
674 1813 912 1895 superstitione
927 1809 1052 1890 offusis,
1069 1812 1211 1876 illustret
1229 1811 1368 1876 divinae
1385 1808 1508 1874 veritatis

360 1886 507 1987 Pluce,
523 1931 582 1996 per
611 1933 712 1997 quam
729 1915 903 1980 nobiscum
926 1914 1007 1980 fiant
1023 1917 1204 1999 participes
1220 1915 1418 1979 hereditatis
1436 1910 1507 1994 regni

425 2015 498 2080 Dei
516 2016 556 2081 Id
573 2027 685 2083 autem
699 2039 739 2082 eo
751 2039 905 2083 curamus
922 2039 1066 2096 enrxrus
1088 2019 1180 2103 quod
1214 2019 1271 2096 illi,
1301 2019 1369 2083 hac
1395 2019 1507 2082 lucere

422 2129 528 2200 cepta,
543 2121 644 2185 etiam
661 2121 828 2186 humanae
841 2123 1010 2187 servitutis
1022 2123 1066 2188 ab
1082 2143 1118 2187 se
1128 2124 1245 2206 iugum
1258 2123 1440 2188 excutient
1454 2119 1506 2186 Ubi

422 2221 511 2285 enim
528 2223 698 2288 christiani
710 2244 818 2288 mores
829 2225 987 2308 legesque
1005 2226 1129 2306 vigent,
1142 2227 1199 2290 ubi
1223 2225 1346 2309 religio
1361 2227 1408 2290 sic
1422 2223 1506 2289 horni-

421 2327 853 2406 nesinstituit,utiustitiam
864 2339 996 2394 servent
1012 2329 1446 2412 atqueinhonorehabeant
1458 2328 1505 2390 hu·
1579 2397 1580 2404 ἵ

421 2449 556 2494 marram
573 2431 782 2514 dignitatern,
795 2432 851 2497 ubi
868 2432 935 2496 late
947 2433 1082 2515 spiritus
1099 2433 1249 2498 manavit
1266 2432 1433 2498 fraternae
1444 2429 1506 2494 cari·

420 2535 508 2610 tatis,
523 2554 624 2617 quam
642 2533 795 2601 Christus
826 2557 887 2600 nos
918 2537 1042 2615 docuit,
1073 2537 1120 2603 ibi
1152 2556 1261 2620 neque
1292 2539 1443 2614 servitus,
1461 2553 1507 2598 nec

420 2637 532 2700 feritas
535 2658 666 2721 neque
678 2638 832 2704 barbana
854 2651 973 2705 extare
1003 2649 1143 2725 potest;
1173 2643 1232 2704 sed
1264 2639 1365 2706 floret
1398 2655 1506 2704 morum

272 2794 337 2839 Hm
305 2808 396 2840 uresm
419 2742 575 2817 suavitas,
590 2752 624 2805 et
639 2743 726 2806 civili
743 2753 862 2808 ornata
877 2745 968 2809 cultu
985 2743 1167 2808 christiana
1193 2744 1401 2810 libertas-
1415 2743 1509 2808 Plures

246 2853 292 2898 hac
316 2867 397 2958 ,322⁶
421 2844 486 2908 iarn
504 2845 737 2928 Apostolici'
705 2849 765 2911 vrri
768 2868 882 2931 ,quast
874 2847 1019 2914 Christi
1036 2849 1160 2914 milites
1180 2849 1398 2932 antesignani
1418 2847 1511 2912 adiere

246 2972 391 3030 queruntur,
421 2949 573 3030 regiones
586 2949 658 3014 illas
660 2951 781 3035 ibique
797 2951 839 3016 ad
856 2951 995 3018 fratrum
1011 2952 1153 3018 salutem
1170 2973 1238 3018 non
1254 2953 1413 3018 sudorem
1427 2951 1510 3016 modo

421 3053 479 3116 sed
495 3053 599 3116 vitam
624 3052 731 3137 ipsam
758 3056 986 3139 profuderunt.
1018 3055 1086 3122 Sed
1115 3058 1230 3122 russis
1258 3058 1394 3140 quidem
1416 3053 1511 3124 multa,

421 3153 564 3238 operarii
575 3166 685 3221 autem
693 3159 811 3240 pauci:
826 3180 928 3242 quare
944 3179 1030 3244 opus
1045 3168 1144 3237 est,ut
1166 3160 1223 3224 alii
1239 3161 1455 3243 quamplures
1469 3177 1511 3219 eo·

421 3262 499 3325 dem
522 3261 589 3325 acti
601 3261 718 3344 spiritu
737 3263 810 3340 Dei,
827 3263 917 3328 nulia
932 3275 1085 3328 verentes
1098 3264 1300 3342 discrimina,
1312 3259 1512 3329 incommoda

421 3373 455 3427 et
471 3363 610 3442 labores,
635 3366 678 3431 ad
695 3385 752 3432 eas
768 3367 921 3449 regiones
947 3377 1099 3451 pergant,
1127 3367 1183 3432 ubi
1215 3366 1414 3451 probrosum
1443 3361 1511 3427 illud
1578 3377 1579 3444 f

422 3469 658 3534 commercium
675 3480 859 3549 exercetur,
875 3469 1007 3536 allaturi
1028 3471 1159 3537 illarum
1191 3472 1308 3537 incolis
1339 3470 1511 3536 doctrinam

174 3601 178 3610 ·
242 3533 399 3654 parebam
422 3569 545 3635 Christi
557 3591 654 3636 verae
664 3573 810 3639 libertati
827 3576 1051 3642 coniunctam
1067 3575 1196 3641 Verum
1222 3575 1309 3639 tanti
1336 3575 1444 3658 operis
1465 3589 1512 3651 ag·
1578 3549 1579 3588 ³

420 3676 546 3756 gressio
567 3676 682 3759 copias
714 3676 843 3760 flagitat
873 3680 943 3742 eius
974 3679 1189 3762 amplitudini
1221 3699 1325 3762 pares.
1343 3679 1421 3742 Non
1435 3693 1511 3740 enirn

419 3781 490 3843 sine
503 3779 630 3862 ingenti
647 3791 782 3864 sumptu
800 3781 945 3865 prospici
962 3791 1074 3865 potest
1091 3783 1378 3848 missionariorum
1395 3779 1512 3845 institu-

418 3883 512 3958 tioni,
528 3882 637 3966 longis
652 3884 834 3960 itineribus,
849 3887 1008 3968 parandis
1025 3887 1175 3967 aedibus,
1187 3886 1323 3970 templis
1337 3883 1513 3950 excitandis

418 3996 451 4050 et
468 3986 679 4067 instruendis,
705 3987 846 4071 aliisque
865 3989 898 4053 id
925 4010 1032 4073 genus
1058 3990 1262 4067 necessariis,
1286 4010 1372 4074 quae
1388 3987 1510 4072 quidem

418 4089 589 4173 impendia
619 4112 678 4174 per
702 4092 831 4175 aliquot
861 4113 968 4158 annos
999 4095 1197 4160 sustinenda
1222 4104 1328 4171 erunt,
1353 4094 1458 4158 donec
1483 4091 1510 4151 in

274 4272 306 4302 a
339 4259 394 4305 stris
418 4195 458 4257 iis
474 4193 555 4256 locis
570 4193 628 4257 ubi
643 4196 858 4261 consederint
872 4197 1037 4280 evangelii
1065 4217 1256 4281 praecones,
1283 4198 1351 4263 suis
1373 4214 1410 4259 se
1431 4210 1510 4257 sum·

240 4271 384 4374 prasi*
355 4332 394 4361 sn.
418 4297 530 4378 ptibus
543 4298 627 4361 tueri
639 4299 778 4380 possint.
795 4299 937 4366 Utinam
956 4301 1110 4366 Nobis
1077 4323 1163 4366 vires
1176 4309 1390 4386 suppeterent
1400 4298 1510 4380 quibus

239 4375 394 4483 Ἠ
419 4418 592 4480 possemus
607 4400 765 4467 hoconus
781 4423 955 4487 suscipere
982 4407 1031 4471 At
1057 4426 1162 4491 quum
1179 4408 1266 4472 votis
1283 4403 1414 4468 Nostris
1432 4398 1509 4464 obsi·
1577 4455 1578 4506 q
