3310 4868
420 387 472 438 DE
490 384 705 438 LIBERTATE
723 387 902 440 HUMANA.
1142 389 1210 458 109

131 570 210 634 iacile
222 572 366 637 homines
390 583 517 656 queant
534 575 623 638 notis
646 573 851 656 quibusdam
868 575 1091 639 exterioribus
1107 595 1211 658 agno·
1265 579 1359 675 Jffiss„

129 695 211 754 scere,
220 677 334 760 quibus
344 698 418 743 eam
434 679 633 743 distinxisse
647 677 763 743 divina
779 679 992 761 providentia
1008 677 1123 757 voluit,
1132 681 1213 762 quia
1278 677 1343 724 ¹88⁸·

127 778 152 841 in
172 799 202 843 re
221 781 301 845 tanti
316 783 477 846 momenti
494 801 647 847 summae
663 801 808 848 errorem
822 782 936 847 ruinae
963 795 1076 868 essent
1095 804 1211 848 conse·
1238 835 1391 894 buranam

125 893 247 950 cuturae
262 885 474 970 Quapropter
487 886 603 951 oblata
626 885 692 964 illa,
708 887 750 950 de
763 907 829 970 qua
853 886 1031 971 loquimur,
1047 888 1212 966 libertate,
1245 897 1379 967 lruflerfds

125 987 193 1052 haec
214 987 336 1054 homini
362 999 513 1074 potestas
539 990 707 1068 tribuitur,
724 989 936 1056 ut'oilicium
961 993 1209 1057 sanctissimum
1238 958 1391 1086 qul‘rlfgssem

126 1089 241 1172 impune
253 1102 419 1174 pervertat
434 1092 487 1156 vel
504 1092 645 1170 deserat,
662 1093 806 1177 ideoque
821 1103 859 1158 ut
875 1115 1011 1159 aversus
1026 1096 1070 1159 ab
1086 1096 1212 1160 incom·
1232 1075 1310 1133 Μ’
1317 1091 1327 1121 ”

125 1193 253 1258 mutabili
262 1196 352 1260 bono
360 1215 433 1260 sese
442 1196 485 1260 ad
497 1195 623 1262 malurn
636 1206 810 1260 convertat
823 1221 830 1262 :
842 1199 944 1281 quod,
953 1199 1040 1263 sicut
1052 1199 1213 1278 diximus,

124 1315 179 1358 non
193 1296 318 1362 libertas
333 1299 394 1362 sed
406 1299 603 1382 depravatio
619 1299 784 1365 libertatis
796 1310 857 1378 est,
868 1310 903 1365 et
913 1301 1034 1366 abiecti
1046 1302 1078 1365 in
1095 1321 1213 1384 pecca·

124 1411 183 1462 tum
197 1402 292 1465 animi
303 1401 455 1467 servitus.

160 1502 276 1569 Eadem
300 1505 447 1582 libertas,
463 1505 490 1570 si
517 1506 747 1570 consideretur
762 1507 796 1570 in
813 1506 1015 1584 civitatibus,
1037 1505 1103 1570 hoc
1133 1525 1214 1568 sane
1240 1545 1267 1581 20
1284 1535 1394 1595 ,pra-m.

122 1606 188 1682 vult,
201 1608 277 1673 nihil
292 1629 367 1676 esse
382 1610 474 1692 quod
488 1609 592 1674 ullum
607 1611 683 1674 Deo
699 1610 827 1676 cultum
844 1612 962 1676 civitas
977 1610 1140 1675 adhibeat
1156 1618 1215 1671 aut
1241 1596 1393 1641 damma·

122 1711 251 1777 adhiberi
265 1713 400 1798 publice
410 1714 490 1778 velit
505 1738 512 1778 :
526 1714 654 1778 nullum
668 1714 824 1780 anteferri
836 1715 941 1794 alteri,
952 1715 1013 1779 sed
1026 1734 1135 1797 aequo
1145 1715 1215 1777 iure
1240 1656 1389 1773 qumvi-

120 1833 219 1880 omnes
233 1818 527 1904 baberioportere,
540 1837 601 1882 nec
611 1819 727 1883 habita
740 1821 870 1884 ratione
893 1819 1020 1904 populi,
1029 1820 1056 1883 si
1069 1818 1215 1902 populus
1241 1779 1321 1827 ‘mm'

120 1919 299 1988 catholicum
316 1922 515 2006 profiteatur
531 1943 662 1988 nomen.
681 1923 778 2008 Quae
796 1936 833 1990 ut
852 1907 942 1990 recta
958 1933 1083 2002 essent,
1098 1942 1214 1986 verum

120 2041 179 2086 esse
192 2035 367 2108 oporteret,
382 2026 487 2092 civilis
504 2026 681 2091 hominum
697 2030 954 2093 communitatis
969 2026 1081 2092 officia
1098 2028 1214 2090 adver-

119 2145 165 2190 sus
178 2127 284 2194 Deum
299 2141 361 2196 aut
376 2131 467 2196 nulla
483 2152 565 2208 esse,
581 2142 641 2196 aut
657 2133 795 2216 impune
811 2134 894 2198 solvi
912 2154 1010 2217 posse
1031 2135 1146 2216 :quod
1163 2141 1214 2196 est

120 2239 278 2314 utrumque
288 2242 406 2315 aperte
416 2231 551 2297 salsum.
563 2232 703 2298 Etenim
714 2233 860 2297 dubitari
874 2255 941 2298 non
955 2244 1068 2318 potest
1077 2233 1157 2317 quin
1170 2233 1215 2296 sit
1239 2235 1392 2340 “3322

120 2331 173 2396 Dei
186 2335 357 2402 voluntate
372 2337 458 2400 inter
475 2337 630 2401 homines
646 2338 826 2402 coniuncta
842 2340 994 2415 societas,
1010 2339 1081 2402 sive
1092 2347 1214 2420 partes,
1241 2359 1390 2414 rarsuaerga

119 2435 174 2500 sive
183 2439 285 2506 lorma
296 2442 371 2506 eius
380 2451 559 2524 spectetur,
571 2460 658 2524 quae
669 2451 721 2505 est
730 2443 994 2519 auctoritas,sive
1004 2462 1133 2519 caussa,
1142 2442 1213 2505 sive
1238 2415 1390 2524 ,²22¹Zb,‘},ffl'

118 2559 225 2622 earum,
233 2567 318 2629 quas
333 2545 462 2610 homini
480 2547 577 2629 parit,
587 2554 786 2628 magnarum
804 2547 988 2611 utilitatum
998 2547 1105 2630 copia.
1119 2546 1213 2610 Deus

119 2649 216 2728 estqui
226 2649 399 2714 hominem
405 2650 449 2714 ad
459 2651 756 2732 congregationem
767 2652 884 2732 genuit
897 2660 1000 2734 atque
1009 2652 1042 2715 in
1053 2661 1151 2715 coetu
1162 2649 1213 2714 sui

117 2751 257 2818 similium
269 2754 449 2819 collocavit
460 2775 469 2833 ;
479 2763 516 2818 ut
526 2755 616 2836 quod
631 2764 751 2818 natura
761 2755 832 2819 eius
845 2755 1059 2833 desideraret,
1069 2775 1130 2820 nec
1143 2757 1214 2839 ipse

117 2860 231 2941 assequi
241 2859 413 2924 solitarius
422 2860 596 2941 potuisset,
608 2859 641 2922 in
653 2861 904 2924 consociatione
913 2858 1214 2943 reperiretQuam-

117 2959 215 3025 obrem
232 2965 347 3028 Deum
364 2961 470 3026 civilis
482 2963 635 3038 societas,
651 2963 730 3044 quia
747 2963 889 3026 societas
906 2973 965 3040 est,
982 2974 1155 3047 parentem
1179 2973 1215 3026 et

116 3076 271 3132 auctorem
288 3085 389 3130 suum
406 3074 568 3148 agnoscat
581 3084 715 3129 necesse
732 3074 792 3143 est,
808 3075 910 3147 atque
920 3067 990 3130 eius
1007 3076 1212 3149 potestatem

117 3168 385 3252 dominatumque
400 3178 553 3234 vereatur
569 3179 604 3232 et
618 3169 716 3234 colat.
732 3169 837 3233 Vetat
853 3171 955 3251 igitur
970 3171 1106 3248 iustitia,
1121 3181 1214 3237 vetat

117 3274 188 3337 ratio
203 3275 342 3340 atheam
358 3291 441 3351 esse,
455 3271 518 3350 vel,
542 3273 632 3354 quod
660 3273 694 3335 in
719 3273 923 3338 atheismum
948 3273 1119 3350 recideret,
1134 3293 1214 3358 erga

117 3379 219 3457 varias,
233 3389 270 3442 ut
287 3378 481 3461 loquuntur,
496 3375 675 3458 religiones
702 3376 773 3458 pari
799 3377 902 3440 modo
925 3375 1082 3440 affectam
1098 3377 1214 3441 civita-

115 3487 182 3556 tem,
210 3483 400 3564 eademque
430 3479 569 3562 singulis
593 3479 666 3543 iura
692 3481 883 3561 promiscue
909 3480 1030 3562 largiri.
1056 3517 1100 3530 -
1126 3481 1213 3546 Cum

116 3583 203 3664 igitur
225 3589 270 3652 sit
295 3587 393 3652 unius
420 3585 590 3667 religionis
615 3585 801 3649 necessaria
827 3586 861 3649 in
886 3586 1022 3649 civitate
1042 3585 1215 3668 professi0,

115 3688 248 3766 profiteri
280 3710 358 3754 eam
384 3698 518 3772 oportet
543 3709 629 3772 quae
655 3689 752 3752 unice
777 3709 856 3753 vera
882 3699 942 3766 est,
967 3709 1119 3771 quaeque
1146 3710 1213 3753 non

116 3790 289 3871 difficulter,
304 3793 498 3877 praesertim
526 3791 559 3856 in
585 3792 776 3856 civitatibus
802 3793 987 3885 catholicis,
1013 3793 1215 3874 agnoscitur,

116 3911 182 3958 cum
198 3897 230 3960 in
246 3917 289 3962 ea
313 3906 489 3979 tamquam
513 3896 693 3978 insignitae
719 3906 819 3961 notae
845 3899 996 3962 veritatis
1021 3908 1214 3982 appareant.
1273 3957 1362 4014 mm

118 3996 225 4082 ltaque
250 4001 349 4080 hanc,
373 4001 429 4082 qui
454 3999 695 4082 rempublicam
732 4009 862 4082 gerunt,
888 4011 1096 4078 conservent,
1126 4000 1214 4062 hanc
1260 4019 1376 4076 presure
1485 4007 1486 4011 ’

118 4111 272 4183 tueantur,
303 4103 331 4167 si
361 4102 479 4167 volunt
505 4103 689 4184 prudenter
714 4113 816 4186 atque
848 4104 981 4182 utiliter,
1012 4113 1049 4168 ut
1080 4103 1215 4179 debent,
1240 4081 1376 4180 expapi-

119 4205 229 4272 civium
260 4205 497 4273 communitati
528 4207 709 4272 consulere.
752 4207 891 4272 Publica
933 4208 1022 4271 enim
1065 4215 1214 4290 potestas
1242 4196 1392 4300 Dsg'm‘jl'ssw

122 4323 246 4393 propter
276 4332 391 4376 eorum
421 4311 479 4395 qui
511 4321 671 4393 reguntur
701 4312 880 4377 utilitatem
910 4313 1094 4376 constituta
1131 4321 1183 4374 est
1209 4335 1215 4374 :
1237 4319 1325 4374 ptam:

122 4424 150 4478 et
177 4435 382 4500 quamquam
414 4416 479 4480 hoc
503 4416 659 4499 proxime
688 4426 828 4498 spectat,
857 4416 1022 4480 deducere
1052 4417 1141 4480 cives
1171 4417 1214 4478 ad
