3230 4874
267 389 320 442 m:
336 389 661 444 CONGREGATIONE
678 391 1097 450 Aucto-Battumcmtn.
1188 401 1236 471 99

128 571 185 654 qui
200 571 353 636 viderent
368 580 542 655 praeterea
557 580 591 637 et
608 581 783 638 censerent
798 593 966 656 quaenam
976 576 1041 641 toti
1054 575 1236 646 Sodalitati
1261 578 1411 672 'jeggj‘ffl

127 687 162 740 et
177 673 380 760 Apostolico
395 675 591 741 missionum
618 678 759 758 muneri,
774 679 827 742 cui
844 698 917 744 sese
931 679 1059 746 alumni
1076 701 1236 768 magnam
1301 681 1368 740 men

128 789 260 862 partem
274 779 415 859 dedunt,
431 790 570 863 possent
584 781 697 864 aptius
712 782 892 866 prodesset
918 783 962 848 ad
987 785 1135 868 ipsorum
1158 807 1238 852 vero

128 881 402 962 consultationes,
415 883 471 948 die
486 885 508 948 6
525 881 601 948 lulii
626 902 718 949 anno
738 887 831 968 1883,
845 887 1100 970 comprobando
1124 892 1237 956 rescri-

128 985 265 1068 psimus.
280 1021 325 1036 -
342 985 415 1051 lam
431 1005 521 1051 nunc
536 996 696 1070 optantes
711 1007 753 1052 eo
768 987 913 1072 amplius
929 989 1110 1070 testificari,
1126 1001 1238 1077 etqua
1263 990 1417 1096 ume

129 1091 203 1154 Nos
220 1089 442 1156 Sodalitatem
459 1091 567 1174 ipsam
584 1089 758 1156 voluntate
777 1092 1044 1175 complectimur,
1060 1105 1094 1160 et
1110 1106 1239 1180 quanto
1264 1064 1343 1180 scola,
1379 1109 1417 1155 ot·

128 1195 243 1260 studio
269 1194 446 1278 dignitatis
469 1194 541 1260 eius
567 1202 732 1274 tenemur,
756 1195 819 1261 rati
844 1216 961 1261 sumus
988 1199 1189 1282 tempestive
1204 1208 1239 1265 et
1264 1167 1417 1274 {xum

126 1299 257 1383 optime
272 1299 409 1378 facturn,
424 1299 452 1362 si
468 1319 527 1382 per
543 1297 616 1364 Nos
642 1297 857 1366 difficultates
881 1302 1049 1384 quaedam
1079 1304 1239 1369 radicitus
1265 1285 1310 1334 ‘²¹⁵¹'

128 1401 348 1468 evellerentur
372 1402 494 1486 quibus
522 1401 579 1467 illa
605 1402 846 1486 constringitur
870 1423 913 1468 ne
937 1403 1039 1487 pleno
1065 1406 1171 1489 gradu
1194 1406 1237 1471 ad

126 1506 340 1590 propositum
355 1525 453 1570 suum
469 1507 662 1571 contendat.
676 1543 721 1556 -
743 1505 896 1590 Quarum
921 1527 1039 1573 caussa
1064 1507 1240 1575 difficulta-

127 1622 202 1678 tum
232 1610 312 1694 quia
338 1609 464 1675 residet
488 1610 522 1674 in
554 1610 662 1676 torma
689 1630 778 1675 nunc
808 1611 943 1703 valente
967 1610 1140 1696 regiminis
1160 1612 1240 1689 eius,

124 1714 215 1777 hanc
230 1714 338 1777 visum
349 1724 400 1779 est
409 1711 566 1796 prudenti
585 1713 830 1797 temperatione
845 1715 961 1780 novari
977 1725 1141 1799 oportere,
1158 1725 1195 1781 ut
1207 1728 1241 1782 et

124 1827 319 1899 temporum
334 1817 514 1881 conveniat
536 1825 686 1895 naturae,
709 1827 744 1882 et
768 1817 904 1902 propria
923 1817 1061 1886 Ordinis
1087 1819 1241 1885 instituta

127 1921 283 1987 retineat.
305 1919 464 1985 Formam
480 1920 570 1984 enim
586 1920 768 2004 regiminis,
782 1941 869 2004 quae
885 1922 919 1986 iu
935 1924 1126 2007 praesentia
1141 1924 1240 2000 valet,

126 2025 208 2090 ideo
234 2023 395 2090 Urbanus
410 2023 502 2088 VllI
531 2022 781 2090 Constitutione
811 2025 974 2090 Plantam
1004 2027 1124 2104 edixit,
1148 2027 1238 2110 quod
1275 2050 1419 2120 omanus

1264 2117 1417 2170 quasapmt·

131 2129 263 2196 nullum
278 2129 312 2193 in
329 2127 458 2212 Anglia
473 2147 534 2211 per
548 2127 606 2192 illa
621 2137 775 2214 tempora
785 2139 857 2195 erat
869 2131 1121 2207 monasterium,
1131 2149 1239 2213 neque
1265 2169 1287 2214 „-
1323 2171 1419 2216 ,an-m

126 2253 190 2318 per
205 2232 412 2298 conditiones
429 2232 474 2297 rei
490 2251 605 2296 sacrae
618 2241 653 2298 et
668 2231 774 2296 civilis
790 2251 863 2297 esse
879 2231 1021 2298 licebat:
1034 2243 1239 2317 quapropter
1268 2229 1416 2334 ‘5555th

126 2337 287 2416 d⁶⁶¹⁸vlt2
302 2345 340 2401 ut
357 2335 571 2419 Congregam
586 2335 775 2418 Anglicana
788 2335 837 2399 sic
849 2334 999 2400 stabilita
1014 2345 1180 2418 regeretur
1196 2336 1239 2400 ab
1265 2347 1390 2417 (espen.

127 2461 196 2505 uno
210 2439 392 2523 Superiora,
408 2449 517 2504 vocata
534 2438 702 2516 Praestiz'e,
721 2439 782 2521 qui
789 2448 883 2502 extra
902 2439 1066 2522 Angliam
1087 2439 1241 2503 resideret
1258 2407 1416 2512 {asanez

123 2543 268 2609 durante
281 2542 460 2620 schismate,
475 2552 506 2606 et
515 2563 537 2606 a
551 2541 676 2606 duabus
685 2541 954 2607 Provincralibus
969 2541 1157 2606 immediate
1178 2543 1238 2607 sub
1263 2521 1399 2628 ff&

124 2647 212 2711 dicto
222 2647 383 2713 Praeside
394 2647 430 2710 in
443 2646 573 2730 Anglia
582 2669 599 2724 ,·
606 2645 745 2729 parique
755 2645 847 2711 neoda
861 2667 884 2711 a
894 2645 1071 2711 Pn'an'bus
1080 2645 1236 2712 Residen-
1260 2641 1412 2714 gregarios

124 2753 255 2818 tearum
265 2773 321 2816 seu
335 2751 558 2820 Conventaum
573 2759 666 2814 aetra
679 2748 843 2833 Angliam
851 2773 869 2827 ,·
879 2759 912 2814 et
918 2749 1033 2814 deinde
1043 2761 1126 2814 certa
1136 2751 1237 2816 etiam
1263 2702 1416 2808 :affimant

124 2877 261 2921 marma
278 2854 510 2938 Definitorum.
534 2853 612 2918 Hoc
632 2852 735 2917 modo
750 2853 935 2918 iurisdictio
950 2852 985 2917 in
1002 2852 1178 2919 missiones
1203 2865 1236 2919 et
1262 2819 1398 2879 ΨΜ

123 2963 160 3026 in
178 2959 362 3025 monachos
377 2958 425 3023 eis
441 2958 575 3023 deditos
591 2959 753 3040 adempta
768 2966 820 3023 est
836 2957 1057 3038 monasteriis,
1074 2978 1093 3023 a
1114 2960 1236 3043 quibus

123 3065 191 3148 ipsi
206 3063 351 3146 excepti,
366 3060 554 3144 quibusque
569 3069 642 3125 tum
662 3059 765 3125 etiam
790 3079 867 3125 curn
896 3059 1088 3126 missionale
1115 3082 1236 3129 munus

123 3175 321 3234 exercerent
337 3174 432 3230 erant
447 3163 602 3242 devincti,
621 3175 724 3248 atque
736 3163 824 3229 binis
835 3165 1099 3231 Prouincialibus
1108 3166 1235 3232 ibidem

122 3269 379 3338 considentibus
395 3277 468 3333 tota
484 3277 535 3334 est
551 3268 748 3333 transmissa
762 3268 873 3351 :quod
890 3287 972 3333 sane
987 3268 1051 3333 luit
1066 3288 1127 3352 pro
1137 3269 1235 3334 rebus

123 3377 275 3458 locisque
289 3373 458 3457 sapienter
473 3369 707 3450 constitutum,
721 3379 823 3454 atque
840 3371 928 3436 adeo
943 3369 1178 3448 necessarium,
1193 3390 1235 3436 ne

125 3479 301 3543 missiones
311 3475 426 3559 inopia
440 3473 695 3558 gubernationis
711 3472 912 3554 laborarent,
928 3493 1036 3558 neque
1064 3475 1175 3538 minus
1198 3484 1237 3540 ut

126 3579 346 3647 missiouariis
361 3578 551 3645 communis
567 3587 656 3643 esset
671 3577 769 3643 sedes
792 3597 831 3642 ac
855 3577 959 3644 veluti
986 3587 1138 3643 centrum
1167 3598 1235 3662 quo

126 3705 165 3748 se
180 3684 213 3748 in
226 3683 326 3750 rebus
341 3680 499 3748 omnibus
515 3689 692 3747 verterent
707 3717 751 3730 —
774 3679 844 3747 Ubi
869 3699 958 3759 vern
984 3680 1154 3745 conversis
1176 3701 1236 3764 per
1261 3683 1411 3787 refutam-

125 3789 291 3872 Angliam
307 3787 525 3871 temporibus,
550 3785 678 3869 aliquot
705 3785 751 3850 ibi
776 3784 941 3850 coenobia
965 3783 1094 3849 restitui
1115 3795 1235 3870 coepta
1262 3757 1412 3871 Ῐιῖνῖῗοῖἶ·

126 3902 208 3959 sunt
223 3893 358 3977 suisque
371 3891 570 3978 praepositis
586 3891 667 3974 regi,
693 3889 764 3955 lieri
789 3898 878 3955 certe
903 3887 1061 3967 debebat,
1085 3888 1119 3953 id
1144 3892 1235 3972 quod
1261 3862 1414 3968 {zaram

128 3999 221 4065 brevi
245 4006 296 4064 cst
321 3995 458 4075 iactum,
481 4004 528 4070 ut,
554 4015 593 4060 ea
626 4004 784 4061 manente
806 3993 994 4078 disciplina,
1020 3993 1236 4061 incommoda
1262 3979 1352 4039 ‘mx
1369 3981 1414 4026 ‘²³’

1263 4044 1370 4086 mentum

129 4121 198 4167 non
214 4121 322 4186 pauca
338 4119 446 4182 neque
462 4098 548 4164 levia
563 4106 782 4176 occurrerent,
797 4097 901 4162 totius
917 4097 1073 4163 videlieet
1089 4097 1236 4182 Congre·
1261 4097 1414 4205 mla&

130 4205 276 4291 gationis
292 4207 406 4284 rectio,
420 4204 591 4289 duplicata
617 4203 713 4287 quasi
740 4209 918 4286 potestate,
941 4200 1093 4266 funditus
1119 4203 1235 4269 misce·
1262 4218 1360 4265 stoma
1429 4275 1436 4292 Ι

131 4321 229 4378 retur.
247 4309 351 4376 Hisce
368 4309 518 4374 maxime
534 4304 742 4390 temporibus
759 4324 811 4369 res
827 4324 868 4370 eo
883 4306 985 4384 venit,
1009 4314 1048 4370 ut
1064 4304 1136 4389 ipsa
1151 4307 1235 4390 peri-

132 4415 264 4479 clitetur
295 4411 493 4480 Sodalitatis
523 4410 722 4476 concordia:
750 4416 829 4474 sunt
859 4410 949 4476 enim
987 4409 1045 4492 qui
1082 4407 1165 4473 haec
1201 4411 1235 4476 in
