3250 4876
373 399 447 470 314
728 399 847 452 mnsx
876 395 1123 450 nnanrrrcus.

443 609 588 678 exemplar
601 607 731 663 Christus
741 607 778 662 sit
792 607 908 674 ι7.-Α
929 605 1044 674 uculo,
1058 605 1126 676 lpso
1139 614 1267 674 vocante,
1276 619 1408 676 segrega·
1474 575 1484 593 ⁸

443 686 474 754 ti,
489 686 611 742 ministri
626 687 731 744 Christi
745 688 802 744 uita
820 689 910 761 ipsius
922 687 1019 742 vivant
1031 701 1089 740 non
1107 684 1252 756 jamsua.
1245 702 1252 715 ·
1267 683 1407 754 Humiles,

435 766 540 834 -sobrii,
549 765 679 835 benefici,
691 767 859 822 obedientes
868 781 991 838 propnts
1003 763 1174 836 pastoribus,
1187 761 1349 834 pastorique
1361 779 1406 816 su·

444 843 1196 989 tumtjhzimilssnittttnlt.initi
1206 842 1408 982 2¹¹¹}th

444 1006 474 1051 ut
487 1007 550 1052 orto
563 996 705 1067 conflictu,
719 999 783 1054 Deo
801 995 893 1068 magis
912 1015 998 1070 quam
1011 993 1173 1050 hominibus
1186 1002 1305 1066 pareant
1317 992 1359 1048 28.
1373 1021 1410 1032 —

443 1075 535 1132 Valde
549 1077 675 1132 curanda
695 1075 783 1133 totius
805 1088 988 1133 rusrrrurro
1011 1085 1206 1140 Juvsrt'rurrs
1227 1085 1325 1141 ao-
1290 1073 1409 1141 -Qno

442 1155 533 1224 magis
549 1155 681 1212 Ecclesia
689 1156 727 1211 de
738 1157 793 1213 huc
812 1159 913 1214 merita
924 1167 1022 1226 est,eo
1039 1154 1144 1226 justius
1155 1153 1191 1208 de
1209 1152 1343 1208 frustrato
1352 1167 1406 1206 sun

441 1249 528 1305 opere
540 1235 704 1305 ingemiscit
713 1250 757 1305 ²9·
768 1265 803 1276 -
813 1236 920 1292 Munus
930 1234 1095 1306 religionem
1111 1229 1234 1288 docendi
1258 1227 1405 1298 Ecclesia,

435 1310 553 1384 ipsique
566 1313 619 1369 soli
632 1313 743 1370 coelitus
756 1315 941 1371 commissum
952 1329 1031 1383 au·-
1040 1315 1185 1368 Bonorum
1202 1321 1246 1366 ert
1258 1308 1406 1379 invigilare

440 1408 477 1446 ne
496 1394 611 1464 scholae,
633 1410 752 1450 excussa
785 1394 925 1452 Ecclesiae
947 1393 1065 1463 ditione,
1084 1402 1112 1448 et
1136 1391 1267 1447 doctrina
1284 1389 1356 1444 falsa
1376 1397 1406 1444 et

441 1471 568 1526 moribus
584 1471 680 1544 pravis
701 1485 921 1544 corrumpantur
939 1487 1029 1542 ²⁷30·
1042 1499 1077 1512 -
1090 1471 1164 1526 Sues
1182 1485 1295 1542 quoque
1313 1475 1409 1538 panes

386 1579 393 1588 ·
441 1565 526 1618 agere
538 1551 677 1608 docentur
689 1563 784 1622 patres
797 1552 921 1608 familias
935 1567 1026 1622 3ιι-
990 1550 1193 1606 -Rationem
1206 1549 1242 1604 de
1255 1547 1408 1604 liberorum

442 1625 619 1685 institutione
631 1631 686 1686 sibi
701 1631 877 1688 reddendam
889 1633 982 1688 sciant
996 1645 1092 1699 sm·-
1057 1629 1151 1686 -Ad
1163 1629 1278 1685 scholas
1290 1633 1410 1682 neutras

442 1707 583 1778 vitandas,
603 1710 760 1768 catholicas
794 1713 916 1785 propriis
941 1711 1102 1782 sumptibus
1124 1718 1283 1766 sustentare
1307 1721 1407 1780 procu-

442 1797 504 1842 rent
518 1801 605 1858 ³⁰·-
570 1789 769 1846 —Maxime
762 1801 881 1848 interest
893 1790 1056 1864 reipublicae
1074 1791 1151 1844 bona
1160 1785 1315 1860 juventutis
1327 1784 1407 1840 insti·

441 1865 512 1921 tutio
525 1882 567 1937 3cx
580 1897 616 1908 —
628 1872 731 1941 Spreta
743 1888 868 1944 namque
880 1871 978 1928 divina
997 1867 1175 1936 auctoritate,
1193 1884 1260 1922 mox
1279 1877 1307 1922 et
1329 1881 1407 1936 quae·

440 1944 483 2000 vis
493 1946 619 2003 humana
628 1961 777 2020 spernatur
794 1961 915 2042 oportet,
927 1950 1003 2007 unde
1016 1949 1138 2005 societas
1151 1946 1304 2017 dissipetur
1317 1959 1358 2014 31
1370 1971 1406 1984 -

441 2023 526 2079 Proin
534 2025 626 2082 ctvrhs
634 2038 771 2099 potestas
780 2047 804 2085 st
795 2031 941 2102 prudens
953 2029 997 2096 sit,
1007 2025 1184 2084 Ecclesiam
1174 2025 1279 2097 jurium
1288 2039 1403 2080 suorum

440 2103 572 2160 tutricem
589 2107 738 2163 adhibebit
751 2102 1405 2180 31.-Greges'rnsnperanassomsusde-

439 2180 574 2240 tendendi
587 2196 653 2243 sunt
664 2200 752 2255 31.-
764 2188 965 2244 Tenebricosae
976 2195 1062 2243 secta
1080 2185 1153 2240 ratio
1174 2194 1202 2240 et
1215 2181 1335 2239 consilia
1358 2196 1404 2236 ex·

441 2274 585 2331 ponuntur
601 2279 691 2334 31.—
705 2264 764 2321 Sed
780 2277 809 2322 et
823 2274 959 2322 caveatur
969 2282 988 2320 a
1001 2264 1090 2319 nimio
1102 2279 1168 2320 cum
1189 2279 1247 2316 nnn
1257 2259 1405 2317 catholicis

440 2342 613 2400 commercio
626 2359 668 2413 32.
680 2373 715 2384 -
728 2345 885 2400 Obstacula
896 2345 962 2400 heic
971 2343 1077 2416 opponi
1090 2342 1167 2398 dolet
1180 2341 1312 2397 Pontifex
1325 2353 1406 2407 32.—

441 2421 488 2478 Ad
504 2422 661 2478 sollertiam
675 2434 704 2479 et
723 2421 852 2494 vigorem
869 2423 972 2482 excitat
992 2422 1148 2478 catholicos
1171 2436 1214 2491 32.
1231 2449 1268 2460 -
1283 2421 1404 2474 Fructus

441 2499 525 2572 hujus
549 2501 682 2558 sollertiae
697 2501 804 2558 indicat
816 2517 859 2570 3²·
879 2531 908 2544 -
922 2503 1060 2559 Rationes
1074 2503 1111 2558 ob
1135 2518 1206 2573 quas
1230 2499 1260 2556 in
1281 2499 1404 2555 Bavaria

438 2579 558 2636 multum
572 2581 715 2651 pervaleat
727 2592 874 2637 enumerat
887 2595 929 2651 33.
941 2611 976 2622 -
989 2581 1086 2652 Quare
1098 2579 1205 2636 instent
1217 2577 1360 2646 catholici,
1373 2585 1403 2631 ut

439 2657 523 2714 bonis
536 2659 654 2730 legibus,
674 2661 813 2716 Ecclesiae
825 2661 910 2718 statui
924 2662 1075 2716 consulant
1098 2675 1142 2730 33.
1154 2689 1190 2700 ·-
1203 2659 1315 2729 Quibus
1326 2655 1404 2712 enim

440 2737 541 2792 mediis
554 2739 652 2794 hostes
676 2741 821 2811 religionis
845 2757 910 2797 eam
935 2751 1110 2812 oppugnant,
1123 2739 1225 2796 iisdem
1245 2736 1312 2794 boni
1338 2753 1403 2793 eam

439 2815 583 2874 vindicent
596 2819 791 2892 aequissimum
801 2831 844 2878 est
857 2836 899 2890 33.
912 2851 947 2862 -
960 2820 1104 2892 Imprimis
1127 2818 1266 2875 Ecclesia:
1288 2816 1405 2872 libertas

439 2895 619 2967 vindicanda,
635 2900 738 2956 Christi
761 2899 900 2972 sanguine
923 2911 1004 2972 parta
1018 2914 1060 2970 33.
1073 2929 1108 2940 -
1121 2897 1323 2955 sublimiorem
1344 2913 1406 2952 sco·

439 2989 507 3044 pum
520 2993 603 3032 suum
613 2979 752 3049 Ecclesia,
765 2981 889 3036 societas
907 2979 1042 3050 perlecta,
1052 2997 1069 3036 a
1081 2978 1156 3035 civili
1169 2977 1303 3046 discreta,
1315 2975 1405 3032 libere

439 3051 560 3124 attingat
580 3065 691 3126 oportet
704 3072 746 3125 34.
760 3088 795 3097 —
807 3058 954 3129 Praecipua
973 3057 1012 3114 ad
1029 3057 1084 3112 hoc
1097 3055 1193 3112 media
1214 3055 1269 3127 ipsi
1290 3054 1406 3126 propria

441 3144 624 3190 recensentur
637 3149 679 3204 34.
695 3167 730 3176 -
750 3137 830 3192 Sicut
851 3137 921 3192 fides
934 3147 962 3192 et
981 3136 1063 3207 ratio,
1075 3136 1116 3193 ita
1129 3134 1261 3192 Ecclesia
1273 3145 1301 3190 et
1315 3133 1406 3190 civilis

443 3221 571 3280 potestas
592 3230 650 3268 uno
663 3216 727 3272 Deo
739 3225 856 3272 auctore
875 3214 1041 3271 harmonice
1052 3213 1218 3286 conspirant
1231 3229 1277 3284 34.
1290 3241 1324 3254 —
1335 3215 1406 3286 Spe·

443 3288 529 3346 ciales
551 3303 652 3362 pactos
677 3311 742 3350 curn
763 3295 884 3352 Bavaria
909 3304 1065 3352 conventus
1090 3303 1297 3351 commemorat
1310 3294 1407 3350 Ponti-

440 3368 486 3424 icx
499 3383 541 3441 35.
554 3400 590 3411 -
604 3371 724 3444 Quibus,
736 3391 801 3428 curn
821 3375 953 3430 Ecclesia
974 3391 1129 3447 numquam
1154 3373 1253 3442 defuit,
1265 3389 1302 3429 ne
1315 3372 1406 3429 civilis

442 3457 570 3516 potestas
582 3451 656 3508 desit
670 3453 828 3524 optandum
841 3467 928 3523 35.-
942 3453 1105 3525 Principem
1119 3453 1249 3508 Bavariae
1261 3463 1409 3543 regentem

442 3538 524 3585 caute
537 3531 673 3587 admonet
686 3543 716 3588 ut
729 3533 907 3608 querelarum
921 3549 1045 3602 causam,
1059 3549 1177 3591 avorum
1197 3549 1316 3602 memor,
1328 3532 1409 3588 ocius

442 3607 530 3676 tollat,
543 3611 756 3682 catholicosque
769 3612 807 3668 ad
819 3613 874 3667 hoc
886 3624 1001 3668 strenue
1022 3613 1234 3684 impetrandum
1247 3611 1351 3668 excitat
1363 3625 1407 3682 35.
1488 3621 1490 3626 ’

439 3716 475 3726 -
487 3687 642 3758 Implorata
650 3690 760 3746 coelesti
770 3708 835 3762 ope,
845 3691 975 3750 Bavariae
985 3693 1189 3764 apostolicam'
1182 3691 1307 3764 impertit
1320 3692 1406 3748 bene

441 3765 596 3824 dictionem
609 3771 651 3838 36.

407 3865 438 3917 9.
458 3868 664 3921 LITTERAE
678 3871 954 3924 APOSTOLICAE
966 3873 1007 3922 dc
1019 3875 1237 3937 eleemosynis
1248 3884 1308 3936 pro
1328 3873 1409 3922 lools

371 3949 496 3999 sanctis
512 3950 713 4014 colligendis.
733 3976 769 3986 —
781 3953 823 4004 26
845 3953 1028 4005 decembris
1041 3953 1180 4005 1887..

476 4031 605 4088 Pontifex
618 4051 699 4090 suam
710 4051 779 4105 erga
791 4048 976 4092 monumenta
988 4036 1087 4092 salutis
1100 4038 1282 4094 Hierusalem
1294 4046 1409 4094 exstan-

440 4106 480 4164 tia
492 4110 646 4180 specialem
667 4130 766 4170 curam
784 4123 904 4170 testatur
918 4129 1011 4184 32.-
975 4117 1140 4173 -Recolit
1153 4133 1220 4189 quae
1241 4117 1409 4173 decessores

438 4187 481 4242 sui
495 4187 523 4242 in
536 4188 590 4246 hoc
614 4190 714 4248 ordine
733 4192 883 4262 gesserint,
896 4193 1035 4265 imprimis
1059 4197 1191 4252 Fratrum
1212 4197 1358 4252 Minorum
1371 4194 1407 4248 Ο.

439 4266 467 4321 S.
481 4269 527 4321 Fr.
540 4270 700 4326 custodiam
708 4271 746 4327 ab
758 4272 1067 4341 ipsiscommendatam
1077 4289 1156 4344 37.—
1122 4275 1289 4332 -Litteras
1310 4274 1403 4330 PiiVl

438 4361 643 4405 commemorat
668 4351 756 4418 38.—
719 4353 899 4407 —lnstunte
921 4353 1056 4408 Generali
1071 4354 1140 4410 Ord.
1155 4355 1246 4410 Fratr.
1262 4355 1343 4421 Min,
1356 4371 1404 4408 ex-

437 4421 537 4490 positis
548 4425 583 4478 dc
596 4429 697 4496 causis,
708 4429 805 4484 statuit
816 4430 968 4501 quotannis
982 4431 1010 4486 in
1021 4432 1154 4489 omnibus
1166 4433 1238 4489 locis
1251 4433 1403 4489 collectam
