3140 4866
786 440 1105 612 sors-roua

400 662 1476 837 ετξ-ε

399 836 1479 1011 1³2—-2

421 1028 1446 1049 .................................................................................
1455 1013 1468 1051 g

399 1094 402 1101 .
705 1094 706 1099 ,

238 1187 332 1284 JUL'H
583 1183 879 1252 OGNOVIMUS
895 1205 940 1250 ex
952 1185 1241 1267 litteristuis,die4
1258 1187 1361 1254 lunio
1380 1213 1487 1259 mense

256 1285 321 1342 1891
344 1179 574 1560 {Z}
604 1289 702 1370 datis,
714 1289 800 1354 velle
815 1299 850 1354 te
865 1291 1141 1356 consuetudmem
1152 1300 1309 1372 veterem
1321 1299 1484 1362 communi

207 1394 363 1558 {asssstisg
603 1394 804 1478 populorum
821 1393 939 1476 pietati
968 1393 1066 1458 valde
1087 1413 1208 1472 caram,
1238 1393 1272 1459 in
1305 1399 1484 1484 primisque

221 1513 358 1560 ammo
604 1497 852 1562 Trevrreusrum
865 1505 999 1562 tuorum
1010 1497 1176 1564 desudeno
1187 1499 1482 1588 cxpmrtamlongo

210 1528 344 1750 Ξίἷῖἷῗιξ
329 1573 363 1618 d
389 1607 565 1675 intervallo
581 1625 751 1670 revocare:
768 1603 924 1668 nimirum
955 1603 1113 1668 Tunicam
1137 1603 1361 1672 inconsutilem
1388 1611 1431 1676 D.
1447 1611 1482 1674 N.

211 1705 274 1796 iffi.
298 1691 362 1796 {m
340 1706 476 1784 1asu
493 1715 662 1790 CHRISTI,
678 1731 745 1796 qua
760 1711 925 1795 templum
935 1710 1133 1779 Trevirense
1147 1714 1300 1798 princeps
1316 1725 1481 1802 tamquam

211 1810 401 1974 ΞῘΞῗῶμ
387 1827 545 1892 thesauro
561 1823 660 1905 longe
677 1823 831 1886 maximo
845 1821 1016 1904 gloriatur,
1031 1841 1123 1888 more
1139 1821 1301 1889 maiorum
1333 1827 1376 1888 ad
1393 1845 1480 1890 vene

211 1929 289 1974 ’ΝΜ
386 1934 529 1998 randum
540 1949 734 2016 proponere.
752 1930 936 1997 Catholicis
950 1945 1063 1996 autem
1079 1951 1125 1996 ex
1140 1930 1370 1998 Germania'
1336 1933 1416 1997 vrris
1418 1935 1479 2018 ,qui

387 2061 477 2108 anno
496 2042 579 2121 1887
596 2041 681 2104 istuc
697 2039 739 2102 ad
756 2039 871 2104 sedem
887 2039 1023 2103 honoris
1047 2039 1096 2104 tui
1123 2041 1304 2106 incoctum
1327 2060 1479 2106 convene

385 2161 470 2230 rant,
485 2151 574 2215 idem
592 2150 625 2212 in
641 2149 729 2214 votis
744 2146 913 2231 significas
929 2147 1037 2214 luisse.
1052 2147 1098 2212 Et
1112 2159 1201 2213 recte
1215 2149 1353 2232 quidem
1370 2175 1377 2214 :
1391 2170 1478 2234 prop

384 2271 476 2326 terea
495 2259 586 2342 quod
604 2257 727 2321 amotis
742 2255 1004 2335 difficultatibus,
1018 2275 1106 2340 quae
1128 2256 1174 2320 rei
1189 2255 1377 2321 catholicae
1398 2257 1476 2340 apud

384 2387 445 2434 vos
460 2365 574 2432 multis
602 2363 714 2429 modis
738 2364 968 2446 impediebant
997 2383 1139 2442 cursum,
1170 2365 1235 2428 iam
1262 2366 1304 2429 ad
1332 2364 1475 2430 alendam

386 2476 643 2558 augendamque
659 2469 760 2536 fidem
777 2479 911 2555 oportet
926 2471 1098 2536 restitutae
1113 2472 1368 2556 tranquillitatis
1387 2473 1476 2537 bene

241 2593 303 2651 Dia
302 2593 358 2637 tta-t
384 2584 459 2648 ficia
474 2591 676 2647 convertere.
691 2613 735 2624 —
751 2579 803 2644 Tu
819 2601 899 2644 vero
914 2582 1019 2665 probe
1034 2579 1136 2660 vides,
1160 2581 1290 2646 delatos
1316 2598 1476 2646 sacrosan-

205 2715 359 2828 pram
231 2653 359 2769 Mnsssss
382 2693 445 2757 ctis
461 2691 534 2755 istis
548 2689 696 2774 reliquiis
708 2688 849 2752 solemni
866 2689 931 2754 ritu
946 2691 1090 2754 honores
1102 2690 1145 2754 ad
1167 2689 1232 2754 Dei
1244 2687 1477 2772 omnipotentis

208 2656 254 2696 im

208 2889 269 2933 Μ
383 2905 785 2990 tionemqueanimarum
795 2926 999 2988 magnopere
1014 2907 1187 2989 pertinere.
1204 2907 1360 2972 Pulcrum
1379 2917 1428 2971 est
1444 2923 1476 2968 ac

383 3013 515 3079 salubre
530 3014 582 3078 his
604 3015 804 3078 nominatim
821 3024 891 3080 tam
908 3014 1024 3078 alienis
1040 3034 1060 3078 a
1076 3012 1142 3078 lide
1156 3014 1338 3078 christiana
1356 3023 1475 3097 tempo·

383 3122 474 3187 ribus
489 3142 598 3188 rerum
616 3123 903 3188 sanctissimarum
914 3123 1048 3206 publice
1061 3123 1202 3188 excitari
1218 3123 1477 3188 recordationem

383 3243 417 3298 et
433 3233 683 3298 multitudinem
701 3233 833 3298 invitari
849 3235 892 3298 ad
908 3233 1071 3298 altissima
1081 3234 1198 3299 salutis
1210 3233 1383 3298 humanae
1396 3249 1477 3295 recu

382 3342 483 3408 lenda
498 3343 667 3426 mysteria.
679 3379 721 3392 -
739 3342 859 3426 Itaque
873 3342 1049 3408 consilium
1065 3343 1155 3408 istud
1171 3351 1267 3406 tuum
1284 3359 1353 3406 oon
1381 3340 1477 3404 minus

381 3452 426 3515 ab
455 3451 708 3536 opportunitate
739 3451 935 3529 iudicamus,
964 3470 1066 3534 quam
1096 3471 1117 3516 a
1143 3452 1269 3534 pietate
1292 3445 1478 3514 laudabile:

206 3552 306 3670 yffi
299 3567 310 3598 ³
289 3553 354 3607 ΗΧ
349 3559 510 3644 ·tibique
524 3569 679 3624 auctores
695 3580 810 3624 sumus
827 3567 864 3624 ut
886 3560 929 3624 ad
954 3579 1034 3638 rem,
1049 3559 1195 3643 propitio
1212 3557 1299 3636 Deo,
1315 3557 1478 3636 Nobisque

202 3679 252 3776 Νὲἒ
248 3685 319 3722 mes·
381 3667 633 3752 perlibentibus,
643 3669 850 3752 aggrediare.
864 3669 936 3732 Nos
960 3689 1040 3734 vero
1055 3668 1097 3732 ad
1114 3688 1154 3732 ea
1169 3667 1351 3742 intuentes,
1366 3679 1476 3748 quaes

206 3789 290 3834 tiasS
307 3790 355 3834 lu·
382 3779 498 3842 Leone
513 3777 547 3842 X
562 3780 738 3843 decessore
754 3777 880 3842 Nostro
896 3797 954 3861 per
969 3776 1097 3842 litteras
1106 3775 1325 3861 Apostolicas
1335 3773 1479 3837 Salvator

207 3861 356 3952 2:2an
380 3886 510 3964 Noster,
534 3905 624 3949 anno
655 3899 748 3967 1514
778 3885 971 3969 7calendas
999 3885 1178 3962 Februarii,
1194 3883 1347 3948 simillia
1371 3897 1476 3946 caussa

205 3967 315 4012 ‘'m‘'
381 3994 564 4058 constituta
576 4001 751 4076 sunt3quo
762 3994 870 4076 pietas
882 3993 1017 4078 publica
1028 3994 1183 4077 magisne
1195 3991 1304 4076 magis
1323 3989 1475 4056 incitetur,

381 4101 573 4184 fructusque
593 4099 678 4166 ferat
700 4102 879 4179 uberiores,
894 4101 1101 4166 decrevimus
1127 4102 1255 4166 ciuibus
1282 4096 1473 4174 advenisque

382 4207 543 4270 universis
558 4206 761 4289 pontificalis
777 4207 1059 4290 indulgentiaead
1073 4209 1164 4274 labes
1173 4209 1278 4276 animi
1288 4201 1469 4290 expiandas.

382 4311 543 4378 beneficia
559 4315 719 4378 tribuere:
746 4315 848 4399 idque
879 4337 923 4380 ex
950 4316 1068 4382 litteris
1083 4317 1294 4382 commodius
1309 4315 1470 4395 intelliges,

383 4437 465 4498 quas
482 4419 576 4481 eade
593 4440 629 4483 re
644 4420 801 4485 iussimus
816 4424 978 4506 expediri.
993 4461 1037 4473 -
1052 4423 1185 4490 Interea
1199 4426 1390 4491 caelestium
1405 4437 1466 4484 mu-

209 2833 247 2874 Ν,
302 2831 358 2876 ,a
340 2771 534 2884 gloriam,
545 2817 679 2882 unaque
695 2798 761 2862 ad
752 2807 994 2862 recrementum
1007 2799 1177 2881 populans
1187 2799 1360 2882 relrgronrs
1372 2815 1477 2883 expo
1550 2851 1551 2870 ,
