3230 4874
502 537 868 622 ALLOCUTIO

439 724 927 788 mSREfflfflmm

1154 1325 1239 1389 crito
1324 1352 1354 1400 ²5

339 1425 489 1490 vindicat
513 1425 631 1490 inclita
657 1425 813 1490 catholici
845 1426 991 1491 nominis
1022 1427 1125 1504 natio,
1151 1447 1238 1510 quae
1291 1399 1386 1510 w!

289 1550 300 1589 ⁴.
339 1527 492 1594 Montem
511 1527 680 1594 Libanum
695 1538 797 1608 tenet,
807 1529 957 1613 profanis
969 1531 1095 1596 clarum
1110 1529 1238 1610 litteris,
1269 1555 1271 1559 ·
1302 1559 1416 1620 Pontifex

177 1646 194 1665 n
252 1646 270 1667 ν
296 1646 303 1679 ι
340 1631 530 1716 divinisque
554 1653 656 1716 saepe
680 1633 885 1699 celebratum
912 1635 1138 1713 carminibus;
1166 1635 1239 1718 ipsa
1263 1621 1416 1738 mm

126 1737 191 1802 loci
207 1736 421 1814 amoenitate,
436 1743 469 1800 et
485 1735 569 1800 caeli
584 1736 714 1820 solique
725 1735 904 1803 clementia
920 1738 1098 1822 insignem.
1115 1738 1238 1821 Regio·
1264 1739 1385 1844 mm

126 1843 180 1907 nis
198 1843 300 1908 decus
317 1851 443 1924 augent
458 1842 577 1907 illustri
594 1845 731 1907 nornine
751 1843 914 1922 civitates,
930 1845 1055 1910 montis
1071 1843 1238 1910 radicibus
1264 1864 1332 1905 rem.

125 1947 326 2023 adiacentes,
352 1945 486 2028 pietatis
513 1966 553 2010 ac
579 1945 750 2028 religionis
773 1957 995 2013 monumenta
1017 1958 1051 2011 et
1067 1947 1238 2012 domicilia

125 2051 250 2136 passim
268 2073 393 2136 magno
408 2071 549 2117 numero
564 2061 730 2132 extructa,
744 2053 930 2118 incolarum
947 2053 1134 2136 frequentia
1156 2053 1238 2116 alte·

124 2157 238 2239 quein
257 2159 297 2232 iis
318 2157 438 2222 insitus
459 2155 523 2220 loci
547 2147 651 2234 amor,
675 2157 709 2220 in
732 2177 800 2240 quo
815 2156 942 2222 scilicet
957 2177 1073 2221 eorum
1096 2159 1238 2220 maiores

123 2259 308 2324 catholicae
327 2259 481 2344 religioni
508 2279 662 2324 securum
685 2268 867 2343 tutumque
889 2260 1080 2343 perfugium
1103 2259 1238 2323 calami·

123 2364 207 2428 tosis
231 2363 438 2448 temporibus
464 2364 672 2430 invenerunt.
688 2401 732 2413 -
753 2363 923 2429 Libanum
951 2364 1019 2428 late
1047 2363 1238 2429 Maronitae

124 2473 272 2539 insident
287 2473 495 2540 mollioribus
511 2473 575 2537 iusi
602 2474 710 2556 iugis3
726 2473 793 2539 illic
817 2472 1049 2557 patriarchalis
1066 2470 1238 2556 regiminis

123 2577 238 2642 sedem
264 2577 413 2656 habent;
439 2597 523 2660 gens
548 2577 645 2641 sactis
669 2577 760 2642 clara
784 2598 871 2663 quae
895 2577 976 2642 olim
1006 2576 1039 2642 S.
1063 2577 1238 2644 Ludovico

123 2679 254 2745 Galliae
281 2682 368 2765 Regi
396 2681 429 2744 in
455 2681 641 2748 Saracenos
666 2681 822 2746 inserenti
847 2681 953 2764 signa,
975 2680 1120 2764 sumptis
1136 2680 1237 2745 armis

121 2795 292 2849 strenuam
329 2804 467 2868 operam
498 2783 670 2865 contulit3
703 2794 739 2849 at
769 2787 962 2851 constantia
992 2785 1137 2851 nobilior
1170 2805 1238 2870 qua

119 2888 321 2953 catholicam
350 2887 452 2954 fidem
477 2889 564 2954 inter
588 2889 684 2973 plura
708 2889 903 2955 discrimina
928 2889 1127 2976 laboresque
1153 2891 1236 2954 inte·

120 3011 215 3074 gram
232 3001 334 3076 atque
350 2992 514 3058 illibatam
532 2995 686 3058 servavit.

166 3095 206 3159 In
233 3097 296 3160 hac
323 3107 424 3178 gente
450 3097 593 3180 contigit
608 3097 720 3181 Aprili
748 3117 863 3164 mense
886 3097 1043 3182 proxime
1059 3097 1175 3180 elapso
1190 3106 1236 3185 ut
1313 3125 1414 3171 Narrat

120 3199 355 3264 Patriarchalis
382 3200 599 3264 Antiochena
629 3201 726 3264 sedes
751 3202 797 3265 ob
821 3201 994 3266 interitum
1022 3199 1235 3264 Venerabilis
1260 3184 1402 3290 ἴξξξωᾜ

123 3303 249 3368 Fratris
266 3304 360 3369 Pauli
374 3305 461 3368 Petri
476 3304 623 3381 Massad,
633 3305 777 3389 pastoris
789 3307 840 3369 sui
852 3305 1021 3389 praesidio
1033 3304 1234 3370 viduaretur.
1260 3302 1400 3408 fimfta-

122 3443 166 3457 -
184 3409 284 3472 Iustis
301 3409 513 3474 Patriarchae
524 3407 678 3473 extincto
689 3408 864 3486 exsolutis,
885 3409 1130 3472 Maronitarum
1153 3407 1233 3490 Epi·
1260 3435 1317 3490 rufa
1364 3423 1411 3468 Pa·

122 3511 214 3594 scopi
225 3512 492 3578 die28eiusdem
503 3511 837 3590 mensis‚successoris
846 3513 916 3577 eius
926 3512 1097 3594 deligendi
1107 3531 1234 3587 caussa,
1259 3481 1381 3528 ‘mm‘

120 3633 335 3679 communem
352 3624 554 3681 conventum
571 3616 726 3683 habuere.
743 3616 783 3681 in
800 3637 842 3682 eo
868 3615 1138 3682 concordissimis
1162 3617 1232 3680 ani-

121 3717 186 3784 mis
212 3719 379 3803 plenoque
405 3740 579 3799 consensu,
603 3719 841 3786 Venerabilem
867 3722 1018 3785 Fratrem
1044 3720 1231 3784 Iohannem

123 3822 539 3908 HaggArchiepiscopum
554 3823 845 3907 Heliopolitanum
860 3824 1115 3901 Maronitarum,
1125 3822 1231 3887 virum

119 3926 318 4010 prudentiae
334 3927 433 3992 laude
443 3937 642 4011 spectatum,
653 3928 710 4011 qui
723 3928 756 3992 in
770 3927 926 3992 curandis
946 3926 1117 3991 Ecclesiae
1134 3925 1232 3992 rebus

119 4029 271 4095 sedulam
288 4049 425 4113 operam
441 4032 595 4096 extincto
611 4029 823 4096 Patriarchae
839 4039 1029 4107 nataverat,
1045 4030 1231 4096 Antioche·

118 4154 200 4202 num
229 4135 473 4200 Maronitarum
505 4135 731 4200 Patriarcham
758 4137 1005 4202 renunciarunt.
1028 4135 1170 4212 Deinde.
1193 4143 1231 4201 ut

118 4259 180 4323 par
209 4250 290 4320 erat,
319 4240 556 4326 suffragatores
587 4241 749 4324 Episcopi
779 4250 813 4306 et
851 4241 1044 4308 Patriarcha
1074 4243 1119 4306 ab
1149 4240 1230 4324 ipsis

117 4345 254 4424 electus,
280 4365 358 4409 suas
379 4345 421 4409 ad
449 4345 537 4410 hanc
551 4343 785 4428 Apostolicarn
812 4344 936 4412 Sedem
961 4345 1086 4410 dedere
1100 4344 1229 4412 litteras

117 4447 166 4516 rei
181 4459 297 4532 gestae
312 4450 461 4528 nuncias,
476 4471 496 4513 a
509 4449 621 4518 Nobis
637 4447 837 4532 flagitantes,
853 4460 890 4515 ut
905 4448 1103 4516 electionem
1120 4449 1228 4534 ipsam
