3250 4876
338 395 411 464 290
441 393 589 456 cressa.
617 392 744 446 APOST.
776 382 795 410 ‘⁴
815 394 857 444 ru
885 393 1021 446 uacua
1044 393 1092 444 rer
1113 393 1334 445 uucwcrcr
1353 427 1375 458 „

189 590 226 659 ος
259 603 310 636 sue-
336 585 463 638 careret
493 572 661 656 praesidio
686 583 723 638 et
747 582 958 650 ornamento,
987 571 1209 656 Apostolicae
1233 571 1448 638 auctoritatis

160 649 309 756 &⁸⁸22ss
336 677 531 756 munimine,
549 678 640 760 quod
668 677 902 760 expetebatur,
917 695 992 742 eam
1018 676 1216 742 iamdudum
1243 675 1445 742 confirman-

160 767 264 822 ΝΜ·
335 779 414 842 dam
431 797 505 842 esse
519 779 711 857 censuisset,
727 780 790 844 nisi
811 799 920 845 rerum
948 780 1109 845 adiuncta
1123 799 1193 844 rem
1210 791 1307 844 caute
1322 798 1443 863 proro-

334 883 405 966 gari
432 883 623 949 suasissent
641 883 791 951 Sublatis
818 887 921 950 modo
947 883 1212 961 difficultatibus,
1227 903 1317 967 quae
1343 892 1448 948 antea

333 985 525 1052 huiusmodi
549 987 713 1072 privilegii
737 988 991 1054 concessionem
1017 988 1214 1073 praepedire
1235 988 1451 1063 videbantur,

333 1092 423 1156 idem
438 1091 518 1157 VV.
535 1091 602 1157 FF.
612 1093 690 1158 NN.
706 1091 905 1172 Consilium,
916 1112 952 1157 re
961 1112 1127 1178 perpensa
1137 1093 1200 1158 rite
1209 1113 1248 1158 ac
1259 1102 1449 1176 perspecta,

333 1207 452 1280 optato
466 1198 648 1263 canonicae
663 1198 840 1263 erectionis
857 1199 984 1262 honore
999 1197 1225 1282 theologicam
1242 1196 1438 1262 facultatem

334 1302 554 1366 Parisiensem
581 1303 801 1368 muniendam
828 1313 864 1368 et
887 1303 1132 1380 exornandam,
1154 1302 1373 1385 eiusdemque
1395 1319 1449 1362 re-

331 1405 496 1470 centiores
511 1405 771 1472 constitutiones
784 1407 1022 1490 approbandas
1037 1406 1206 1472 iudicavit
1219 1405 1321 1471 Hanc
1332 1403 1450 1470 Vene-

332 1508 486 1574 rabilium
504 1509 658 1576 Fratrum
684 1510 888 1576 Nostrorum
914 1511 1127 1588 sententiam,
1144 1510 1226 1589 Nos,
1241 1509 1366 1594 quibus
1390 1507 1447 1572 vel

332 1614 483 1678 maxime
506 1615 600 1678 cordi
624 1624 675 1681 est
701 1635 868 1682 sacrarum
895 1613 1149 1698 disciplinarum
1172 1615 1307 1678 cultum
1324 1621 1357 1678 er
1373 1621 1451 1677 stu·

191 1735 308 1806 eqnfsfex
331 1719 435 1796 dium,
450 1727 615 1802 quantum
638 1719 672 1783 in
688 1718 839 1784 Domino
855 1739 1043 1802 possumus,
1058 1719 1257 1784 omnimode
1278 1717 1393 1781 iuvare
1409 1727 1448 1782 et

153 1795 307 1900 ,‘„⁰,2',{,'⁸'‘,”,'.
332 1841 538 1904 promovere,
550 1842 591 1887 eo
606 1823 774 1887 libentiori
789 1824 905 1888 animo
916 1833 1024 1889 ratam
1043 1821 1206 1888 habemus
1221 1831 1256 1886 et
1267 1819 1452 1887 confirma-

147 1913 307 2032 }ffifm·
333 1941 416 1999 mus,
445 1941 513 2004 quo
543 1923 728 1988 uberrimos
759 1922 837 1987 inde
867 1922 995 1990 fructus
1031 1925 1202 1989 extituros
1232 1920 1446 1988 confidimus.

335 2023 580 2090 iucundissima
598 2025 690 2091 enim
714 2025 804 2090 subit
832 2027 1019 2092 recordatio
1038 2026 1139 2093 fausti
1167 2025 1256 2092 illius
1271 2024 1450 2108 temporis,

331 2148 399 2212 quo
414 2149 460 2193 ex
477 2129 671 2196 Parisiensis
686 2129 855 2197 facultatis
871 2129 1085 2214 theologicae
1099 2132 1229 2215 gremio
1250 2129 1445 2214 prodibant,

200 2264 307 2310 md„
332 2243 434 2317 atque
450 2233 482 2298 in
499 2253 540 2300 ea
554 2253 666 2300 rursus
681 2245 798 2319 partae
814 2234 1000 2320 sapientiae
1019 2234 1195 2301 thesauros
1219 2233 1441 2300 effundebant

154 2324 306 2444 pfflss„
333 2335 451 2402 Petrus
478 2337 700 2416 Lombardus,
715 2337 916 2404 Guillelmus
944 2339 1149 2417 Parisiensis,
1173 2338 1335 2404 Albertus
1363 2335 1438 2400 Ma·

179 2443 288 2548 wat
333 2461 429 2524 gnus,
466 2442 713 2518 Bonaventura,
745 2442 921 2526 Aegidius,
958 2444 1081 2528 aliique
1118 2443 1343 2528 quamplures,
1378 2439 1437 2524 qui

165 2503 298 2631 isaii&
335 2552 446 2609 totum
461 2544 577 2610 orbem
593 2544 793 2610 lectissimae
809 2546 995 2629 sapientiae
1011 2547 1084 2613 luce
1098 2547 1345 2624 collustrarunt,
1354 2562 1441 2627 quos

212 2635 252 2668 ”⁸¹
336 2667 417 2730 prae
431 2668 571 2714 numero
585 2649 851 2732 praetermittere
868 2669 1004 2714 necesse
1019 2660 1079 2729 est,
1094 2659 1133 2716 ut
1156 2671 1260 2716 unum
1278 2665 1440 2715 memore·

164 2779 309 2841 mim„
337 2771 411 2814 mus
426 2750 595 2817 Thomam
611 2751 830 2836 Aquinatem,
839 2773 939 2836 quem
953 2753 1045 2821 velut
1060 2755 1166 2820 solem
1180 2753 1440 2837 fulgidissimum

162 2839 306 2960 mm
338 2853 489 2920 Ecclesia
519 2856 674 2921 universa
703 2857 888 2922 admiratur
924 2869 959 2922 et
988 2859 1135 2941 suspicit
1166 2859 1267 2925 Tales
1305 2870 1444 2940 tamque

162 2971 313 3004 mem·
338 2957 485 3040 insignes
500 2958 603 3024 duces
620 2959 698 3026 novi
712 2960 867 3026 doctores
890 2971 1081 3045 sequantur,
1095 2973 1130 3028 et
1144 2981 1260 3026 eorum
1276 2962 1304 3025 si
1329 2961 1444 3044 legant

155 3019 314 3124 ’ζηιῗξεινζῖῶ
324 3045 488 3141 'vestigia
503 3060 654 3125 maxime
667 3081 747 3126 vero
771 3061 799 3125 si
814 3061 971 3144 Angelici
989 3061 1146 3145 Magistri
1161 3063 1348 3127 doctrinam
1373 3079 1446 3124 am·

339 3160 529 3245 plectantur
543 3169 578 3228 et
588 3162 768 3248 diligenter
784 3174 939 3230 enarrent
954 3175 987 3230 et
1004 3175 1138 3231 strenue
1155 3175 1320 3242 tueantur,
1336 3163 1445 3249 pristi-

300 3293 305 3306 ι
340 3281 418 3328 nam
434 3263 525 3328 illam
541 3263 743 3347 dignitatem
759 3273 794 3329 et
816 3264 981 3330 eximium
998 3266 1100 3330 decus
1117 3286 1242 3351 magno
1257 3267 1443 3331 studiorum

340 3375 374 3430 et
394 3367 498 3450 ipsius
514 3367 560 3430 rei
583 3365 785 3433 christianae
805 3366 1013 3433 incremento
1037 3369 1239 3434 revicturum
1263 3385 1447 3452 speramus.

342 3471 523 3554 Propterea
538 3471 738 3554 Apostolica
757 3471 957 3537 auctoritate
973 3472 1110 3552 Nostra,
1125 3471 1244 3540 harum
1261 3473 1447 3537 litterarum

197 3591 316 3661 canones
342 3575 373 3639 vi
388 3576 551 3641 edicimus
567 3596 606 3640 ac
621 3575 842 3654 decernimus,
857 3585 896 3640 ut
910 3575 1103 3660 theologica
1125 3575 1267 3643 facultas
1285 3574 1449 3642 Parisierr·

165 3651 316 3756 ‘'ssfflfmss'
341 3675 386 3740 sis
401 3695 515 3740 veram
530 3694 570 3740 ac
585 3675 719 3760 proprie
739 3675 866 3741 dictam
882 3675 1006 3742 habeat
1021 3675 1219 3744 canonicam
1235 3675 1450 3748 erectionem,

189 3769 297 3829 ‘'md“
341 3789 443 3863 atque
459 3779 569 3845 eidem
585 3779 745 3844 canonice
770 3779 971 3862 Apostolica
998 3780 1124 3846 Nostra
1138 3781 1340 3847 auctoritate
1355 3778 1451 3843 insti-

166 3833 315 3990 saffira
343 3893 436 3948 tutae
460 3884 532 3947 iura
547 3883 661 3947 omnia
681 3892 716 3948 et
730 3884 982 3968 praerogativas
997 3883 1164 3950 similibus
1181 3881 1449 3950 institutionibus

167 3959 220 4052 2⁰3⁸
231 3950 313 3992 'mm'
343 4007 362 4050 a
378 3986 506 4052 Sancta
522 3985 610 4052 Sede
626 3986 822 4070 approbatis
833 4005 992 4052 concessa
1003 3989 1173 4072 perpetuis
1184 3987 1304 4053 suturis
1319 3998 1451 4069 tempo·

342 4092 433 4156 ribus
447 4087 627 4154 deferimus
642 4099 677 4155 et
691 4088 881 4174 elargimur,
896 4111 936 4155 ea
952 4102 1066 4158 tamen
1089 4090 1173 4175 lege,
1188 4103 1227 4158 ut
1242 4091 1449 4156 adamussim

342 4193 456 4261 omnia
485 4204 520 4257 et
549 4192 681 4275 singula
706 4212 793 4279 quae
824 4193 856 4257 in
888 4195 1195 4274 constitutionibus,
1224 4215 1283 4262 seu
1314 4196 1450 4260 statutis

342 4300 477 4363 decreto
514 4295 710 4362 eorumdem
746 4297 1002 4364 venerabilium
1041 4298 1197 4365 Fratrum
1245 4299 1447 4365 Nostrorum

343 4397 491 4476 adiectis,
515 4396 737 4478 continentur,
751 4401 891 4466 omnino
917 4414 1097 4470 serventur.
1123 4403 1218 4469 Haec
1235 4402 1391 4470 volumus
1414 4417 1449 4470 et
