<?xml version="1.0" encoding="UTF-8"?>
<!DOCTYPE html PUBLIC "-//W3C//DTD XHTML 1.0 Transitional//EN"
    "http://www.w3.org/TR/xhtml1/DTD/xhtml1-transitional.dtd">
<html xmlns="http://www.w3.org/1999/xhtml" xml:lang="en" lang="en">
 <head>
  <title>
</title>
<meta http-equiv="Content-Type" content="text/html;charset=utf-8" />
  <meta name='ocr-system' content='tesseract 3.04.00' />
  <meta name='ocr-capabilities' content='ocr_page ocr_carea ocr_par ocr_line ocrx_word'/>
</head>
<body>
  <div class='ocr_page' id='page_1' title='image "./sanctissimidomi03xiiigoog_0334.png"; bbox 0 0 3250 4876; ppageno 0'>
   <div class='ocr_carea' id='block_1_1' title="bbox 480 425 1234 508">
    <p class='ocr_par' dir='ltr' id='par_1_1' title="bbox 480 425 1234 508">
     <span class='ocr_line' id='line_1_1' title="bbox 480 425 1234 508; baseline 0.017 -32"><span class='ocrx_word' id='word_1_1' title='bbox 480 425 600 476; x_wconf 80' lang='lat' dir='ltr'>INDEX</span> <span class='ocrx_word' id='word_1_2' title='bbox 629 427 879 483; x_wconf 81' lang='lat' dir='ltr'>ANALYTICUS.</span> <span class='ocrx_word' id='word_1_3' title='bbox 1162 437 1234 508; x_wconf 79' lang='grc'>323</span> 
     </span>
    </p>
   </div>
   <div class='ocr_carea' id='block_1_2' title="bbox 155 593 1234 720">
    <p class='ocr_par' dir='ltr' id='par_1_2' title="bbox 155 593 1234 720">
     <span class='ocr_line' id='line_1_2' title="bbox 155 593 1234 720; baseline 0.016 -28"><span class='ocrx_word' id='word_1_4' title='bbox 155 641 211 692; x_wconf 82' lang='lat'>³2.</span> <span class='ocrx_word' id='word_1_5' title='bbox 234 645 445 697; x_wconf 66' lang='lat' dir='ltr'>mnsam</span> <span class='ocrx_word' id='word_1_6' title='bbox 458 648 736 703; x_wconf 63' lang='lat' dir='ltr'>nausson-ma:</span> <span class='ocrx_word' id='word_1_7' title='bbox 748 652 789 702; x_wconf 77' lang='lat' dir='ltr'>ue</span> <span class='ocrx_word' id='word_1_8' title='bbox 810 664 875 704; x_wconf 77' lang='lat' dir='ltr'>usu</span> <span class='ocrx_word' id='word_1_9' title='bbox 897 665 1011 716; x_wconf 69' lang='lat' dir='ltr'>cappas</span> <span class='ocrx_word' id='word_1_10' title='bbox 1033 667 1164 720; x_wconf 75' lang='lat' dir='ltr'>magnae</span> <span class='ocrx_word' id='word_1_11' title='bbox 1179 593 1234 645; x_wconf 49' lang='grc' dir='ltr'>Μ’</span> 
     </span>
    </p>
   </div>
   <div class='ocr_carea' id='block_1_3' title="bbox 115 719 1236 803">
    <p class='ocr_par' dir='ltr' id='par_1_3' title="bbox 115 719 1236 803">
     <span class='ocr_line' id='line_1_3' title="bbox 115 719 1236 803; baseline 0.018 -34"><span class='ocrx_word' id='word_1_12' title='bbox 115 719 339 776; x_wconf 76' lang='lat' dir='ltr'>Arontannau</span> <span class='ocrx_word' id='word_1_13' title='bbox 353 728 556 782; x_wconf 71' lang='lat' dir='ltr'>nantonensi</span> <span class='ocrx_word' id='word_1_14' title='bbox 569 743 729 782; x_wconf 67' lang='lat' dir='ltr'>concam.</span> <span class='ocrx_word' id='word_1_15' title='bbox 744 731 1019 786; x_wconf 74' lang='lat' dir='ltr'>—31Ju1111888</span> <span class='ocrx_word' id='word_1_16' title='bbox 1059 773 1160 788; x_wconf 91' lang='grc'><strong>......</strong></span> <span class='ocrx_word' id='word_1_17' title='bbox 1184 733 1236 803; x_wconf 82' lang='grc'>136</span> 
     </span>
    </p>
   </div>
   <div class='ocr_carea' id='block_1_4' title="bbox 119 815 1234 1298">
    <p class='ocr_par' dir='ltr' id='par_1_4' title="bbox 187 815 1166 1125">
     <span class='ocr_line' id='line_1_4' title="bbox 227 815 1165 899; baseline 0.016 -30"><span class='ocrx_word' id='word_1_18' title='bbox 227 815 358 872; x_wconf 76' lang='lat' dir='ltr'><strong>Pontifex</strong></span> <span class='ocrx_word' id='word_1_19' title='bbox 378 819 637 892; x_wconf 85' lang='lat' dir='ltr'>Congregationem</span> <span class='ocrx_word' id='word_1_20' title='bbox 660 823 876 880; x_wconf 86' lang='lat' dir='ltr'>Beuronensem</span> <span class='ocrx_word' id='word_1_21' title='bbox 891 826 926 880; x_wconf 94' lang='grc' dir='ltr'>Ο.</span> <span class='ocrx_word' id='word_1_22' title='bbox 949 826 979 882; x_wconf 91' lang='lat' dir='ltr'>S.</span> <span class='ocrx_word' id='word_1_23' title='bbox 999 827 1031 883; x_wconf 88' lang='lat' dir='ltr'>B.</span> <span class='ocrx_word' id='word_1_24' title='bbox 1046 827 1165 899; x_wconf 79' lang='lat' dir='ltr'>ejusque</span> 
     </span>
     <span class='ocr_line' id='line_1_5' title="bbox 187 894 1166 976; baseline 0.016 -28"><span class='ocrx_word' id='word_1_25' title='bbox 187 894 404 954; x_wconf 77' lang='lat' dir='ltr'>archiabbatem</span> <span class='ocrx_word' id='word_1_26' title='bbox 418 901 455 956; x_wconf 86' lang='lat' dir='ltr'>I).</span> <span class='ocrx_word' id='word_1_27' title='bbox 470 901 603 958; x_wconf 71' lang='lat' dir='ltr'>Maurum</span> <span class='ocrx_word' id='word_1_28' title='bbox 616 903 727 958; x_wconf 83' lang='lat' dir='ltr'>Walter</span> <span class='ocrx_word' id='word_1_29' title='bbox 737 904 851 974; x_wconf 81' lang='lat' dir='ltr'>egregie</span> <span class='ocrx_word' id='word_1_30' title='bbox 865 906 1051 963; x_wconf 82' lang='lat' dir='ltr'>commendat</span> <span class='ocrx_word' id='word_1_31' title='bbox 1068 909 1166 976; x_wconf 80' lang='lat'><em>136:-</em></span> 
     </span>
     <span class='ocr_line' id='line_1_6' title="bbox 187 973 1162 1125; baseline 0.013 -95"><span class='ocrx_word' id='word_1_32' title='bbox 187 973 390 1125; x_wconf 37' lang='lat' dir='ltr'>maiixx}</span> <span class='ocrx_word' id='word_1_33' title='bbox 397 979 574 1036; x_wconf 88' lang='lat' dir='ltr'>Benronensi</span> <span class='ocrx_word' id='word_1_34' title='bbox 594 981 623 1037; x_wconf 91' lang='lat' dir='ltr'>in</span> <span class='ocrx_word' id='word_1_35' title='bbox 643 993 811 1053; x_wconf 84' lang='lat' dir='ltr'>perpetuum</span> <span class='ocrx_word' id='word_1_36' title='bbox 828 999 932 1054; x_wconf 78' lang='lat' dir='ltr'>cappae</span> <span class='ocrx_word' id='word_1_37' title='bbox 951 1001 1065 1057; x_wconf 85' lang='lat' dir='ltr'>magnae</span> <span class='ocrx_word' id='word_1_38' title='bbox 1078 1002 1162 1043; x_wconf 87' lang='lat' dir='ltr'>nsum</span> 
     </span>
    </p>

    <p class='ocr_par' dir='ltr' id='par_1_5' title="bbox 119 1143 1234 1298">
     <span class='ocr_line' id='line_1_7' title="bbox 152 1143 1163 1216; baseline 0.011 -22"><span class='ocrx_word' id='word_1_39' title='bbox 152 1143 207 1195; x_wconf 85' lang='grc'>33.</span> <span class='ocrx_word' id='word_1_40' title='bbox 220 1144 467 1202; x_wconf 71' lang='lat' dir='ltr'>DECRETUM</span> <span class='ocrx_word' id='word_1_41' title='bbox 487 1151 528 1200; x_wconf 87' lang='lat' dir='ltr'>de</span> <span class='ocrx_word' id='word_1_42' title='bbox 541 1151 696 1214; x_wconf 82' lang='lat' dir='ltr'>ampliori</span> <span class='ocrx_word' id='word_1_43' title='bbox 708 1153 803 1203; x_wconf 87' lang='lat' dir='ltr'>cultu</span> <span class='ocrx_word' id='word_1_44' title='bbox 817 1153 971 1216; x_wconf 83' lang='lat' dir='ltr'>llturgloo</span> <span class='ocrx_word' id='word_1_45' title='bbox 986 1153 1022 1203; x_wconf 80' lang='grc' dir='ltr'>Β.</span> <span class='ocrx_word' id='word_1_46' title='bbox 1040 1155 1085 1204; x_wconf 79' lang='grc' dir='ltr'>Μ.</span> <span class='ocrx_word' id='word_1_47' title='bbox 1096 1153 1163 1208; x_wconf 79' lang='lat' dir='ltr'>v.e</span> 
     </span>
     <span class='ocr_line' id='line_1_8' title="bbox 119 1221 1234 1298; baseline 0.01 -23"><span class='ocrx_word' id='word_1_48' title='bbox 119 1221 468 1280; x_wconf 81' lang='lat' dir='ltr'>Rosarloexnlbendo.</span> <span class='ocrx_word' id='word_1_49' title='bbox 483 1229 807 1293; x_wconf 66' lang='grc'>-5111311111888</span> <span class='ocrx_word' id='word_1_50' title='bbox 1182 1229 1234 1298; x_wconf 78' lang='grc'>138</span> 
     </span>
    </p>
   </div>
   <div class='ocr_carea' id='block_1_5' title="bbox 189 1316 1228 1786">
    <p class='ocr_par' dir='ltr' id='par_1_6' title="bbox 189 1316 1228 1786">
     <span class='ocr_line' id='line_1_9' title="bbox 228 1316 1163 1394; baseline 0.011 -23"><span class='ocrx_word' id='word_1_51' title='bbox 228 1316 403 1373; x_wconf 88' lang='lat' dir='ltr'>Recoluntur</span> <span class='ocrx_word' id='word_1_52' title='bbox 417 1319 467 1374; x_wconf 90' lang='lat' dir='ltr'>SS.</span> <span class='ocrx_word' id='word_1_53' title='bbox 482 1319 520 1376; x_wconf 90' lang='lat' dir='ltr'>D.</span> <span class='ocrx_word' id='word_1_54' title='bbox 535 1319 639 1375; x_wconf 84' lang='lat' dir='ltr'>Leonis</span> <span class='ocrx_word' id='word_1_55' title='bbox 653 1321 730 1375; x_wconf 83' lang='lat' dir='ltr'>XIII</span> <span class='ocrx_word' id='word_1_56' title='bbox 745 1320 909 1391; x_wconf 86' lang='lat' dir='ltr'>Encyclicae</span> <span class='ocrx_word' id='word_1_57' title='bbox 922 1322 959 1378; x_wconf 91' lang='lat' dir='ltr'>de</span> <span class='ocrx_word' id='word_1_58' title='bbox 972 1323 1094 1378; x_wconf 88' lang='lat' dir='ltr'>Rosario</span> <span class='ocrx_word' id='word_1_59' title='bbox 1105 1327 1163 1394; x_wconf 84' lang='lat'>138.</span> 
     </span>
     <span class='ocr_line' id='line_1_10' title="bbox 190 1393 1164 1472; baseline 0.009 -22"><span class='ocrx_word' id='word_1_60' title='bbox 190 1393 380 1452; x_wconf 85' lang='lat' dir='ltr'>—Solemnis</span> <span class='ocrx_word' id='word_1_61' title='bbox 388 1398 498 1470; x_wconf 87' lang='lat' dir='ltr'>jubilaei</span> <span class='ocrx_word' id='word_1_62' title='bbox 517 1397 704 1455; x_wconf 86' lang='lat' dir='ltr'>sacerdotalis</span> <span class='ocrx_word' id='word_1_63' title='bbox 722 1399 876 1456; x_wconf 84' lang='lat' dir='ltr'>celebratio</span> <span class='ocrx_word' id='word_1_64' title='bbox 896 1411 1044 1472; x_wconf 83' lang='lat' dir='ltr'>tamquam</span> <span class='ocrx_word' id='word_1_65' title='bbox 1056 1401 1164 1460; x_wconf 85' lang='lat' dir='ltr'>fructus</span> 
     </span>
     <span class='ocr_line' id='line_1_11' title="bbox 189 1473 1165 1551; baseline 0.011 -24"><span class='ocrx_word' id='word_1_66' title='bbox 189 1473 275 1543; x_wconf 89' lang='lat' dir='ltr'>hujus</span> <span class='ocrx_word' id='word_1_67' title='bbox 294 1477 451 1532; x_wconf 81' lang='lat' dir='ltr'>cresoentis</span> <span class='ocrx_word' id='word_1_68' title='bbox 471 1478 565 1533; x_wconf 89' lang='lat' dir='ltr'>cultus</span> <span class='ocrx_word' id='word_1_69' title='bbox 577 1477 747 1534; x_wconf 83' lang='lat' dir='ltr'>describitur</span> <span class='ocrx_word' id='word_1_70' title='bbox 762 1479 820 1548; x_wconf 81' lang='lat'>138.</span> <span class='ocrx_word' id='word_1_71' title='bbox 834 1507 869 1518; x_wconf 97' lang='lat'>-</span> <span class='ocrx_word' id='word_1_72' title='bbox 882 1481 1084 1551; x_wconf 87' lang='lat' dir='ltr'>Opportunum</span> <span class='ocrx_word' id='word_1_73' title='bbox 1096 1481 1165 1539; x_wconf 86' lang='lat' dir='ltr'>inde</span> 
     </span>
     <span class='ocr_line' id='line_1_12' title="bbox 189 1557 1161 1632; baseline 0.009 -24"><span class='ocrx_word' id='word_1_74' title='bbox 189 1565 308 1624; x_wconf 82' lang='lat' dir='ltr'>apparet</span> <span class='ocrx_word' id='word_1_75' title='bbox 320 1566 351 1613; x_wconf 91' lang='lat' dir='ltr'>nt</span> <span class='ocrx_word' id='word_1_76' title='bbox 363 1557 458 1613; x_wconf 90' lang='lat' dir='ltr'>adhuc</span> <span class='ocrx_word' id='word_1_77' title='bbox 471 1567 613 1627; x_wconf 77' lang='lat' dir='ltr'>augeatur</span> <span class='ocrx_word' id='word_1_78' title='bbox 626 1572 685 1627; x_wconf 87' lang='lat'>139.</span> <span class='ocrx_word' id='word_1_79' title='bbox 699 1587 735 1598; x_wconf 85' lang='lat'>-</span> <span class='ocrx_word' id='word_1_80' title='bbox 746 1558 844 1627; x_wconf 84' lang='lat' dir='ltr'>Igitur,</span> <span class='ocrx_word' id='word_1_81' title='bbox 862 1559 985 1615; x_wconf 84' lang='lat' dir='ltr'>decretis</span> <span class='ocrx_word' id='word_1_82' title='bbox 997 1561 1161 1632; x_wconf 83' lang='lat' dir='ltr'>praeceden-</span> 
     </span>
     <span class='ocr_line' id='line_1_13' title="bbox 190 1631 1228 1710; baseline 0.009 -24"><span class='ocrx_word' id='word_1_83' title='bbox 190 1631 267 1688; x_wconf 90' lang='lat' dir='ltr'>tibus</span> <span class='ocrx_word' id='word_1_84' title='bbox 279 1635 574 1706; x_wconf 88' lang='lat' dir='ltr'>confinnatis,cultum</span> <span class='ocrx_word' id='word_1_85' title='bbox 580 1636 620 1690; x_wconf 90' lang='lat' dir='ltr'>de</span> <span class='ocrx_word' id='word_1_86' title='bbox 629 1636 752 1692; x_wconf 87' lang='lat' dir='ltr'>Rosario</span> <span class='ocrx_word' id='word_1_87' title='bbox 764 1637 859 1708; x_wconf 76' lang='lat' dir='ltr'>Officio</span> <span class='ocrx_word' id='word_1_88' title='bbox 866 1640 988 1710; x_wconf 66' lang='lat' dir='ltr'>proprio</span> <span class='ocrx_word' id='word_1_89' title='bbox 996 1655 1061 1694; x_wconf 83' lang='lat' dir='ltr'>cum</span> <span class='ocrx_word' id='word_1_90' title='bbox 1069 1641 1165 1695; x_wconf 82' lang='lat' dir='ltr'>Missa</span> <span class='ocrx_word' id='word_1_91' title='bbox 1221 1667 1228 1681; x_wconf 91' lang='lat'><em>·</em></span> 
     </span>
     <span class='ocr_line' id='line_1_14' title="bbox 191 1711 636 1786; baseline 0.007 -19"><span class='ocrx_word' id='word_1_92' title='bbox 191 1711 387 1770; x_wconf 86' lang='lat' dir='ltr'>decorandum</span> <span class='ocrx_word' id='word_1_93' title='bbox 400 1715 563 1772; x_wconf 89' lang='lat' dir='ltr'>decernitur</span> <span class='ocrx_word' id='word_1_94' title='bbox 577 1730 636 1786; x_wconf 87' lang='lat'>139.</span> 
     </span>
    </p>
   </div>
   <div class='ocr_carea' id='block_1_6' title="bbox 118 1803 1234 2908">
    <p class='ocr_par' dir='ltr' id='par_1_7' title="bbox 118 1803 1234 2033">
     <span class='ocr_line' id='line_1_15' title="bbox 153 1803 1159 1873; baseline 0.008 -19"><span class='ocrx_word' id='word_1_95' title='bbox 153 1803 207 1855; x_wconf 80' lang='grc'>84.</span> <span class='ocrx_word' id='word_1_96' title='bbox 220 1805 463 1859; x_wconf 78' lang='lat' dir='ltr'>ALLOCUTIO</span> <span class='ocrx_word' id='word_1_97' title='bbox 475 1808 518 1858; x_wconf 86' lang='lat' dir='ltr'>ad</span> <span class='ocrx_word' id='word_1_98' title='bbox 532 1807 627 1858; x_wconf 79' lang='lat' dir='ltr'>card.</span> <span class='ocrx_word' id='word_1_99' title='bbox 640 1807 822 1860; x_wconf 80' lang='lat' dir='ltr'>Allmonda</span> <span class='ocrx_word' id='word_1_100' title='bbox 834 1810 960 1873; x_wconf 84' lang='lat' dir='ltr'>aroblp.</span> <span class='ocrx_word' id='word_1_101' title='bbox 978 1811 1113 1863; x_wconf 86' lang='lat' dir='ltr'>Taurln.</span> <span class='ocrx_word' id='word_1_102' title='bbox 1126 1815 1159 1862; x_wconf 84' lang='lat' dir='ltr'>et</span> 
     </span>
     <span class='ocr_line' id='line_1_16' title="bbox 118 1884 1160 1953; baseline 0.01 -20"><span class='ocrx_word' id='word_1_103' title='bbox 118 1884 163 1933; x_wconf 79' lang='lat' dir='ltr'>ed</span> <span class='ocrx_word' id='word_1_104' title='bbox 176 1886 287 1938; x_wconf 77' lang='grc'>11111111.</span> <span class='ocrx_word' id='word_1_105' title='bbox 301 1888 389 1938; x_wconf 80' lang='lat' dir='ltr'>viros</span> <span class='ocrx_word' id='word_1_106' title='bbox 401 1901 443 1938; x_wconf 84' lang='lat' dir='ltr'>ex</span> <span class='ocrx_word' id='word_1_107' title='bbox 457 1889 549 1937; x_wconf 86' lang='lat' dir='ltr'>omnl</span> <span class='ocrx_word' id='word_1_108' title='bbox 563 1888 664 1939; x_wconf 83' lang='lat' dir='ltr'>ltalta</span> <span class='ocrx_word' id='word_1_109' title='bbox 684 1889 829 1939; x_wconf 84' lang='lat' dir='ltr'>Romam</span> <span class='ocrx_word' id='word_1_110' title='bbox 853 1891 1110 1953; x_wconf 78' lang='lat' dir='ltr'>peregrinantes.</span> <span class='ocrx_word' id='word_1_111' title='bbox 1128 1915 1160 1925; x_wconf 86' lang='lat'>-</span> 
     </span>
     <span class='ocr_line' id='line_1_17' title="bbox 120 1964 1234 2033; baseline 0.006 -20"><span class='ocrx_word' id='word_1_112' title='bbox 120 1964 171 2014; x_wconf 85' lang='lat' dir='ltr'>De</span> <span class='ocrx_word' id='word_1_113' title='bbox 183 1968 317 2018; x_wconf 77' lang='lat' dir='ltr'>tuendis</span> <span class='ocrx_word' id='word_1_114' title='bbox 329 1968 441 2030; x_wconf 77' lang='lat' dir='ltr'>apost.</span> <span class='ocrx_word' id='word_1_115' title='bbox 458 1968 551 2018; x_wconf 81' lang='lat' dir='ltr'>Sedis</span> <span class='ocrx_word' id='word_1_116' title='bbox 561 1968 706 2031; x_wconf 76' lang='lat' dir='ltr'>juribus.</span> <span class='ocrx_word' id='word_1_117' title='bbox 720 1969 808 2021; x_wconf 77' lang='lat'>-25</span> <span class='ocrx_word' id='word_1_118' title='bbox 816 1969 1016 2031; x_wconf 82' lang='lat' dir='ltr'>Septembris</span> <span class='ocrx_word' id='word_1_119' title='bbox 1028 1971 1118 2022; x_wconf 87' lang='grc'>1888.</span> <span class='ocrx_word' id='word_1_120' title='bbox 1187 1979 1234 2033; x_wconf 92' lang='grc'>141</span> 
     </span>
    </p>

    <p class='ocr_par' dir='ltr' id='par_1_8' title="bbox 185 2041 1164 2908">
     <span class='ocr_line' id='line_1_18' title="bbox 228 2041 1162 2114; baseline 0.005 -19"><span class='ocrx_word' id='word_1_121' title='bbox 228 2041 358 2098; x_wconf 79' lang='lat' dir='ltr'>Pontifex</span> <span class='ocrx_word' id='word_1_122' title='bbox 371 2043 436 2098; x_wconf 85' lang='lat' dir='ltr'>Em.</span> <span class='ocrx_word' id='word_1_123' title='bbox 451 2043 599 2114; x_wconf 86' lang='lat' dir='ltr'>Purpurati</span> <span class='ocrx_word' id='word_1_124' title='bbox 613 2059 726 2100; x_wconf 87' lang='lat' dir='ltr'>necnon</span> <span class='ocrx_word' id='word_1_125' title='bbox 739 2043 807 2099; x_wconf 89' lang='lat' dir='ltr'>cleri</span> <span class='ocrx_word' id='word_1_126' title='bbox 821 2043 880 2098; x_wconf 91' lang='lat' dir='ltr'>itali</span> <span class='ocrx_word' id='word_1_127' title='bbox 893 2044 992 2100; x_wconf 89' lang='lat' dir='ltr'>laudat</span> <span class='ocrx_word' id='word_1_128' title='bbox 1005 2044 1101 2114; x_wconf 88' lang='lat' dir='ltr'>fidem,</span> <span class='ocrx_word' id='word_1_129' title='bbox 1113 2045 1162 2100; x_wconf 91' lang='lat' dir='ltr'>de·</span> 
     </span>
     <span class='ocr_line' id='line_1_19' title="bbox 190 2119 1164 2193; baseline 0.007 -21"><span class='ocrx_word' id='word_1_130' title='bbox 190 2119 338 2177; x_wconf 84' lang='lat' dir='ltr'>votionern</span> <span class='ocrx_word' id='word_1_131' title='bbox 352 2136 411 2189; x_wconf 91' lang='grc'>141.</span> <span class='ocrx_word' id='word_1_132' title='bbox 424 2149 460 2160; x_wconf 94' lang='lat'><em>-</em></span> <span class='ocrx_word' id='word_1_133' title='bbox 473 2122 562 2178; x_wconf 89' lang='lat' dir='ltr'>Suum</span> <span class='ocrx_word' id='word_1_134' title='bbox 581 2122 611 2177; x_wconf 88' lang='lat' dir='ltr'>in</span> <span class='ocrx_word' id='word_1_135' title='bbox 632 2122 740 2178; x_wconf 90' lang='lat' dir='ltr'>clerum</span> <span class='ocrx_word' id='word_1_136' title='bbox 753 2138 881 2177; x_wconf 89' lang='lat' dir='ltr'>amorem</span> <span class='ocrx_word' id='word_1_137' title='bbox 894 2132 1014 2178; x_wconf 89' lang='lat' dir='ltr'>testatur</span> <span class='ocrx_word' id='word_1_138' title='bbox 1025 2137 1084 2193; x_wconf 83' lang='lat'>141,</span> <span class='ocrx_word' id='word_1_139' title='bbox 1097 2135 1164 2179; x_wconf 84' lang='lat' dir='ltr'>vota</span> 
     </span>
     <span class='ocr_line' id='line_1_20' title="bbox 188 2198 1163 2272; baseline 0.005 -20"><span class='ocrx_word' id='word_1_140' title='bbox 188 2198 298 2255; x_wconf 87' lang='lat' dir='ltr'>faciens</span> <span class='ocrx_word' id='word_1_141' title='bbox 310 2209 342 2256; x_wconf 89' lang='lat' dir='ltr'>ut</span> <span class='ocrx_word' id='word_1_142' title='bbox 354 2199 464 2256; x_wconf 88' lang='lat' dir='ltr'>muneri</span> <span class='ocrx_word' id='word_1_143' title='bbox 483 2216 566 2256; x_wconf 86' lang='lat' dir='ltr'>sacro</span> <span class='ocrx_word' id='word_1_144' title='bbox 587 2210 702 2257; x_wconf 87' lang='lat' dir='ltr'>strenue</span> <span class='ocrx_word' id='word_1_145' title='bbox 723 2202 870 2256; x_wconf 78' lang='lat' dir='ltr'>Incumbet</span> <span class='ocrx_word' id='word_1_146' title='bbox 887 2215 946 2268; x_wconf 90' lang='lat'>141,</span> <span class='ocrx_word' id='word_1_147' title='bbox 960 2210 990 2256; x_wconf 91' lang='lat' dir='ltr'>ut</span> <span class='ocrx_word' id='word_1_148' title='bbox 1004 2203 1163 2272; x_wconf 84' lang='lat' dir='ltr'>praesertim</span> 
     </span>
     <span class='ocr_line' id='line_1_21' title="bbox 187 2279 1163 2352; baseline 0.001 -18"><span class='ocrx_word' id='word_1_149' title='bbox 187 2281 289 2351; x_wconf 81' lang='lat' dir='ltr'>Apost</span> <span class='ocrx_word' id='word_1_150' title='bbox 304 2281 387 2336; x_wconf 85' lang='lat' dir='ltr'>Sedis</span> <span class='ocrx_word' id='word_1_151' title='bbox 396 2281 462 2352; x_wconf 85' lang='lat' dir='ltr'>jura</span> <span class='ocrx_word' id='word_1_152' title='bbox 474 2279 599 2337; x_wconf 85' lang='lat' dir='ltr'>vIndicet</span> <span class='ocrx_word' id='word_1_153' title='bbox 615 2296 672 2348; x_wconf 90' lang='grc'>141.</span> <span class='ocrx_word' id='word_1_154' title='bbox 685 2310 721 2321; x_wconf 85' lang='grc'>-</span> <span class='ocrx_word' id='word_1_155' title='bbox 735 2279 912 2335; x_wconf 88' lang='lat' dir='ltr'>Protestatur</span> <span class='ocrx_word' id='word_1_156' title='bbox 930 2290 1032 2335; x_wconf 88' lang='lat' dir='ltr'>contra</span> <span class='ocrx_word' id='word_1_157' title='bbox 1045 2279 1163 2350; x_wconf 85' lang='lat' dir='ltr'>iujurias</span> 
     </span>
     <span class='ocr_line' id='line_1_22' title="bbox 187 2359 1162 2426; baseline 0 -12"><span class='ocrx_word' id='word_1_158' title='bbox 187 2369 217 2414; x_wconf 90' lang='lat' dir='ltr'>et</span> <span class='ocrx_word' id='word_1_159' title='bbox 229 2361 389 2416; x_wconf 86' lang='lat' dir='ltr'>calumnias</span> <span class='ocrx_word' id='word_1_160' title='bbox 402 2359 471 2417; x_wconf 87' lang='lat' dir='ltr'>Sedi</span> <span class='ocrx_word' id='word_1_161' title='bbox 485 2361 626 2415; x_wconf 83' lang='lat' dir='ltr'>Romanae</span> <span class='ocrx_word' id='word_1_162' title='bbox 644 2360 738 2416; x_wconf 86' lang='lat' dir='ltr'>illatas</span> <span class='ocrx_word' id='word_1_163' title='bbox 755 2374 817 2426; x_wconf 84' lang='lat'>142.</span> <span class='ocrx_word' id='word_1_164' title='bbox 829 2387 865 2398; x_wconf 92' lang='lat'>-</span> <span class='ocrx_word' id='word_1_165' title='bbox 878 2359 967 2414; x_wconf 89' lang='lat' dir='ltr'>Nulla</span> <span class='ocrx_word' id='word_1_166' title='bbox 988 2376 1057 2415; x_wconf 88' lang='lat' dir='ltr'>vera</span> <span class='ocrx_word' id='word_1_167' title='bbox 1078 2359 1162 2414; x_wconf 90' lang='lat' dir='ltr'>liber·</span> 
     </span>
     <span class='ocr_line' id='line_1_23' title="bbox 188 2439 1159 2510; baseline 0 -16"><span class='ocrx_word' id='word_1_168' title='bbox 188 2449 250 2495; x_wconf 84' lang='lat' dir='ltr'>tate</span> <span class='ocrx_word' id='word_1_169' title='bbox 260 2439 366 2510; x_wconf 88' lang='lat' dir='ltr'>gaudet</span> <span class='ocrx_word' id='word_1_170' title='bbox 383 2455 440 2508; x_wconf 87' lang='lat'>142.</span> <span class='ocrx_word' id='word_1_171' title='bbox 450 2468 486 2478; x_wconf 93' lang='lat'>—</span> <span class='ocrx_word' id='word_1_172' title='bbox 499 2442 625 2497; x_wconf 83' lang='lat' dir='ltr'>Causam</span> <span class='ocrx_word' id='word_1_173' title='bbox 646 2457 705 2496; x_wconf 90' lang='lat' dir='ltr'>non</span> <span class='ocrx_word' id='word_1_174' title='bbox 725 2457 808 2496; x_wconf 88' lang='lat' dir='ltr'>snam</span> <span class='ocrx_word' id='word_1_175' title='bbox 821 2441 951 2510; x_wconf 81' lang='lat' dir='ltr'>superbe,</span> <span class='ocrx_word' id='word_1_176' title='bbox 966 2441 1018 2495; x_wconf 86' lang='lat' dir='ltr'>sed</span> <span class='ocrx_word' id='word_1_177' title='bbox 1030 2440 1159 2496; x_wconf 84' lang='lat' dir='ltr'>veritatis</span> 
     </span>
     <span class='ocr_line' id='line_1_24' title="bbox 187 2519 1160 2590; baseline 0.002 -18"><span class='ocrx_word' id='word_1_178' title='bbox 187 2519 373 2588; x_wconf 86' lang='lat' dir='ltr'>magnanime</span> <span class='ocrx_word' id='word_1_179' title='bbox 385 2530 479 2575; x_wconf 89' lang='lat' dir='ltr'>tuetur</span> <span class='ocrx_word' id='word_1_180' title='bbox 490 2520 769 2588; x_wconf 84' lang='lat' dir='ltr'>14a.—Proclament</span> <span class='ocrx_word' id='word_1_181' title='bbox 782 2519 867 2590; x_wconf 90' lang='lat' dir='ltr'>igitur</span> <span class='ocrx_word' id='word_1_182' title='bbox 882 2520 946 2575; x_wconf 92' lang='lat' dir='ltr'>Itali</span> <span class='ocrx_word' id='word_1_183' title='bbox 960 2519 1068 2588; x_wconf 86' lang='lat' dir='ltr'>fideles,</span> <span class='ocrx_word' id='word_1_184' title='bbox 1087 2520 1160 2574; x_wconf 92' lang='lat' dir='ltr'>Pon-</span> 
     </span>
     <span class='ocr_line' id='line_1_25' title="bbox 188 2597 1160 2670; baseline 0.002 -18"><span class='ocrx_word' id='word_1_185' title='bbox 188 2597 296 2653; x_wconf 89' lang='lat' dir='ltr'>tificem</span> <span class='ocrx_word' id='word_1_186' title='bbox 309 2616 443 2670; x_wconf 88' lang='lat' dir='ltr'>suprema</span> <span class='ocrx_word' id='word_1_187' title='bbox 463 2608 606 2670; x_wconf 88' lang='lat' dir='ltr'>potestate</span> <span class='ocrx_word' id='word_1_188' title='bbox 618 2598 694 2654; x_wconf 88' lang='lat' dir='ltr'>civili</span> <span class='ocrx_word' id='word_1_189' title='bbox 708 2598 835 2668; x_wconf 87' lang='lat' dir='ltr'>indigere</span> <span class='ocrx_word' id='word_1_190' title='bbox 847 2598 884 2652; x_wconf 90' lang='lat' dir='ltr'>ad</span> <span class='ocrx_word' id='word_1_191' title='bbox 898 2615 1001 2654; x_wconf 88' lang='lat' dir='ltr'>munus</span> <span class='ocrx_word' id='word_1_192' title='bbox 1014 2615 1160 2655; x_wconf 86' lang='lat' dir='ltr'>summum</span> 
     </span>
     <span class='ocr_line' id='line_1_26' title="bbox 187 2677 1160 2748; baseline 0.002 -18"><span class='ocrx_word' id='word_1_193' title='bbox 187 2677 278 2733; x_wconf 86' lang='lat' dir='ltr'>libere</span> <span class='ocrx_word' id='word_1_194' title='bbox 289 2689 318 2734; x_wconf 89' lang='lat' dir='ltr'>et</span> <span class='ocrx_word' id='word_1_195' title='bbox 330 2689 392 2736; x_wconf 86' lang='lat' dir='ltr'>tuto</span> <span class='ocrx_word' id='word_1_196' title='bbox 405 2679 569 2735; x_wconf 87' lang='lat' dir='ltr'>obeundum</span> <span class='ocrx_word' id='word_1_197' title='bbox 585 2693 643 2746; x_wconf 84' lang='lat'>142.</span> <span class='ocrx_word' id='word_1_198' title='bbox 653 2707 689 2718; x_wconf 92' lang='lat'>-</span> <span class='ocrx_word' id='word_1_199' title='bbox 702 2677 787 2748; x_wconf 86' lang='lat' dir='ltr'>Quod</span> <span class='ocrx_word' id='word_1_200' title='bbox 806 2678 990 2734; x_wconf 88' lang='lat' dir='ltr'>Providentia</span> <span class='ocrx_word' id='word_1_201' title='bbox 1011 2677 1091 2733; x_wconf 90' lang='lat' dir='ltr'>miris</span> <span class='ocrx_word' id='word_1_202' title='bbox 1106 2677 1160 2733; x_wconf 88' lang='lat' dir='ltr'>viis</span> 
     </span>
     <span class='ocr_line' id='line_1_27' title="bbox 185 2756 1160 2829; baseline 0.002 -19"><span class='ocrx_word' id='word_1_203' title='bbox 185 2757 306 2812; x_wconf 89' lang='lat' dir='ltr'>contulit</span> <span class='ocrx_word' id='word_1_204' title='bbox 330 2773 388 2825; x_wconf 87' lang='lat'>142.</span> <span class='ocrx_word' id='word_1_205' title='bbox 407 2788 444 2798; x_wconf 93' lang='lat'>—</span> <span class='ocrx_word' id='word_1_206' title='bbox 464 2757 666 2814; x_wconf 86' lang='lat' dir='ltr'>Sacratissima</span> <span class='ocrx_word' id='word_1_207' title='bbox 686 2767 731 2813; x_wconf 88' lang='lat' dir='ltr'>est</span> <span class='ocrx_word' id='word_1_208' title='bbox 752 2758 815 2812; x_wconf 85' lang='lat' dir='ltr'>haec</span> <span class='ocrx_word' id='word_1_209' title='bbox 837 2767 974 2828; x_wconf 87' lang='lat' dir='ltr'>potestas,</span> <span class='ocrx_word' id='word_1_210' title='bbox 1001 2773 1087 2829; x_wconf 89' lang='lat' dir='ltr'>quam</span> <span class='ocrx_word' id='word_1_211' title='bbox 1112 2756 1160 2825; x_wconf 84' lang='lat' dir='ltr'>qui</span> 
     </span>
     <span class='ocr_line' id='line_1_28' title="bbox 186 2836 1162 2908; baseline 0.002 -19"><span class='ocrx_word' id='word_1_212' title='bbox 186 2848 363 2908; x_wconf 88' lang='lat' dir='ltr'>oppugnant,</span> <span class='ocrx_word' id='word_1_213' title='bbox 386 2837 484 2893; x_wconf 87' lang='lat' dir='ltr'>bostes</span> <span class='ocrx_word' id='word_1_214' title='bbox 507 2836 646 2892; x_wconf 83' lang='lat' dir='ltr'>Ecclesiae</span> <span class='ocrx_word' id='word_1_215' title='bbox 668 2845 735 2891; x_wconf 91' lang='lat' dir='ltr'>sunt</span> <span class='ocrx_word' id='word_1_216' title='bbox 758 2850 816 2903; x_wconf 87' lang='lat'>142.</span> <span class='ocrx_word' id='word_1_217' title='bbox 829 2865 865 2876; x_wconf 88' lang='lat'>-—</span> <span class='ocrx_word' id='word_1_218' title='bbox 888 2837 963 2890; x_wconf 90' lang='lat' dir='ltr'>Tam</span> <span class='ocrx_word' id='word_1_219' title='bbox 984 2836 1082 2891; x_wconf 90' lang='lat' dir='ltr'>divina</span> <span class='ocrx_word' id='word_1_220' title='bbox 1097 2837 1162 2906; x_wconf 87' lang='lat' dir='ltr'>jura</span> 
     </span>
    </p>
   </div>
   <div class='ocr_carea' id='block_1_7' title="bbox 188 2914 1161 3058">
    <p class='ocr_par' dir='ltr' id='par_1_9' title="bbox 188 2914 1161 3058">
     <span class='ocr_line' id='line_1_29' title="bbox 188 2914 1161 2998; baseline 0 -29"><span class='ocrx_word' id='word_1_221' title='bbox 188 2925 311 2985; x_wconf 87' lang='lat' dir='ltr'>possunt</span> <span class='ocrx_word' id='word_1_222' title='bbox 322 2917 438 2988; x_wconf 90' lang='lat' dir='ltr'>quidem</span> <span class='ocrx_word' id='word_1_223' title='bbox 461 2919 498 2972; x_wconf 85' lang='lat' dir='ltr'>ad</span> <span class='ocrx_word' id='word_1_224' title='bbox 519 2927 631 2988; x_wconf 87' lang='lat' dir='ltr'>tempus</span> <span class='ocrx_word' id='word_1_225' title='bbox 653 2915 783 2998; x_wconf 81' lang='lat' dir='ltr'>procella</span> <span class='ocrx_word' id='word_1_226' title='bbox 803 2914 893 2984; x_wconf 90' lang='lat' dir='ltr'>obrui,</span> <span class='ocrx_word' id='word_1_227' title='bbox 914 2915 1018 2998; x_wconf 80' lang='lat' dir='ltr'>sedat</span> <span class='ocrx_word' id='word_1_228' title='bbox 1044 2915 1161 2998; x_wconf 82' lang='lat' dir='ltr'>fortiora</span> 
     </span>
     <span class='ocr_line' id='line_1_30' title="bbox 189 2987 1157 3058; baseline 0.001 -18"><span class='ocrx_word' id='word_1_229' title='bbox 189 2999 338 3056; x_wconf 86' lang='lat' dir='ltr'>emergant</span> <span class='ocrx_word' id='word_1_230' title='bbox 354 3004 410 3057; x_wconf 79' lang='lat'>143·</span> <span class='ocrx_word' id='word_1_231' title='bbox 424 3015 460 3028; x_wconf 84' lang='lat'>-</span> <span class='ocrx_word' id='word_1_232' title='bbox 473 2989 590 3044; x_wconf 89' lang='lat' dir='ltr'>Nedum</span> <span class='ocrx_word' id='word_1_233' title='bbox 603 2987 696 3042; x_wconf 81' lang='lat' dir='ltr'>ltaliae</span> <span class='ocrx_word' id='word_1_234' title='bbox 716 2995 822 3042; x_wconf 86' lang='lat' dir='ltr'>noceat</span> <span class='ocrx_word' id='word_1_235' title='bbox 843 3001 878 3041; x_wconf 86' lang='lat' dir='ltr'>ea</span> <span class='ocrx_word' id='word_1_236' title='bbox 898 2987 1079 3056; x_wconf 82' lang='lat' dir='ltr'>vindicando,</span> <span class='ocrx_word' id='word_1_237' title='bbox 1101 2988 1157 3058; x_wconf 84' lang='lat' dir='ltr'>ipst</span> 
     </span>
    </p>
   </div>
   <div class='ocr_carea' id='block_1_8' title="bbox 185 3063 1161 3376">
    <p class='ocr_par' dir='ltr' id='par_1_10' title="bbox 185 3063 1161 3376">
     <span class='ocr_line' id='line_1_31' title="bbox 187 3063 1159 3138; baseline -0.001 -18"><span class='ocrx_word' id='word_1_238' title='bbox 187 3081 365 3138; x_wconf 84' lang='lat' dir='ltr'>magnopere</span> <span class='ocrx_word' id='word_1_239' title='bbox 379 3067 508 3123; x_wconf 84' lang='lat' dir='ltr'>Pontifex</span> <span class='ocrx_word' id='word_1_240' title='bbox 526 3069 643 3138; x_wconf 88' lang='lat' dir='ltr'>prodest</span> <span class='ocrx_word' id='word_1_241' title='bbox 668 3080 726 3134; x_wconf 83' lang='lat'>143.</span> <span class='ocrx_word' id='word_1_242' title='bbox 738 3095 774 3106; x_wconf 85' lang='lat'><em>-</em></span> <span class='ocrx_word' id='word_1_243' title='bbox 788 3066 875 3121; x_wconf 85' lang='lat' dir='ltr'>Haud</span> <span class='ocrx_word' id='word_1_244' title='bbox 889 3066 978 3121; x_wconf 90' lang='lat' dir='ltr'>semel</span> <span class='ocrx_word' id='word_1_245' title='bbox 991 3067 1091 3134; x_wconf 89' lang='lat' dir='ltr'>amice,</span> <span class='ocrx_word' id='word_1_246' title='bbox 1104 3063 1159 3121; x_wconf 90' lang='lat' dir='ltr'>etsi</span> 
     </span>
     <span class='ocr_line' id='line_1_32' title="bbox 186 3146 1159 3216; baseline 0.002 -17"><span class='ocrx_word' id='word_1_247' title='bbox 186 3161 318 3216; x_wconf 88' lang='lat' dir='ltr'>querens,</span> <span class='ocrx_word' id='word_1_248' title='bbox 342 3147 435 3203; x_wconf 79' lang='lat' dir='ltr'>Italiae</span> <span class='ocrx_word' id='word_1_249' title='bbox 457 3147 587 3203; x_wconf 83' lang='lat' dir='ltr'>Pontifex</span> <span class='ocrx_word' id='word_1_250' title='bbox 608 3149 721 3202; x_wconf 87' lang='lat' dir='ltr'>locutus</span> <span class='ocrx_word' id='word_1_251' title='bbox 743 3156 786 3202; x_wconf 85' lang='lat' dir='ltr'>est</span> <span class='ocrx_word' id='word_1_252' title='bbox 810 3159 867 3215; x_wconf 85' lang='lat'>143.</span> <span class='ocrx_word' id='word_1_253' title='bbox 880 3175 916 3186; x_wconf 91' lang='grc'><strong>-</strong></span> <span class='ocrx_word' id='word_1_254' title='bbox 931 3146 1159 3202; x_wconf 84' lang='lat' dir='ltr'>Italiaecontra</span> 
     </span>
     <span class='ocr_line' id='line_1_33' title="bbox 185 3224 1161 3297; baseline 0.001 -19"><span class='ocrx_word' id='word_1_255' title='bbox 185 3225 269 3280; x_wconf 85' lang='lat' dir='ltr'>novis</span> <span class='ocrx_word' id='word_1_256' title='bbox 281 3227 369 3281; x_wconf 87' lang='lat' dir='ltr'>armis</span> <span class='ocrx_word' id='word_1_257' title='bbox 381 3226 502 3297; x_wconf 88' lang='lat' dir='ltr'>pacifico</span> <span class='ocrx_word' id='word_1_258' title='bbox 514 3227 573 3282; x_wconf 89' lang='lat' dir='ltr'>zelo</span> <span class='ocrx_word' id='word_1_259' title='bbox 581 3224 728 3296; x_wconf 87' lang='lat' dir='ltr'>respoudit</span> <span class='ocrx_word' id='word_1_260' title='bbox 742 3225 962 3294; x_wconf 58' lang='lat' dir='ltr'>nrt-Utinam</span> <span class='ocrx_word' id='word_1_261' title='bbox 977 3228 1057 3282; x_wconf 86' lang='lat' dir='ltr'>Deus</span> <span class='ocrx_word' id='word_1_262' title='bbox 1070 3225 1161 3281; x_wconf 86' lang='lat' dir='ltr'>Italiae</span> 
     </span>
     <span class='ocr_line' id='line_1_34' title="bbox 186 3304 1118 3376; baseline 0 -16"><span class='ocrx_word' id='word_1_263' title='bbox 186 3317 296 3376; x_wconf 85' lang='lat' dir='ltr'>parcat,</span> <span class='ocrx_word' id='word_1_264' title='bbox 310 3307 471 3362; x_wconf 88' lang='lat' dir='ltr'>Ecclesiam</span> <span class='ocrx_word' id='word_1_265' title='bbox 481 3305 587 3362; x_wconf 89' lang='lat' dir='ltr'>tuendo</span> <span class='ocrx_word' id='word_1_266' title='bbox 603 3320 661 3372; x_wconf 84' lang='lat'>144.</span> <span class='ocrx_word' id='word_1_267' title='bbox 671 3334 708 3346; x_wconf 89' lang='lat'><em>-</em></span> <span class='ocrx_word' id='word_1_268' title='bbox 720 3304 870 3360; x_wconf 87' lang='lat' dir='ltr'>Benedicit</span> <span class='ocrx_word' id='word_1_269' title='bbox 883 3305 1044 3376; x_wconf 87' lang='lat' dir='ltr'>peregrinis</span> <span class='ocrx_word' id='word_1_270' title='bbox 1060 3319 1118 3372; x_wconf 75' lang='lat'>144</span> 
     </span>
    </p>
   </div>
   <div class='ocr_carea' id='block_1_9' title="bbox 111 3405 1230 3550">
    <p class='ocr_par' dir='ltr' id='par_1_11' title="bbox 111 3405 1230 3550">
     <span class='ocr_line' id='line_1_35' title="bbox 149 3405 1162 3459; baseline -0.001 -3"><span class='ocrx_word' id='word_1_271' title='bbox 149 3407 204 3458; x_wconf 85' lang='grc'>35.</span> <span class='ocrx_word' id='word_1_272' title='bbox 228 3407 350 3459; x_wconf 82' lang='lat' dir='ltr'><strong>MOTU</strong></span> <span class='ocrx_word' id='word_1_273' title='bbox 363 3405 557 3458; x_wconf 82' lang='lat' dir='ltr'>PROPRIO</span> <span class='ocrx_word' id='word_1_274' title='bbox 577 3417 672 3456; x_wconf 76' lang='lat' dir='ltr'>novas</span> <span class='ocrx_word' id='word_1_275' title='bbox 696 3405 737 3455; x_wconf 82' lang='lat' dir='ltr'>de</span> <span class='ocrx_word' id='word_1_276' title='bbox 749 3405 940 3456; x_wconf 82' lang='lat' dir='ltr'>ordinanda</span> <span class='ocrx_word' id='word_1_277' title='bbox 955 3405 1162 3456; x_wconf 75' lang='lat' dir='ltr'>Bibliotheca</span> 
     </span>
     <span class='ocr_line' id='line_1_36' title="bbox 111 3484 1230 3550; baseline -0.005 -12"><span class='ocrx_word' id='word_1_278' title='bbox 111 3484 798 3550; x_wconf 69' lang='grc'>11111111111311111111111.-1011111111</span> <span class='ocrx_word' id='word_1_279' title='bbox 813 3484 892 3535; x_wconf 91' lang='grc'>1888</span> <span class='ocrx_word' id='word_1_280' title='bbox 1182 3490 1230 3547; x_wconf 83' lang='grc'>145</span> 
     </span>
    </p>
   </div>
   <div class='ocr_carea' id='block_1_10' title="bbox 184 3573 1160 4198">
    <p class='ocr_par' dir='ltr' id='par_1_12' title="bbox 184 3573 1160 4198">
     <span class='ocr_line' id='line_1_37' title="bbox 223 3573 1159 3646; baseline -0.003 -16"><span class='ocrx_word' id='word_1_281' title='bbox 223 3576 353 3632; x_wconf 86' lang='lat' dir='ltr'>Pontifex</span> <span class='ocrx_word' id='word_1_282' title='bbox 366 3586 486 3632; x_wconf 88' lang='lat' dir='ltr'>testatur</span> <span class='ocrx_word' id='word_1_283' title='bbox 493 3592 525 3632; x_wconf 87' lang='lat' dir='ltr'>se</span> <span class='ocrx_word' id='word_1_284' title='bbox 532 3575 654 3646; x_wconf 85' lang='lat' dir='ltr'>vestigia</span> <span class='ocrx_word' id='word_1_285' title='bbox 665 3574 849 3629; x_wconf 86' lang='lat' dir='ltr'>decessorum</span> <span class='ocrx_word' id='word_1_286' title='bbox 863 3590 978 3629; x_wconf 89' lang='lat' dir='ltr'>snorum</span> <span class='ocrx_word' id='word_1_287' title='bbox 992 3573 1159 3643; x_wconf 87' lang='lat' dir='ltr'>ingressum,</span> 
     </span>
     <span class='ocr_line' id='line_1_38' title="bbox 184 3651 1159 3720; baseline -0.005 -10"><span class='ocrx_word' id='word_1_288' title='bbox 184 3673 271 3710; x_wconf 86' lang='lat' dir='ltr'>curas</span> <span class='ocrx_word' id='word_1_289' title='bbox 283 3671 383 3711; x_wconf 89' lang='lat' dir='ltr'>omnes</span> <span class='ocrx_word' id='word_1_290' title='bbox 396 3657 426 3711; x_wconf 91' lang='lat' dir='ltr'>in</span> <span class='ocrx_word' id='word_1_291' title='bbox 436 3655 607 3712; x_wconf 75' lang='lat' dir='ltr'>Vaticanum</span> <span class='ocrx_word' id='word_1_292' title='bbox 620 3653 830 3708; x_wconf 88' lang='lat' dir='ltr'>Bibliothecam</span> <span class='ocrx_word' id='word_1_293' title='bbox 842 3653 997 3706; x_wconf 85' lang='lat' dir='ltr'>contulisse</span> <span class='ocrx_word' id='word_1_294' title='bbox 1014 3665 1107 3720; x_wconf 84' lang='grc' dir='ltr'>14ς.-</span> <span class='ocrx_word' id='word_1_295' title='bbox 1113 3651 1159 3706; x_wconf 83' lang='lat' dir='ltr'>Ad</span> 
     </span>
     <span class='ocr_line' id='line_1_39' title="bbox 186 3727 1159 3802; baseline -0.004 -14"><span class='ocrx_word' id='word_1_296' title='bbox 186 3734 393 3789; x_wconf 87' lang='lat' dir='ltr'>incrementum</span> <span class='ocrx_word' id='word_1_297' title='bbox 401 3734 560 3790; x_wconf 87' lang='lat' dir='ltr'>studiorum</span> <span class='ocrx_word' id='word_1_298' title='bbox 570 3733 779 3799; x_wconf 90' lang='lat' dir='ltr'>historicorum,</span> <span class='ocrx_word' id='word_1_299' title='bbox 787 3731 891 3802; x_wconf 90' lang='lat' dir='ltr'>quibus</span> <span class='ocrx_word' id='word_1_300' title='bbox 904 3730 1001 3786; x_wconf 89' lang='lat' dir='ltr'>hostes</span> <span class='ocrx_word' id='word_1_301' title='bbox 1014 3727 1159 3798; x_wconf 88' lang='lat' dir='ltr'>religionis</span> 
     </span>
     <span class='ocr_line' id='line_1_40' title="bbox 184 3807 1160 3884; baseline -0.006 -16"><span class='ocrx_word' id='word_1_302' title='bbox 184 3813 272 3868; x_wconf 81' lang='lat' dir='ltr'>ulmis</span> <span class='ocrx_word' id='word_1_303' title='bbox 285 3830 362 3884; x_wconf 88' lang='lat' dir='ltr'>saepe</span> <span class='ocrx_word' id='word_1_304' title='bbox 374 3824 474 3869; x_wconf 85' lang='lat' dir='ltr'>contra</span> <span class='ocrx_word' id='word_1_305' title='bbox 483 3813 631 3869; x_wconf 88' lang='lat' dir='ltr'>veritatem</span> <span class='ocrx_word' id='word_1_306' title='bbox 641 3811 803 3878; x_wconf 88' lang='lat' dir='ltr'>abutuntur,</span> <span class='ocrx_word' id='word_1_307' title='bbox 813 3809 998 3881; x_wconf 86' lang='lat' dir='ltr'>aperiendam</span> <span class='ocrx_word' id='word_1_308' title='bbox 1010 3807 1160 3862; x_wconf 90' lang='lat' dir='ltr'>doctorum</span> 
     </span>
     <span class='ocr_line' id='line_1_41' title="bbox 186 3887 1159 3963; baseline -0.005 -17"><span class='ocrx_word' id='word_1_309' title='bbox 186 3891 420 3963; x_wconf 85' lang='lat' dir='ltr'>inquisitionibus</span> <span class='ocrx_word' id='word_1_310' title='bbox 433 3894 507 3948; x_wconf 89' lang='lat' dir='ltr'>Bibl.</span> <span class='ocrx_word' id='word_1_311' title='bbox 522 3893 585 3948; x_wconf 88' lang='lat' dir='ltr'>Vat.</span> <span class='ocrx_word' id='word_1_312' title='bbox 605 3891 684 3946; x_wconf 92' lang='lat' dir='ltr'>duxit</span> <span class='ocrx_word' id='word_1_313' title='bbox 697 3888 755 3955; x_wconf 89' lang='grc'>146.</span> <span class='ocrx_word' id='word_1_314' title='bbox 768 3917 803 3926; x_wconf 97' lang='grc'>-</span> <span class='ocrx_word' id='word_1_315' title='bbox 818 3889 911 3958; x_wconf 86' lang='lat' dir='ltr'>Quem</span> <span class='ocrx_word' id='word_1_316' title='bbox 923 3887 961 3942; x_wconf 91' lang='lat' dir='ltr'>ad</span> <span class='ocrx_word' id='word_1_317' title='bbox 970 3887 1056 3940; x_wconf 90' lang='lat' dir='ltr'>finem</span> <span class='ocrx_word' id='word_1_318' title='bbox 1069 3903 1159 3942; x_wconf 84' lang='lat' dir='ltr'>novas</span> 
     </span>
     <span class='ocr_line' id='line_1_42' title="bbox 184 3964 1160 4044; baseline -0.005 -19"><span class='ocrx_word' id='word_1_319' title='bbox 184 3972 272 4041; x_wconf 88' lang='lat' dir='ltr'>leges,</span> <span class='ocrx_word' id='word_1_320' title='bbox 285 3972 346 4044; x_wconf 87' lang='lat' dir='ltr'>jam</span> <span class='ocrx_word' id='word_1_321' title='bbox 359 3966 535 4042; x_wconf 80' lang='lat' dir='ltr'>experientia</span> <span class='ocrx_word' id='word_1_322' title='bbox 553 3971 697 4044; x_wconf 86' lang='lat' dir='ltr'>probatas,</span> <span class='ocrx_word' id='word_1_323' title='bbox 719 3967 867 4023; x_wconf 85' lang='lat' dir='ltr'>confirmat</span> <span class='ocrx_word' id='word_1_324' title='bbox 888 3983 921 4022; x_wconf 90' lang='lat' dir='ltr'>ac</span> <span class='ocrx_word' id='word_1_325' title='bbox 945 3965 1037 4022; x_wconf 84' lang='lat' dir='ltr'>sancit</span> <span class='ocrx_word' id='word_1_326' title='bbox 1053 3964 1112 4034; x_wconf 89' lang='grc'>146,</span> <span class='ocrx_word' id='word_1_327' title='bbox 1124 3982 1160 4020; x_wconf 91' lang='lat' dir='ltr'>ea</span> 
     </span>
     <span class='ocr_line' id='line_1_43' title="bbox 188 4044 1159 4118; baseline -0.004 -13"><span class='ocrx_word' id='word_1_328' title='bbox 188 4051 335 4106; x_wconf 85' lang='lat' dir='ltr'>CardInali</span> <span class='ocrx_word' id='word_1_329' title='bbox 356 4051 581 4108; x_wconf 87' lang='lat' dir='ltr'>Bibliothecario</span> <span class='ocrx_word' id='word_1_330' title='bbox 596 4051 654 4118; x_wconf 85' lang='lat'>146,</span> <span class='ocrx_word' id='word_1_331' title='bbox 667 4065 779 4104; x_wconf 91' lang='lat' dir='ltr'>necnon</span> <span class='ocrx_word' id='word_1_332' title='bbox 791 4048 850 4102; x_wconf 88' lang='lat' dir='ltr'>suls</span> <span class='ocrx_word' id='word_1_333' title='bbox 863 4044 1078 4102; x_wconf 88' lang='lat' dir='ltr'>successoribus</span> <span class='ocrx_word' id='word_1_334' title='bbox 1089 4045 1159 4116; x_wconf 88' lang='lat' dir='ltr'>ipsis</span> 
     </span>
     <span class='ocr_line' id='line_1_44' title="bbox 187 4131 468 4198; baseline 0.011 -14"><span class='ocrx_word' id='word_1_335' title='bbox 187 4131 394 4186; x_wconf 88' lang='lat' dir='ltr'>commendans</span> <span class='ocrx_word' id='word_1_336' title='bbox 411 4144 468 4198; x_wconf 90' lang='grc'>147.</span> 
     </span>
    </p>
   </div>
   <div class='ocr_carea' id='block_1_11' title="bbox 103 4217 1229 4363">
    <p class='ocr_par' dir='ltr' id='par_1_13' title="bbox 103 4217 1229 4363">
     <span class='ocr_line' id='line_1_45' title="bbox 145 4217 1229 4349; baseline -0.006 -75"><span class='ocrx_word' id='word_1_337' title='bbox 145 4223 203 4274; x_wconf 85' lang='grc'>36.</span> <span class='ocrx_word' id='word_1_338' title='bbox 230 4223 563 4274; x_wconf 79' lang='lat' dir='ltr'>REGOLAMEN&#39;I&#39;O</span> <span class='ocrx_word' id='word_1_339' title='bbox 582 4220 729 4274; x_wconf 84' lang='lat' dir='ltr'><strong>DELLA</strong></span> <span class='ocrx_word' id='word_1_340' title='bbox 750 4217 1015 4270; x_wconf 81' lang='lat' dir='ltr'>BIBLIOTECII</span> <span class='ocrx_word' id='word_1_341' title='bbox 1034 4218 1158 4268; x_wconf 83' lang='lat' dir='ltr'>VATI-</span> <span class='ocrx_word' id='word_1_342' title='bbox 1213 4295 1229 4349; x_wconf 73' lang='grc'><strong>8</strong></span> 
     </span>
     <span class='ocr_line' id='line_1_46' title="bbox 103 4302 1210 4363; baseline -0.004 -9"><span class='ocrx_word' id='word_1_343' title='bbox 103 4302 235 4357; x_wconf 74' lang='grc'>(1111111</span> <span class='ocrx_word' id='word_1_344' title='bbox 1137 4308 1210 4363; x_wconf 92' lang='grc'>..14</span> 
     </span>
    </p>
   </div>
   <div class='ocr_carea' id='block_1_12' title="bbox 186 4391 1158 4546">
    <p class='ocr_par' dir='ltr' id='par_1_14' title="bbox 186 4391 1158 4546">
     <span class='ocr_line' id='line_1_47' title="bbox 192 4391 1158 4466; baseline -0.003 -15"><span class='ocrx_word' id='word_1_345' title='bbox 192 4415 194 4422; x_wconf 77' lang='grc'><strong>’</strong></span> <span class='ocrx_word' id='word_1_346' title='bbox 223 4397 244 4451; x_wconf 89' lang='grc'>1.</span> <span class='ocrx_word' id='word_1_347' title='bbox 259 4397 304 4452; x_wconf 89' lang='lat' dir='ltr'>De</span> <span class='ocrx_word' id='word_1_348' title='bbox 318 4395 418 4451; x_wconf 87' lang='lat' dir='ltr'>ordine</span> <span class='ocrx_word' id='word_1_349' title='bbox 431 4395 566 4466; x_wconf 87' lang='lat' dir='ltr'>organico</span> <span class='ocrx_word' id='word_1_350' title='bbox 579 4395 652 4450; x_wconf 84' lang='lat' dir='ltr'>Bibl</span> <span class='ocrx_word' id='word_1_351' title='bbox 665 4395 730 4449; x_wconf 87' lang='lat' dir='ltr'>Vnt.</span> <span class='ocrx_word' id='word_1_352' title='bbox 747 4394 805 4461; x_wconf 90' lang='grc'>148.</span> <span class='ocrx_word' id='word_1_353' title='bbox 819 4422 854 4432; x_wconf 93' lang='grc'>-</span> <span class='ocrx_word' id='word_1_354' title='bbox 869 4393 914 4448; x_wconf 90' lang='lat' dir='ltr'>De</span> <span class='ocrx_word' id='word_1_355' title='bbox 929 4391 1076 4447; x_wconf 87' lang='lat' dir='ltr'>Cardinali</span> <span class='ocrx_word' id='word_1_356' title='bbox 1090 4393 1158 4448; x_wconf 88' lang='lat' dir='ltr'>Pro·</span> 
     </span>
     <span class='ocr_line' id='line_1_48' title="bbox 186 4475 1158 4546; baseline 0.003 -16"><span class='ocrx_word' id='word_1_357' title='bbox 186 4483 294 4532; x_wconf 88' lang='lat' dir='ltr'>tectore</span> <span class='ocrx_word' id='word_1_358' title='bbox 310 4477 453 4543; x_wconf 86' lang='lat' dir='ltr'>149.-De</span> <span class='ocrx_word' id='word_1_359' title='bbox 465 4475 594 4546; x_wconf 83' lang='lat' dir='ltr'>ejusdem</span> <span class='ocrx_word' id='word_1_360' title='bbox 606 4476 699 4531; x_wconf 91' lang='lat' dir='ltr'>locum</span> <span class='ocrx_word' id='word_1_361' title='bbox 713 4477 874 4532; x_wconf 88' lang='lat' dir='ltr'>tenentibus</span> <span class='ocrx_word' id='word_1_362' title='bbox 890 4488 949 4546; x_wconf 84' lang='lat'>150.</span> <span class='ocrx_word' id='word_1_363' title='bbox 960 4505 995 4514; x_wconf 97' lang='lat'>-</span> <span class='ocrx_word' id='word_1_364' title='bbox 1009 4477 1054 4532; x_wconf 92' lang='lat' dir='ltr'>De</span> <span class='ocrx_word' id='word_1_365' title='bbox 1064 4489 1158 4535; x_wconf 90' lang='lat' dir='ltr'>custo·</span> 
     </span>
    </p>
   </div>
   <div class='ocr_carea' id='block_1_13' title="bbox 0 0 1630 4876">
    <p class='ocr_par' dir='ltr' id='par_1_15' title="bbox 0 0 1630 4876">
     <span class='ocr_line' id='line_1_49' title="bbox 0 0 1630 4876; baseline 0 0"><span class='ocrx_word' id='word_1_366' title='bbox 0 0 1630 4876; x_wconf 95' lang='lat' dir='ltr'> </span> 
     </span>
    </p>
   </div>
  </div>
 </body>
</html>
