3172 4874
368 335 419 387 DE
437 335 676 390 CONDITIONE
693 335 887 389 OPIFICUM.
1113 333 1176 402 191

117 513 209 580 Satis
224 521 276 579 est
291 515 325 579 in
342 514 408 579 hoc
422 534 543 598 genere
560 515 718 598 exempla
733 525 884 580 veterum
906 512 1076 596 paulisper
1090 511 1181 595 cogi·
1244 520 1324 608 Μζ-ξη

71 619 200 684 tatione
215 627 375 702 repetere.
397 619 465 684 Res
484 629 517 685 et
544 619 633 684 facta
654 637 968 696 commemoramus,
983 636 1069 699 quae
1084 616 1181 681 dubi·
1248 615 1316 677 1891·

71 721 236 788 tationem
264 721 392 786 nullam
416 721 566 789 habent:
589 723 716 787 scilicet
736 722 869 787 civilem
889 721 1065 786 hominum
1090 739 1180 784 com·
1223 727 1358 798 §usupat-

71 825 272 891 munitatetn
297 825 447 891 funditus
474 845 547 891 esse
571 826 732 892 institutis
756 824 944 889 christianis
960 831 1154 888 renovatam
1174 845 1181 886 :
1205 792 1320 917 blm

69 931 208 996 huiusce
222 931 345 994 virtute
368 932 595 996 renovationis
620 933 664 997 ad
690 931 829 996 meliora
854 939 1047 1013 promotum
1075 947 1181 1012 genus
1204 905 1309 1013 ,mm
1325 913 1357 953 ‘⁶'

70 1035 378 1112 humanum,immo
389 1045 581 1100 revocatum
595 1037 638 1099 ab
651 1035 786 1101 interitu
799 1035 843 1099 ad
852 1034 967 1112 vitam,
977 1042 1180 1116 auctumque

69 1138 274 1221 perfectione
289 1147 394 1216 tanta,
410 1148 446 1203 nt
456 1159 518 1203 nec
530 1141 681 1204 extiterit
694 1138 761 1204 ulla
773 1147 950 1215 antea,nec
959 1137 1003 1200 sit
1012 1139 1046 1201 in
1062 1156 1180 1201 omnes
1206 1128 1359 1233 csssssw

69 1239 1179 1326 consequentesaetatessuturamaior.Denique1nsuncrrmsrnru
1203 1250 1262 1295 olim
1317 1250 1355 1294 in·

69 1346 189 1409 horum
206 1365 278 1408 esse
293 1344 530 1410 beneficiorum
547 1347 746 1430 principium
763 1345 921 1411 eumdem
944 1354 979 1408 et
1002 1343 1126 1407 finem:
1143 1352 1179 1406 ut
1201 1312 1357 1426 ἵζ”νῗὶῗηξῖ

67 1449 111 1513 ab
123 1469 165 1512 eo
178 1449 387 1533 profecta,sic
397 1451 439 1514 ad
453 1470 530 1514 eum
541 1452 655 1516 omnia
665 1450 848 1516 referenda.
859 1449 1027 1512 Nimirum
1041 1457 1178 1528 accepta
1203 1426 1356 1548 ffim‘ffl}

69 1552 1178 1635 Evangeliiluce,cumincarnationisVerbihominumqueredemp-
1205 1547 1292 1658 ms
1313 1549 1355 1592 ad·

69 1656 170 1719 tionis
181 1657 308 1739 grande
319 1657 514 1740 mysterium
529 1658 620 1722 orbis
635 1667 799 1722 terrarum
811 1657 993 1734 didicisset,
1002 1657 1072 1720 vita
1089 1656 1177 1720 IESU

71 1759 231 1824 CHRISTI
247 1760 312 1823 Dei
328 1770 362 1825 et
377 1759 523 1825 hominis
548 1763 695 1846 pervasit
719 1761 881 1838 civitates,
906 1762 1044 1842 eiusque
1063 1759 1129 1823 fide
1144 1771 1177 1824 et

70 1865 257 1947 praeceptis
273 1875 307 1929 et
322 1865 452 1948 legibus
461 1874 551 1931 totas
563 1869 693 1932 imbuit.
707 1866 821 1950 Quare
836 1866 864 1928 si
880 1867 1032 1929 societati
1047 1865 1178 1948 generis
1204 1867 1300 1912 aarum
1319 1882 1355 1912 rc·

66 1966 205 2032 humani
240 1970 444 2033 medendum
477 1980 537 2049 est,
568 1971 736 2035 revocatio
769 1971 859 2033 vitae
882 1969 1179 2052 institutorumque
1204 1927 1356 2033 lelasslrll'bl]

67 2071 325 2137 christianorum
338 2072 409 2135 sola
421 2073 616 2137 medebitur.
628 2075 681 2137 De
697 2073 913 2137 societatibus
926 2073 1016 2135 enirn
1028 2072 1177 2137 dilaben-
1204 2053 1243 2150 lli.
1261 2051 1355 2094 'mm'

68 2177 158 2242 tibus
174 2176 256 2240 illud
272 2175 456 2240 rectissime
472 2177 683 2259 praecipitur,
699 2176 846 2240 revocari
871 2175 914 2238 ad
931 2175 1076 2256 origines
1092 2196 1179 2252 suas,

67 2300 146 2344 curn
163 2281 292 2344 restitui
317 2279 443 2357 volunt,
469 2288 633 2363 oportere.
651 2279 747 2342 Haec
768 2279 858 2342 enim
883 2279 1034 2340 omnium
1060 2298 1178 2342 conso-

64 2383 249 2447 ciationum
265 2382 424 2464 perfectio
446 2393 505 2461 est,
521 2385 563 2447 de
579 2403 620 2447 eo
636 2382 788 2447 laborare
803 2381 905 2463 idque
928 2381 1069 2462 assequi,
1084 2382 1178 2446 cuius

62 2487 175 2568 gratia
190 2486 364 2551 institutae
379 2497 476 2552 sunt:
492 2489 539 2552 ita
553 2497 589 2552 ut
605 2497 718 2552 motus
730 2496 893 2569 actusque
908 2485 1047 2550 sociales
1058 2488 1176 2551 eadem

64 2610 184 2656 caussa
196 2590 403 2674 pariat,quae
412 2593 542 2676 peperit
551 2593 758 2656 societatem.
768 2591 999 2675 Quamobrem
1010 2591 1178 2656 declinare

64 2696 108 2758 ab
140 2695 304 2774 instituto,
328 2696 497 2778 corruptio
521 2705 595 2760 est:
621 2697 664 2760 ad
693 2696 886 2761 institutum
914 2695 1021 2760 redire
1037 2697 1176 2762 sanatio.

64 2799 314 2882 Verissimeque
331 2799 364 2864 id
377 2800 663 2884 quemadmodum
678 2801 721 2864 de
731 2809 805 2864 toto
816 2799 1017 2882 reipublicae
1029 2821 1177 2884 corpore,

64 2904 185 2966 eodem
203 2903 305 2968 modo
320 2905 363 2967 de
378 2902 436 2967 illo
451 2903 570 2968 ordine
585 2904 708 2966 civium
731 2902 885 2982 dicimus,
901 2902 959 2984 qui
984 2903 1088 2968 vitam
1105 2923 1176 2968 sus-

65 3013 202 3070 tentant
218 3027 328 3090 opere,
343 3027 430 3089 quae
442 3015 494 3070 est
506 3007 606 3090 longe
623 3007 776 3070 maxima
794 3005 985 3072 multitudo

108 3111 143 3175 N
148 3131 185 3175 ec
201 3120 314 3176 tamen
330 3112 529 3194 putandum,
554 3112 586 3174 in
607 3111 758 3176 colendis
773 3112 898 3175 animis
915 3119 1005 3175 totas
1022 3131 1095 3176 esse
1111 3113 1175 3176 Ec·
1216 3169 1241 3221 b,
1253 3167 1304 3214 Na
1314 3174 1352 3213 ta·

62 3213 184 3279 clesiae
200 3234 295 3279 curas
312 3216 359 3279 ita
373 3214 516 3293 defixas,
531 3225 568 3282 ut
584 3236 624 3280 ea
640 3215 791 3298 negligat
806 3235 894 3298 quae
920 3216 964 3279 ad
981 3216 1085 3280 vitam
1102 3237 1174 3298 per·
1202 3241 1254 3271 men
1269 3241 1352 3298 corno

63 3317 175 3384 tinent
202 3320 378 3384 mortalem
406 3340 445 3384 ac
473 3329 649 3384 terrenam.
679 3321 732 3384 De
758 3319 946 3402 proletariis
974 3321 1172 3385 nominatim
1201 3287 1352 3404 {ulmam

62 3423 134 3488 vult
150 3433 184 3488 et
199 3424 373 3488 contendit
389 3432 427 3488 ut
442 3434 617 3507 emergant
632 3445 650 3488 e
666 3425 852 3488 miserrimo
875 3432 964 3486 statu
991 3421 1172 3488 fortunam·
1200 3405 1318 3459 E⁶‘²‘³²'“·

1197 3467 1332 3520 prasertim

62 3544 129 3606 que
156 3527 326 3592 meliorem
352 3529 592 3610 adipiscantur.
615 3528 733 3611 Atque
760 3528 794 3591 in
822 3528 856 3592 id
873 3526 1003 3590 confert
1019 3526 1082 3592 hoc
1099 3529 1172 3612 ipso
1195 3525 1337 3629 mim·

62 3648 201 3711 operam
218 3652 285 3696 non
304 3633 516 3708 mediocrem,
534 3632 625 3715 quod
643 3641 741 3696 vocat
757 3640 792 3696 et
807 3630 953 3696 instituit
962 3631 1115 3695 homines
1128 3634 1170 3698 ad

63 3733 231 3800 virtutem.
248 3736 360 3799 Mores
376 3737 466 3800 enim
483 3736 665 3814 christiani,
682 3735 739 3800 ubi
755 3743 930 3798 serventur
947 3735 1077 3819 integri,
1097 3757 1171 3820 par·
1210 3777 1237 3836 α)
1259 3777 1350 3828 1nurre-

64 3840 133 3900 tem
147 3837 292 3920 aliquam
304 3839 535 3920 prosperitatis
545 3857 606 3901 sua
615 3847 736 3920 sponte
752 3836 887 3918 pariunt
900 3835 998 3900 rebus
1014 3840 1173 3915 externis,
1198 3847 1237 3887 010
1251 3843 1350 3898 regendo

64 3941 144 4019 quia
169 3941 350 4006 conciliant
374 3942 576 4025 principium
603 3960 643 4005 ac
668 3941 796 4004 fontem
828 3940 980 4003 omnium
1007 3941 1171 4008 bonorum
1198 3913 1285 3946 ΝΟΜ

64 4039 176 4109 Deum
192 4067 199 4123 ;
213 4055 368 4110 coercent
383 4048 536 4128 geminas
551 4047 642 4111 vitae
657 4054 780 4129 pestes,
797 4063 884 4128 quae
905 4045 1047 4111 nimium
1072 4067 1172 4131 saepe

61 4141 235 4213 hominem
251 4147 398 4214 efficiunt
414 4151 447 4212 in
459 4151 532 4232 ipsa
544 4169 647 4232 opum
662 4148 871 4212 abundantia
884 4149 1051 4226 miserum,
1063 4171 1171 4214 rerum

61 4253 292 4331 appetentiam
309 4251 447 4318 nimiam
464 4262 498 4317 et
509 4253 722 4337 voluptatum
739 4253 829 4316 sitim
843 4251 886 4336 (1)
901 4276 907 4316 :
920 4254 1070 4318 contenti
1080 4255 1172 4319 deni·

92 4410 108 4442 ¹.
123 4400 212 4446 Radix
222 4400 330 4444 omnium
342 4403 462 4446 malornm
469 4407 504 4446 est
512 4399 641 4461 cupiditas.
655 4399 666 4446 l
678 4400 752 4453 Tim..
763 4409 799 4455 vl,
814 4413 849 4448 ιο.
