3194 4872
254 501 577 582 LITTERAE
612 498 1053 584 APOSTOLICAE

120 622 1195 775 {i—l?

339 820 680 882 ANTISTITIBUS
704 819 963 884 CONCESSO.

148 1087 560 1164 QRAECLARO
588 1091 721 1155 divinae
747 1091 874 1174 gratiae
899 1111 1035 1156 munere
1050 1091 1206 1160 effectum

263 1169 287 1236 β
311 1205 372 1272 est,
388 1205 425 1260 ut
441 1195 656 1260 sacerdotalis
671 1195 817 1260 Nostrae
833 1197 1092 1260 consecrationis
1116 1197 1205 1263 diem
1231 1119 1379 1250 rrprglffinn

137 1155 288 1400 Ἐξ
311 1300 590 1382 quinquagesimo
613 1319 703 1362 anno
727 1300 920 1364 redeuntem
946 1298 1109 1382 frequenti
1127 1301 1207 1384 Epi·

308 1422 486 1485 scoporum
508 1402 745 1466 venerabilium
759 1403 914 1466 Fratrum
936 1401 1135 1467 Nostrcrum
1152 1425 1206 1468 co·
1289 1396 1383 1482 qaum

110 1522 185 1566 rona
199 1505 296 1587 septi,
312 1505 487 1568 innumero
499 1503 648 1568 fidelium
663 1515 761 1569 coetu
776 1503 891 1587 stipati
907 1505 987 1588 quin
1005 1516 1038 1568 et
1054 1507 1208 1570 universo
1233 1472 1384 1590 wdssssd‘

110 1606 282 1674 christiano
313 1609 394 1672 orbe
409 1610 574 1692 gestiente
590 1609 756 1674 celebrare
772 1610 986 1692 potuerimus.
1015 1609 1077 1676 Cui
1093 1621 1208 1676 tantae
1232 1591 1385 1694 ,ζῗξξῖζζῇ

111 1712 287 1778 celebritati
323 1713 492 1796 fastigium
537 1713 730 1796 impositum
762 1725 813 1778 est
838 1714 1019 1778 maioribus
1049 1716 1206 1780 caelitum
1227 1707 1383 1826 {demidii

109 1815 294 1895 honoribus,
310 1838 394 1900 quos
410 1817 526 1882 divino
542 1818 661 1900 spiritu
678 1818 880 1899 adspirante,
895 1837 1050 1901 suprema
1066 1823 1208 1884 auctori·
1234 1827 1384 1871 tumtum·

109 1927 171 1984 tate
187 1919 311 1984 Nostra
328 1921 496 1984 nonnullis
521 1921 667 1985 eximiae
683 1921 868 1985 sanctitatis
884 1921 961 1984 viris
977 1921 1118 1986 solemni
1143 1923 1208 1987 ritu
1233 1887 1385 1990 ῗῖἷὼτιῖίαοῖξ

110 2023 323 2088 attribuimus.
355 2023 451 2107 Quae
481 2025 618 2108 quidem
635 2025 749 2088 omnia
766 2044 831 2087 non
850 2043 917 2088 uno
934 2023 1041 2088 Nobis
1072 2027 1208 2090 nomine
1228 2009 1384 2108 {ffffmcb'd

109 2138 195 2208 grata
210 2137 243 2192 et
255 2129 465 2212 periucunda
491 2129 633 2194 suerunt.
651 2129 763 2192 Primo
778 2128 867 2192 enim
884 2129 917 2191 in
945 2148 1040 2210 spem
1071 2129 1208 2192 adduci·
1232 2123 1306 2167 “¹⁸²''-

110 2251 174 2294 mur
198 2231 265 2296 iore
283 2243 322 2297 ut
354 2232 500 2296 fidelium
528 2233 681 2315 precibus
697 2252 736 2296 ac
767 2232 988 2296 novensilium
1015 2242 1207 2297 sanctorum
1234 2280 1279 2325 ΗΕ
1303 2241 1394 2324 Μ’

109 2331 337 2396 intercessione
347 2333 546 2416 propitiatus
563 2333 665 2408 Deus,
678 2341 728 2396 tot
739 2333 916 2414 tantisque,
929 2333 1048 2414 quibus
1059 2331 1208 2396 humana
1257 2339 1350 2390 nitores,

109 2437 260 2513 premitur
290 2435 443 2514 societas,
473 2437 570 2499 malis
585 2447 776 2519 opportuna
792 2434 908 2501 aflerat
925 2437 1082 2512 remedia,
1112 2447 1207 2519 opta·
1283 2499 1313 2545 H,
1330 2499 1375 2544 I„

110 2547 235 2621 tamque
252 2539 383 2602 mundo
398 2559 515 2621 pacem
531 2558 571 2602 ac
590 2539 866 2623 tranquillitatem
883 2539 1051 2624 largiatur.
1075 2539 1207 2604 Deinde
1241 2505 1373 2604 ''md‘'

109 2660 178 2703 vero
203 2663 247 2706 ex
265 2661 309 2706 eo
325 2641 489 2706 laetamur
509 2642 599 2725 quod
632 2642 892 2714 innumerabiles
918 2642 1151 2706 observantiae
1174 2652 1208 2706 et
1225 2619 1326 2679 sam'ae'

109 2746 248 2828 obsequii
277 2744 550 2828 significationes,
579 2747 700 2830 quibus
717 2747 789 2810 Nos
805 2757 879 2810 toto
891 2746 971 2810 orbe
996 2744 1110 2810 fideles
1127 2766 1207 2810 una·

109 2849 181 2912 nimi
190 2851 413 2914 consensione
424 2850 590 2932 prosecuti
608 2860 695 2928 sunt,
707 2861 778 2914 tum
795 2852 978 2914 ostendunt
991 2861 1024 2914 et
1033 2851 1206 2933 antiquam

108 2955 260 3034 pietatem
274 2964 310 3019 et
322 2953 540 3037 Apostolicae
553 2953 650 3020 Sedis
661 2975 810 3019 amorem
821 2955 1007 3020 christianis
1018 2956 1207 3038 pectoribus

109 3057 167 3121 alte
183 3078 320 3123 manere
346 3055 507 3136 defixum,
529 3067 601 3122 tum
624 3059 656 3122 in
674 3080 841 3123 summam
858 3059 1095 3125 venerabilium
1128 3059 1207 3124 Fra·
1234 3082 1262 3125 sn
1287 3079 1383 3122 rafiam

110 3173 187 3225 trum
215 3181 386 3227 sacrorum
411 3162 613 3227 Antistitum
632 3163 766 3227 laudem
783 3163 918 3241 cedunt,
932 3183 1075 3246 quorum
1105 3183 1208 3244 opera
1233 3133 1321 3244 ffi'ffi
1332 3151 1384 3241 ᾖ.

110 3287 142 3328 ac
170 3269 303 3342 virtute,
319 3267 351 3328 in
383 3268 515 3349 populis
540 3267 601 3330 sibi
626 3268 870 3332 commendatis
887 3279 920 3331 et
943 3267 1151 3343 concreditis,
1174 3267 1207 3331 in
1235 3255 1375 3360 'ffiss‘u

111 3379 195 3434 tanta
209 3381 402 3452 temporum
419 3371 643 3453 perversitate,
674 3374 720 3435 ita
744 3372 835 3454 viget
851 3393 889 3436 ac
915 3371 1009 3436 floret
1025 3371 1209 3436 catholicae
1235 3375 1385 3491 mm·

111 3473 271 3556 religionis
288 3473 398 3537 cultus
414 3482 448 3537 et
463 3473 539 3537 huic
557 3474 589 3539 S.
607 3473 688 3540 Sedi
719 3495 757 3539 ac
775 3475 931 3540 Romano
955 3472 1107 3538 Pontifici
1131 3483 1209 3537 sunt
1234 3494 1277 3539 cu.

114 3577 207 3640 animi
223 3577 352 3641 addicti
369 3586 470 3660 atque
500 3577 678 3642 coniuncti.
697 3579 768 3643 Nos
785 3598 826 3642 ne
841 3578 941 3642 fausti
957 3577 1055 3641 huius
1070 3586 1208 3640 eventus

113 3681 264 3741 memoria
282 3676 468 3754 intercidat,
483 3686 586 3760 atque
601 3686 638 3740 ut
653 3677 823 3760 publicum
843 3679 978 3761 aliquod
1010 3676 1208 3740 benevolen-

112 3771 171 3835 tiae
186 3775 332 3838 Nostrae
352 3774 581 3838 testimonium
608 3775 851 3839 venerabilibus
863 3774 1035 3838 Fratribus
1049 3773 1208 3837 exhibea-

112 3895 187 3955 mus,
201 3889 345 3944 extemo
360 3879 494 3942 honoris
511 3879 633 3960 insigni
650 3879 819 3943 universos
844 3889 1005 3944 terrarum
1030 3880 1119 3942 orbis
1136 3877 1208 3940 An·
1235 3871 1386 3976 wilffi-

113 3979 226 4045 tistites
242 3982 457 4046 exornandos
473 3981 671 4046 censuimus.
690 3981 801 4065 Quare
817 3982 907 4045 hisce
927 3981 1044 4046 litteris
1059 3979 1208 4063 Aposto·
1257 3990 1370 4108 ma

115 4083 170 4147 lica
185 4085 384 4150 auctoritate
408 4086 534 4150 Nostra
549 4095 748 4169 perpetuum
768 4087 801 4150 in
830 4085 968 4150 modum
995 4085 1210 4150 concedimus
1236 4109 1295 4178 ipset
1316 4121 1386 4177 usum

116 4195 148 4250 ut
161 4189 302 4254 universi
330 4189 549 4267 Patriarchae,
575 4189 828 4272 Archiepiscopi
844 4198 878 4252 et
912 4188 1070 4271 Episcopi
1087 4187 1210 4252 birreto
1236 4169 1385 4274 mmm

115 4291 244 4356 violacei
261 4292 379 4358 coloris
395 4293 458 4356 hoc
472 4293 659 4376 futurisque
674 4293 880 4377 temporibus
892 4293 940 4356 uti
957 4292 1058 4356 libere
1074 4301 1107 4356 et
1121 4291 1209 4355 licite
1234 4291 1378 4392 my*

117 4395 236 4474 possint
251 4406 286 4461 et
309 4396 450 4461 valeant.
468 4397 545 4462 Hoc
561 4399 608 4461 ita
624 4396 687 4460 illis
708 4397 877 4480 proprium
894 4396 1048 4460 volumus
1064 4407 1100 4460 ut
1123 4395 1208 4458 alius
