3172 4874
394 624 1483 848 c.

400 1038 428 1143 2}
461 1061 526 1120 nra
546 1063 737 1125 surano
757 1064 1029 1126 nocronun
1045 1064 1276 1126 vrnonuu
1299 1065 1427 1126 corr-
1453 960 1483 1190 {j

386 1537 691 1912 [ΞΞΟΠΜ
717 1553 833 1627 gratae
859 1565 992 1628 semper
1019 1543 1126 1610 Nobis
1154 1545 1337 1610 obveniant
1364 1543 1488 1610 litterae

317 1704 323 1718 .
421 1609 539 1850 Ὦ]
600 1657 688 1724 tuae,
703 1659 775 1712 tum
792 1648 868 1712 illae
886 1648 1079 1714 acciderunt
1093 1649 1304 1732 gratissimae
1320 1667 1405 1732 quas
1430 1647 1485 1712 abs

600 1761 634 1815 te
649 1771 755 1835 prope
770 1753 900 1817 exitum
918 1751 1089 1818 Februarii
1105 1753 1229 1818 mensis
1243 1753 1343 1818 datas
1362 1751 1486 1835 accepi·

212 1839 330 1944 fffifs'j,
601 1875 683 1919 mus.
701 1853 733 1919 Ν
737 1856 916 1921 onerabant
932 1856 1022 1921 enim
1037 1856 1273 1939 auspicatum
1263 1855 1313 1934 rri,
1329 1865 1365 1920 te
1380 1874 1489 1939 praee·

208 1959 362 2064 {msa
388 1967 478 2036 unte,
500 1968 579 2042 post
605 1959 822 2024 solemniores
847 1958 1014 2043 paschatis
1041 1961 1113 2024 dies
1128 1969 1332 2024 conventum
1348 1959 1487 2024 alterum

210 2076 287 2122 urim
277 2091 361 2124 con·
387 2063 532 2128 virorum
548 2063 685 2147 ingenio
700 2073 734 2127 et
749 2063 901 2130 doctrina
916 2065 1169 2147 praestantium,
1184 2063 1231 2128 illi
1257 2064 1414 2140 similem,
1434 2061 1486 2145 qui

208 2141 295 2255 {32⁸⁵
323 2153 361 2184 ¹¹⁶
386 2165 419 2229 in
437 2166 501 2231 ista
516 2167 652 2232 civitate
667 2167 874 2250 amplissima
886 2167 1008 2232 abhinc
1020 2167 1200 2232 triennium
1216 2166 1406 2232 celebratus
1420 2165 1484 2230 iuit

384 2269 500 2356 Quum
528 2271 618 2355 prior
644 2271 699 2336 ille
726 2270 980 2354 probatissimus
1011 2271 1119 2336 Nobis
1144 2271 1303 2348 extiterit,
1331 2271 1484 2355 nequibat

384 2374 458 2441 Nos
485 2377 669 2442 admodum
697 2375 768 2441 eius
794 2375 927 2439 iteratio
952 2394 1020 2438 non
1042 2375 1270 2440 delectari—
1285 2373 1366 2440 Duo
1392 2393 1483 2458 porro

384 2481 570 2544 extiterunt
585 2500 672 2563 quae
688 2480 846 2544 nuncium
862 2498 883 2541 a
898 2487 932 2544 te
958 2479 1076 2545 datum
1093 2477 1201 2543 Nobis
1216 2479 1359 2545 effecere
1374 2480 1482 2544 iucun-

382 2581 467 2650 dius.
483 2583 659 2668 Siquidem
686 2581 841 2662 effirmm,
856 2583 1001 2648 virorum
1025 2581 1211 2663 consilium,
1234 2583 1293 2668 qui
1314 2583 1414 2648 huius
1437 2582 1479 2646 rei

381 2688 548 2768 gerendae
563 2707 677 2752 curam
693 2707 877 2770 suscepere.
904 2687 1044 2752 memori
1070 2686 1211 2753 retinere
1226 2687 1342 2753 animo
1357 2696 1392 2753 et
1416 2706 1480 2752 ser·

380 2789 450 2854 vari
465 2801 657 2857 curaturum
673 2793 875 2857 documenta
891 2799 925 2856 et
941 2791 1069 2856 monita
1084 2790 1166 2855 alias
1181 2808 1203 2855 a
1218 2790 1327 2856 Nobis
1350 2789 1482 2863 tradita,

380 2901 417 2956 ut
440 2895 484 2957 ad
511 2914 627 2960 eorum
652 2915 805 2961 normam
832 2895 1047 2979 exigerentur
1061 2899 1149 2978 quae
1171 2893 1303 2978 agenda
1329 2901 1425 2958 erant
1443 2890 1475 2953 in

378 2996 487 3078 priore
502 3009 678 3064 conventu.
696 2999 839 3081 Insuper
855 2998 979 3062 laetam
996 3016 1091 3082 spem
1113 2995 1265 3063 ostendis
1284 2996 1396 3079 plures
1417 2993 1481 3059 iore

377 3103 496 3168 doctos
512 3103 600 3168 viros
624 3105 682 3187 qui
709 3103 772 3168 hoc
788 3121 878 3168 anno
894 3113 1005 3168 tecum
1022 3101 1231 3185 congressuri
1248 3111 1327 3166 sunt
1352 3119 1432 3184 prae
1444 3097 1481 3161 iis

377 3203 436 3286 qui
452 3213 531 3269 ante
545 3206 725 3269 triennium
742 3204 816 3269 istic
832 3204 970 3269 coivere.
987 3203 1094 3288 Atqui
1111 3203 1175 3266 hoc
1191 3200 1406 3285 splendidum
1422 3197 1481 3262 erit

378 3307 607 3374 testimonium
624 3309 776 3393 obsequii
792 3309 883 3392 quod
899 3307 961 3371 viri
977 3307 1121 3372 illustres
1136 3305 1304 3371 humanae
1326 3301 1480 3370 scientiae

379 3412 560 3478 luminibus
576 3412 786 3477 exhibebunt
812 3411 946 3477 divinae
972 3411 1037 3476 luci
1062 3431 1131 3495 qua
1145 3409 1251 3494 fulget
1268 3408 1426 3474 Ecclesia
1440 3441 1481 3454 -

229 3561 355 3624 pem
381 3515 472 3579 Nihil
485 3527 598 3582 autem
610 3517 944 3633 hociustoobsequio
955 3535 1130 3580 censemus
1142 3513 1219 3578 huic
1231 3511 1334 3580 aetati
1351 3520 1478 3577 nostrae

203 3627 267 3668 tm
251 3637 292 3668 um
328 3628 357 3669 nt
380 3619 610 3700 opportunius.
626 3617 746 3684 Solent
768 3618 857 3682 enim
874 3618 1053 3683 homines'
1043 3618 1138 3702 rmpii
1163 3616 1356 3700 arrogantia
1377 3612 1477 3697 magis

202 3681 355 3788 2⁸13aeaewa
379 3741 480 3804 quam
505 3723 613 3788 solida
637 3743 746 3788 rerum
763 3724 882 3807 peritia
897 3723 976 3788 elati
1002 3723 1161 3788 scientiae
1178 3721 1316 3786 nomine
1330 3719 1423 3785 abuti
1445 3723 1477 3780 ut

379 3824 584 3907 praeclaram
614 3826 723 3892 lucem
749 3827 934 3892 catholicae
965 3827 1115 3894 veritatis
1145 3827 1334 3892 obscurent.
1364 3825 1476 3907 Neque

201 3959 353 4008 mm„-
378 3943 457 3989 vero
472 3925 675 4008 ambigimus
690 3926 770 4010 quin
787 3945 957 3991 sermones
972 3935 1007 3992 et
1023 3927 1147 4009 scripta
1172 3926 1383 4010 egregiorum
1398 3925 1477 3989 viro·

201 4019 353 4126 '32⁵⁶er
315 4022 353 4066 ²³⁸
378 4047 451 4092 rum
473 4030 531 4112 qui
558 4029 644 4095 istuc
666 4029 867 4094 convenient
883 4049 1007 4094 novum
1023 4029 1216 4112 praebitura
1231 4029 1299 4092 sint
1314 4041 1474 4092 armorum

197 4137 333 4195 serrantur.
378 4129 576 4196 instructum
605 4131 644 4196 iis
669 4133 726 4214 qui
753 4151 862 4196 rerum
883 4133 1072 4197 divinarum
1089 4130 1208 4197 studiis
1224 4129 1351 4196 addicti
1366 4137 1474 4194 eontra

378 4235 607 4318 improborum
631 4235 780 4302 fallacias
805 4257 867 4321 pro
883 4237 1022 4302 veritate
1047 4236 1229 4302 decertant.
1244 4273 1289 4286 —·
1305 4225 1423 4319 ltaque
1436 4242 1476 4307 te,

378 4339 499 4404 dilecte
529 4339 575 4403 fili
606 4341 739 4418 Noster,
770 4341 946 4406 consilium
977 4340 1140 4406 lectorum
1170 4341 1327 4418 virorum,
1360 4335 1475 4423 quibus

378 4457 477 4503 curae
506 4451 557 4504 est
587 4453 625 4505 ut
655 4452 743 4508 recte
772 4453 873 4528 atque
899 4445 1016 4508 ordine
1042 4452 1226 4510 conventus
1250 4442 1422 4518 habeatur,
1443 4445 1474 4501 et
