3250 4876
175 385 226 435 DE
245 385 465 438 PRAECIPUIS
482 387 619 438 ClVlUM
637 387 957 440 CHRISTIANORUM
976 389 1148 440 OFFlCllS.
1193 392 1234 458 19

127 564 360 646 propugnatio
389 583 428 628 ac
447 563 597 655 deiensio
627 563 838 648 suscipienda
865 563 1043 647 religionis,
1068 568 1157 648 quod
1185 579 1235 631 est
1269 583 1412 677 1ΑῆτῖΜῆ

126 687 310 732 commune
326 666 452 732 bonum
469 669 668 745 maximum,
680 688 748 751 quo
773 677 852 732 sunt
867 669 981 733 omnia
997 669 1178 735 reserenda.
1192 708 1236 718 -
1301 681 1367 739 189⁰·

130 771 240 853 ldque
255 791 341 855 opus
355 791 428 835 esse
443 773 597 836 ducimus
620 771 792 856 aliquanto
807 792 978 856 exponere
997 773 1191 839 accuratius.

175 872 328 938 Proiecto
351 885 384 940 et
402 873 552 939 Ecclesia
568 883 602 938 et
627 876 743 940 civitas
759 895 857 940 suum
873 876 976 942 habet
991 885 1132 961 utraque
1147 877 1234 960 prin·
1305 893 1414 961 urmqqe

128 977 301 1060 cipatum:
317 986 559 1062 proptereaque
576 980 608 1043 in
623 981 779 1062 gerendis
795 979 893 1043 rebus
920 981 988 1044 suis
1009 989 1127 1046 neutra
1142 991 1237 1063 paret
1261 957 1415 1057 Μηῗάῖᾇᾱῆζζ

129 1080 237 1159 alteri,
253 1082 368 1165 utique
398 1083 486 1148 intra
515 1083 675 1147 terminos
702 1104 722 1147 a
748 1084 906 1166 proxima
934 1085 1095 1169 cuiusque
1120 1104 1238 1148 caussa
1261 1071 1394 1176 xm,

132 1188 345 1253 constitutos.
368 1188 424 1252 Ex
451 1208 519 1272 quo
549 1197 662 1253 tarnen
695 1189 785 1253 nulla
802 1190 930 1254 ratione
956 1189 1140 1254 disiunctas
1166 1209 1239 1254 esse

133 1291 295 1374 sequitur,
311 1293 484 1377 multoque
514 1294 624 1358 minus
640 1304 836 1377 pugnantes.
848 1330 892 1343 -
908 1293 999 1359 Sane
1021 1312 1089 1357 non
1106 1301 1237 1358 tanturn

132 1395 234 1460 nobis
257 1406 294 1461 ut
323 1417 472 1462 essemus
502 1407 620 1461 natura
644 1399 749 1475 dedit,
774 1399 833 1462 sed
866 1406 904 1461 ut
937 1397 1057 1462 morati
1081 1416 1237 1462 essemus.

135 1499 284 1584 Quarea
300 1499 541 1582 tranquillitate
556 1501 682 1565 ordinis
705 1501 838 1584 publici,
853 1520 955 1584 quarn
971 1501 1126 1583 proxime
1138 1499 1240 1564 habet
1265 1489 1418 1595 mi&

132 1604 243 1668 civilis
258 1603 449 1668 coniunctio
474 1605 690 1688 propositam,
702 1606 765 1670 hoc
796 1606 881 1688 petit
896 1605 1008 1682 homo,
1023 1614 1061 1669 ut
1075 1604 1161 1668 bene
1176 1603 1239 1669 sibi
1264 1608 1338 1655 crvru
1355 1613 1417 1676 pore-

131 1728 209 1772 esse
226 1707 334 1785 liceat,
343 1727 382 1772 ac
399 1707 506 1773 multo
521 1708 629 1792 magis
645 1718 682 1772 ut
698 1709 778 1773 satis
790 1709 946 1792 praesidii
961 1709 1005 1772 ad
1021 1706 1240 1792 perficiendos
1266 1668 1417 1780 2222&ssss

134 1831 249 1878 mores
275 1812 488 1895 suppeditet:
513 1833 599 1896 quae
625 1811 784 1895 perfectio
800 1833 964 1896 nusquam
981 1814 1043 1877 nisi
1069 1813 1103 1878 in
1127 1813 1240 1896 cogni·
1264 1790 1342 1894 w
1371 1790 1420 1892 ,2¹25

133 1920 231 1983 tione
244 1916 397 1982 consistit
413 1925 514 2000 atque
529 1919 771 1982 exercitatione
785 1919 926 1984 virtutis.
942 1918 1050 1985 Simul
1067 1939 1146 1983 vero
1161 1919 1242 1996 vult,
1265 1917 1312 2012 ἒξ
1325 1905 1416 2012 Μ

132 2023 168 2086 id
184 2023 274 2106 quod
288 2021 399 2099 debet,
413 2021 606 2087 adiumenta
623 2023 656 2087 in
679 2023 830 2087 Ecclesia
854 2022 1006 2106 reperire,
1017 2043 1159 2106 quorum
1176 2043 1241 2142 ope
1266 2025 1418 2135 Υἷῗηζζηψ·

129 2125 270 2210 pietatis
286 2123 452 2208 periectas
467 2125 615 2207 perfecto
630 2124 788 2209 iungatur
798 2145 955 2190 munere:
970 2127 1060 2208 quod
1076 2127 1110 2189 in
1126 2145 1241 2209 cognt-
1265 2143 1351 2203 quippe
1376 2149 1420 2212 prr

131 2233 229 2297 tione
253 2247 382 2311 usuque
408 2228 554 2314 positum
579 2239 630 2293 est
652 2249 750 2292 verae
775 2229 954 2311 religionis,
974 2247 1061 2310 quae
1087 2228 1241 2312 princeps
1262 2204 1419 2322 {ffis‘ssj

133 2347 189 2399 est
204 2335 376 2409 virtutum,
390 2341 568 2415 propterea
582 2332 683 2415 quod,
706 2333 895 2396 revocando
920 2331 963 2396 ad
988 2331 1110 2406 Deum,
1125 2330 1240 2411 explet
1266 2323 1418 2429 ssjff'mffl·

128 2451 165 2506 et
192 2436 341 2504 cumulat
376 2437 552 2500 universas.
576 2472 619 2485 -
647 2434 686 2498 In
723 2433 884 2498 institutis
918 2433 1020 2515 igitur
1046 2431 1241 2515 legibusque

133 2545 327 2611 sanciendis
343 2543 527 2625 spectanda
542 2541 687 2604 hominis
703 2539 831 2604 indoles
843 2549 893 2604 est
910 2537 1044 2602 moralis
1060 2536 1177 2602 eadem
1201 2558 1241 2602 ac
1315 2597 1320 2610 ,
1348 2539 1419 2610 Lares

1264 2604 1337 2658 prum
1356 2613 1418 2644 crvc-

131 2651 300 2732 religiosa,
315 2647 533 2729 eiusdemque
558 2646 706 2710 curanda
735 2643 904 2727 perfectio,
929 2643 989 2707 sed
1023 2654 1112 2709 recte
1137 2651 1240 2726 atque
1266 2658 1417 2704 irroratum

132 2757 274 2820 ordine:
290 2771 351 2817 nce
363 2751 595 2835 imperandum
606 2750 830 2813 vetandumve
840 2747 1024 2834 quidquam
1036 2749 1097 2812 nisi
1110 2750 1239 2814 ratione
1266 2717 1394 2822 52²2*

130 2859 249 2925 habita
272 2857 354 2942 quid
377 2857 465 2921 civili
495 2854 670 2918 hominurn
697 2853 849 2918 societati
876 2854 929 2930 sit,
953 2853 1033 2935 quid
1064 2853 1239 2937 religiosae
1265 2836 1294 2882 ‘²'
1336 2841 1353 2882 ¹·

130 2962 354 3047 propositum.
372 2961 447 3026 Hac
464 2960 537 3042 ipsa
552 2960 595 3023 de
609 2978 728 3023 caussa
742 2977 808 3022 non
837 2966 949 3041 potest
973 2957 1143 3024 Ecclesiae
1170 2977 1237 3024 non

132 3073 296 3134 interesse
311 3065 427 3140 quales
442 3065 476 3128 in
498 3062 690 3128 civitatibus
714 3062 850 3126 valeant
875 3061 975 3145 leges,
990 3080 1057 3126 non
1073 3072 1238 3144 quatenus

131 3175 177 3238 ad
197 3169 438 3255 rempublicam
456 3168 633 3252 pertinent,
646 3167 705 3232 sed
721 3167 800 3250 quia
816 3164 899 3229 lines
913 3165 1047 3229 debitos
1055 3163 1240 3249 aliquando

130 3283 400 3361 praetergressae
424 3271 457 3336 in
483 3273 533 3335 ius
553 3271 724 3335 Ecclesiae
747 3270 919 3335 invadunt.
943 3268 1033 3353 Quin
1066 3270 1135 3333 imo
1159 3270 1238 3334 resi·

131 3394 232 3456 stete,
247 3380 274 3442 si
295 3376 433 3460 quando
447 3373 571 3438 officiat
587 3374 737 3456 religioni
752 3372 929 3454 disciplina
945 3373 1154 3455 reipublicae,
1169 3385 1237 3440 stu-

77 3515 82 3528 ·
133 3487 297 3568 dioseque
324 3480 446 3569 conari,
462 3489 498 3544 ut
522 3481 555 3541 in
580 3479 672 3562 leges
697 3488 731 3542 et
747 3477 901 3543 instituta
916 3478 1116 3561 populorum
1131 3477 1237 3542 virtus
1290 3499 1414 3546 ordeac-

130 3590 295 3673 pervadat
338 3583 523 3668 Evangelii,
547 3602 668 3646 munus
700 3591 752 3645 cst
787 3581 958 3646 Ecclesiae
984 3582 1192 3663 assignatum
1216 3601 1236 3645 a
1262 3559 1414 3676 {²532ssss

136 3695 223 3758 Deo.
239 3689 476 3775 Quoniamque
499 3685 632 3751 iortuna
657 3686 858 3770 reipublicae
883 3685 1094 3768 potissimum
1120 3705 1165 3748 ex
1180 3704 1235 3749 eo·
1261 3677 1347 3722 “W''
1364 3691 1415 3722 m-

1263 3737 1297 3782 lor
1318 3736 1414 3797 legisla-

131 3815 206 3861 rum
223 3794 348 3878 pendet
368 3789 504 3873 ingenio
527 3789 585 3871 qui
608 3788 735 3872 populo
760 3796 927 3871 praesunt,
938 3787 1062 3851 idcirco
1086 3786 1236 3852 Ecclesia
1254 3799 1340 3914 We
1374 3797 1416 3900 ξιξ

132 3899 357 3987 patrocinium
374 3895 415 3958 iis
436 3893 628 3957 hominibus
657 3893 842 3975 gratiarnve
858 3891 1016 3974 praebere
1031 3910 1098 3955 non
1114 3901 1237 3973 potest,
1263 3913 1327 3982 aar
1357 3927 1415 3984 quq,

1316 3987 1356 4018 WS
1379 3988 1413 4018 ci·

132 4005 290 4090 aquibus
314 3997 501 4084 oppugnari
531 4015 604 4060 sese
630 3995 805 4080 intelligat,
836 3997 893 4080 qui
920 3997 991 4060 iura
1002 3995 1105 4078 ipsius
1131 3995 1236 4059 vereri
1263 3985 1314 4077 ff}
1352 4039 1414 4091 pm,

134 4121 250 4196 aperte
276 4113 440 4179 recusent,
463 4101 520 4184 qui
554 4120 623 4165 rem
649 4119 778 4165 sacram
803 4118 940 4183 remque
969 4099 1099 4164 civilem
1116 4108 1236 4164 natura
1259 4095 1414 4210 Jssg‘vgff

130 4213 341 4280 consociatas
356 4203 514 4273 divellere
527 4204 742 4268 contendant.
766 4202 893 4268 Contra
914 4201 1049 4280 fautrix,
1064 4204 1112 4268 uti
1125 4201 1235 4280 debet,

131 4339 249 4385 eorum
279 4326 330 4382 est
360 4312 427 4398 qui,
449 4329 524 4373 curn
550 4309 593 4373 de
616 4309 705 4372 civili
730 4310 840 4391 deque
860 4308 1039 4372 christiana
1065 4307 1235 4390 republica

132 4427 222 4510 quod
249 4421 373 4487 sentire
397 4425 524 4482 rectum
552 4423 612 4493 est,
628 4413 690 4496 ipsi
706 4413 862 4490 sentiant,
876 4413 992 4476 ambas
1014 4411 1047 4475 in
1063 4413 1233 4475 communi
