3194 4872
429 393 480 442 na
507 391 627 442 nanus
655 391 853 442 navamus.
1144 392 1188 464 35

113 571 180 636 dum
195 574 287 639 latius
299 577 506 661 liberiusque,
522 578 682 642 Auctoris
698 579 747 642 sui
764 579 860 641 iussis
876 563 1120 662 obtemperans,
1132 599 1192 644 sua
1221 601 1371 676 ascribens

112 673 194 755 signa
208 677 301 743 insert
317 681 349 744 in
366 692 493 764 gentes,
508 701 721 766 nequaquam
746 681 778 744 in
805 679 887 745 fines
903 702 1077 746 excurrere
1099 693 1192 766 pote·
1254 682 1326 741 '1⁸⁸7-

113 781 195 844 statis
208 783 317 860 civilis,
332 786 468 868 eiusque
484 786 668 849 rationibus
683 786 795 868 aliqua
810 807 845 849 re
860 787 977 850 obesse
993 808 1000 863 ;
1018 787 1076 851 sed
1093 788 1194 853 tutari

112 902 159 946 eas
173 894 202 950 et
215 889 363 967 munire;
386 891 429 954 ad
446 891 516 954 eius
543 911 620 954 vere
645 890 898 954 similitudinem
926 890 1014 973 quod
1030 892 1195 974 contingit

110 985 211 1053 infide
232 992 419 1072 christiana,
443 1014 529 1077 quae
556 1003 688 1058 tantum
704 993 799 1056 abest
816 1004 852 1057 ut
866 993 1033 1058 humanae
1059 996 1196 1060 rationis

111 1091 271 1159 luminibus
295 1097 459 1176 obstruat,
485 1107 523 1162 ut
542 1098 654 1180 potius
681 1097 745 1180 ipsi
769 1098 874 1161 addat
900 1097 1122 1179 splendorem,
1145 1098 1197 1162 vel

109 1196 188 1275 quod
202 1199 242 1263 ab
255 1201 422 1265 erroribus
446 1203 642 1285 opinionum
659 1212 798 1278 avertat,
821 1204 863 1264 ad
891 1221 975 1283 quos
993 1201 1121 1283 prolabi
1137 1201 1196 1266 hu·

111 1317 230 1368 manum
259 1317 320 1381 est,
346 1307 398 1370 vel
425 1307 515 1388 quod
541 1308 574 1369 in
600 1307 746 1388 spatium
774 1325 882 1370 rerum
904 1305 1197 1388 intelligendarum

51 1457 59 1469 .
109 1405 237 1486 amplius
251 1419 284 1472 et
300 1410 466 1473 excelsius
482 1411 650 1475 admittat.

145 1507 197 1573 Ad
212 1511 386 1578 Bavariam
405 1517 493 1596 quod
511 1515 641 1591 attinet,
657 1515 802 1586 rationes
827 1513 992 1594 quaedam
1015 1514 1199 1596 singulares
1259 1531 1376 1591 speciales

108 1610 174 1676 huic
190 1614 265 1680 Sedi
283 1617 504 1701 Apostolicae
519 1639 596 1682 curn
612 1619 686 1700 ipsa
702 1617 921 1693 intercedunt,
947 1637 1072 1701 eaeque
1093 1620 1200 1701 pactis
1222 1597 1375 1696 Ρῗζξζῆἶπ

109 1721 265 1783 conventis
283 1730 377 1787 ratae
402 1732 436 1786 et
452 1732 609 1786 sacratae.
626 1722 694 1785 Eas
709 1722 845 1804 quidem
872 1719 1070 1802 Apostolica
1086 1721 1200 1800 Sedes,
1233 1715 1365 1816 {2222ssss

108 1827 227 1889 tametsi
257 1829 367 1891 multa
391 1829 435 1891 de
460 1829 530 1892 iure
559 1848 620 1891 suo
647 1829 847 1909 paciscendo
873 1827 1044 1902 remiserit,
1073 1829 1201 1910 integre
1226 1834 1268 1874 ναΐ
1290 1828 1377 1874 P⁰³²¹²²

108 1935 208 1992 tamen
225 1931 455 2012 religioseque,
478 1941 516 1994 ut
531 1931 626 2006 solet,
640 1949 772 2010 semper
787 1929 929 1992 servavit
944 1951 952 2007 ;
978 1931 1125 2014 nihilque
1143 1952 1201 1994 un·
1236 1904 1350 2004 eburius.

54 2097 58 2113 ¹
109 2049 197 2111 quam
212 2033 284 2115 egit
299 2033 391 2116 quod
407 2053 559 2097 caussam
574 2032 783 2115 querelarum
800 2032 902 2094 ullam
919 2032 1100 2113 praeberet.
1111 2033 1201 2116 Qua·
1226 2020 1280 2110 ⁶be
1298 2005 1376 2108 ssinl.

108 2146 231 2217 propter
245 2137 348 2199 enixe
363 2137 559 2217 optandum,
575 2144 612 2199 ut
628 2135 782 2217 utrinque
807 2143 895 2198 stent
922 2134 1098 2217 utrobique
1124 2155 1202 2198 eon·
1220 2123 1377 2242 sffimmdjg·

108 2249 198 2302 venta
223 2251 256 2303 et
283 2239 347 2302 rite
371 2240 599 2314 observentur,
624 2257 699 2301 cum
727 2238 769 2301 ad
795 2239 905 2312 verba,
932 2247 1002 2301 tum
1030 2239 1136 2321 magis
1159 2239 1202 2301 ad
1228 2243 1291 2346 Ἥ
1301 2246 1378 2345 ffi-

105 2357 238 2411 mentem
257 2367 335 2410 earn
352 2366 419 2429 qua
445 2347 568 2428 scripta
595 2358 680 2408 sunt.
697 2381 739 2394 -
756 2345 833 2408 Fuit
860 2345 997 2426 quidem
1012 2345 1201 2426 aliquando,
1238 2359 1375 2419 optandum.

105 2467 195 2530 quum
221 2450 430 2533 perturbatio
445 2449 558 2533 aliqua
574 2450 770 2512 concordiae
797 2458 831 2512 et
855 2449 1062 2529 querelarum
1084 2469 1201 2512 caussa

105 2563 191 2617 enata
206 2565 279 2632 est;
296 2574 352 2617 eas
368 2562 482 2616 tamen
501 2551 754 2638 Maximilianus
773 2551 797 2628 l,
814 2553 948 2614 decreto
964 2551 1061 2626 iacto,
1077 2551 1202 2628 lenivit,

104 2654 280 2739 iterumque
299 2655 554 2719 Maximilianus
572 2656 606 2718 11
624 2657 722 2738 aequi
738 2655 884 2738 bonique
901 2656 986 2730 iecit,
1003 2656 1201 2737 opportunis

104 2758 295 2838 quibusdam
324 2758 598 2841 temperamentis
613 2759 757 2822 sancitis.
785 2759 879 2822 Haec
896 2760 1032 2841 quidem
1059 2759 1131 2840 ipsa
1154 2777 1202 2820 re-

105 2861 298 2926 centioribus
308 2862 515 2944 temporibus
528 2882 599 2925 esse
612 2862 773 2944 abrogata
783 2873 991 2944 compertum
1008 2871 1059 2926 est
1072 2887 1078 2925 :
1096 2861 1202 2925 Nobis

103 2969 205 3028 tamen
223 2987 268 3029 ex
286 2965 445 3048 religione
462 2966 704 3048 prudentiaque
721 2966 892 3047 Principis,
907 2966 963 3048 qui
980 2965 1204 3046 gubernacula
1239 3019 1381 3076 Principem

103 3075 185 3134 tenet
201 3069 297 3153 regni
326 3070 485 3144 Bavarici,
511 3069 694 3134 admodum
711 3080 762 3134 est
786 3071 875 3152 quod
893 3068 1100 3134 confidamus
1116 3068 1203 3133 sutu-
1245 3079 1361 3123 Bavariae

104 3190 177 3249 rum,
193 3184 230 3237 ut
246 3173 304 3256 qui
315 3172 425 3236 locum
437 3173 700 3254 religionemque
714 3173 1024 3236 Maximilianorum
1036 3172 1204 3253 praeclara
1230 3143 1381 3244 affine&

103 3271 303 3341 haereditate
319 3275 464 3358 excepit,
478 3277 558 3339 velit
575 3277 646 3357 ipse
662 3286 791 3339 mature
807 3277 852 3339 rei
879 3277 1063 3340 catholicae
1079 3277 1203 3341 incolu-
1229 3260 1382 3376 mm„

105 3378 204 3444 mitati
220 3380 419 3463 prospicere,
435 3379 571 3460 eiusque
587 3381 800 3456 incrementa,
810 3381 932 3442 amotis
949 3380 1205 3461 impedimentis,
1230 3388 1383 3480 mm

103 3483 289 3561 provehere.
315 3483 384 3566 lpsi
411 3482 562 3566 proiecto
578 3481 732 3545 catholici
759 3483 920 3558 homines
947 3502 1032 3563 quae
1058 3494 1108 3547 est
1130 3505 1206 3567 pars
1241 3507 1294 3538 mor
1308 3492 1372 3537 ocius

104 3583 218 3649 civium
247 3588 411 3663 maxima,
438 3605 543 3667 eaque
567 3585 706 3648 caritate
733 3586 860 3666 patriae
887 3597 920 3654 et
946 3585 1157 3651 observantia
1175 3587 1206 3649 in
1268 3552 1366 3602 mm

103 3689 341 3767 gubernatores
366 3689 437 3753 sine
463 3689 531 3754 ulla
546 3688 757 3752 dubitatione
781 3687 972 3770 probabilis,
996 3689 1023 3750 si
1045 3689 1107 3752 sibi
1123 3691 1156 3752 in
1173 3711 1207 3752 re
1239 3711 1375 3758 cartolam.

103 3791 182 3854 tanti
199 3773 364 3856 momenti
379 3792 572 3874 responderi
587 3802 621 3856 et
637 3789 790 3855 satisfieri
807 3791 959 3866 viderint,
983 3790 1132 3872 proiecto
1149 3813 1206 3854 ex·
1233 3770 1384 3875 ffissgi'ssssf

103 3893 218 3959 cellent
235 3896 398 3980 obsequio
413 3908 447 3960 et
464 3894 529 3960 fide
545 3898 705 3960 adversus
725 3895 909 3976 Principem
927 3915 1033 3972 suum,
1057 3895 1208 3960 similitu·
1229 3889 1376 3994 {22:522th

107 3996 181 4062 dine
195 4000 344 4081 quadarn
362 3997 504 4063 filiorum
521 4000 555 4062 in
572 4009 713 4082 patrem,
728 4009 762 4062 et
777 3999 909 4082 singula
925 3999 995 4062 eius
1012 3999 1149 4062 consilia
1165 4002 1207 4063 ad

109 4101 197 4181 regni
227 4103 356 4166 bonum
386 4123 424 4166 ac
455 4104 557 4167 decus
591 4123 722 4166 summa
754 4102 926 4166 voluntate
959 4103 1211 4184 subsequentur,

109 4205 246 4268 summis
262 4206 385 4269 viribus
401 4205 499 4288 plene
515 4203 692 4286 perficient.

152 4309 249 4374 Haec
274 4311 419 4393 quidem,
446 4311 664 4374 Venerabiles
690 4311 831 4384 Fratres,
847 4311 941 4373 vobis
966 4310 1212 4373 communicare

112 4409 299 4496 Apostolici
326 4413 424 4478 officii
441 4415 526 4479 ratio
553 4413 694 4496 impulit.
712 4415 880 4496 Superest,
897 4424 931 4476 ut
949 4413 1013 4476 Dei
1029 4433 1127 4495 opem
1144 4435 1211 4476 cer-
