3172 4874
309 1145 338 1190 15
426 1103 501 1250 &⁵⁸
622 1104 689 1171 ΟΝ
706 1103 813 1168 maius
830 1103 938 1168 Nobis
954 1123 1063 1188 neque
1077 1105 1258 1188 optabilius
1279 1107 1430 1173 solatium
1449 1129 1495 1171 esse

278 1190 372 1300 sffl'
425 1101 616 1476 ᾖ
641 1217 753 1292 potest
780 1209 813 1272 in
842 1207 905 1272 hoc
932 1207 1124 1274 turbulento
1148 1219 1182 1274 et
1197 1230 1398 1277 aerumnoso
1419 1233 1495 1276 rerun

307 1351 401 1400 (m,
640 1313 862 1378 humanarum
878 1331 985 1388 cursu,
999 1332 1097 1396 quam
1112 1323 1148 1378 ut
1160 1314 1350 1379 catholicae
1365 1317 1495 1400 religionis

246 1411 399 1519 mlix}
640 1417 752 1483 lumen
769 1415 859 1500 apud
874 1415 1011 1480 dissitos
1027 1417 1169 1499 populos
1193 1418 1397 1503 ignarosque
1410 1421 1495 1483 verita-

242 1530 302 1588 nfdv'
328 1591 332 1600 ,
351 1533 399 1578 sur
424 1523 466 1588 tis
483 1525 550 1589 late
566 1521 755 1608 propagari,
769 1523 876 1606 iisque
902 1541 978 1585 cum
1003 1520 1127 1586 Christi
1148 1523 1305 1587 doctrina
1321 1533 1357 1589 et
1372 1525 1495 1592 libertae.

246 1602 382 1638 ‘mmm‘
423 1649 535 1693 veram
552 1627 806 1711 prosperitatem
824 1635 857 1689 et
882 1625 1024 1689 salutem
1050 1625 1189 1691 feliciter
1215 1627 1328 1692 afferri
1351 1631 1494 1694 videamus

424 1731 464 1794 ln
495 1731 559 1795 hoc
589 1731 759 1814 praecipui
791 1729 953 1794 momenti
980 1749 1066 1812 opus
1090 1731 1321 1813 gratissimum
1348 1742 1397 1798 est
1420 1731 1495 1796 Nobis

421 1855 517 1901 curas
544 1855 661 1900 ornnes
688 1843 722 1898 et
746 1835 857 1898 studia
888 1831 1047 1912 conferre,
1071 1835 1230 1918 omnique
1254 1856 1323 1919 ope
1354 1837 1454 1911 adniti,
1472 1845 1495 1896 ut

421 1949 555 2025 praesto
586 1939 654 2004 sint
687 1939 844 2002 omnibus
874 1937 1031 2022 gentibus
1061 1939 1104 2002 ad
1134 1939 1340 2005 catholicam
1371 1941 1494 2024 pietaten

421 2043 596 2127 praesidia,
613 2044 655 2109 ad
669 2043 870 2107 christianae
884 2043 973 2107 vitae
988 2041 1199 2125 disciplinam
1216 2045 1495 2123 ministeriumque

421 2160 510 2214 recte
536 2149 720 2214 constituta
743 2167 838 2212 suam
866 2146 932 2212 vim
961 2156 995 2211 et
1022 2147 1179 2211 virtutem
1203 2161 1415 2232 expromunt,
1434 2145 1493 2210 unde

421 2252 502 2318 illud
519 2253 593 2318 Nos
610 2252 741 2335 assequi
757 2251 953 2334 gaudemus,
976 2257 1013 2315 ut
1038 2250 1172 2314 divinae
1195 2253 1381 2318 serviamus
1396 2251 1494 2336 gloriae,

420 2377 458 2422 ac
489 2379 551 2442 pro
578 2375 716 2422 munere
747 2354 874 2419 Nostro
903 2353 1073 2418 adiutores
1102 2354 1237 2420 divinae
1266 2376 1350 2441 erga
1379 2357 1494 2422 homines

420 2463 582 2528 bonitatis
598 2461 711 2526 simus.

242 2565 393 2674 {alarona
465 2565 543 2629 Hoc
559 2564 673 2628 animo
694 2561 880 2646 comparati
897 2565 1022 2644 magno
1036 2581 1116 2626 sane
1131 2582 1208 2628 cum
1224 2565 1354 2647 gaudio
1368 2557 1493 2642 conspiri-

256 2637 351 2688 ’ΨΜ
418 2688 492 2732 mus
508 2669 542 2731 in
561 2667 723 2750 Iaponico
749 2665 896 2750 Imperio
911 2664 1092 2729 christiana
1116 2666 1271 2731 instituta
1299 2677 1335 2732 et
1350 2685 1436 2730 sacra
1452 2665 1492 2725 noc

416 2783 567 2854 tempore
597 2771 702 2836 divini
741 2771 899 2836 Numinis
929 2791 994 2853 ope
1031 2770 1234 2850 reviviscere,
1263 2782 1368 2856 atque
1396 2774 1425 2834 in
1450 2770 1491 2830 luc

415 2885 569 2940 extrema
596 2887 630 2940 et
657 2873 776 2940 illustri
802 2873 939 2939 orientis
966 2874 1046 2938 solis
1072 2877 1209 2958 regione
1235 2876 1379 2941 liberum
1408 2883 1492 2958 patere

415 3000 573 3064 campum
595 2979 808 3064 evangelicae
830 2979 979 3043 veritatis
995 2981 1215 3062 praeconibus
1231 2982 1274 3046 ad
1293 2979 1393 3045 fidem
1407 2975 1491 3042 carlo

415 3086 514 3150 licam
547 3085 725 3149 serendam
751 3093 785 3148 et
814 3083 1077 3167 propagandam,
1107 3103 1209 3167 quarn
1241 3083 1427 3167 Apostolici
1451 3074 1491 3141 viri

414 3187 549 3254 saeculo
569 3189 616 3264 16,
632 3189 674 3252 ad
692 3187 806 3250 omnia
821 3185 1014 3251 discrimina
1033 3189 1204 3270 impavidi,
1220 3188 1253 3251 in
1270 3207 1330 3252 eas
1345 3205 1416 3252 oras
1429 3185 1491 3246 intu-

413 3295 489 3370 lere,
505 3292 640 3375 suisque
655 3289 832 3354 sudoribus
848 3299 882 3354 et
897 3289 1059 3371 sanguine
1075 3290 1263 3374 irrigarunt.

237 3407 389 3480 decolaratur
459 3397 537 3481 Quo
554 3399 644 3462 enim
659 3406 810 3479 tempore
826 3395 1044 3461 schismatum
1061 3408 1095 3463 et
1110 3397 1285 3463 haeresum
1304 3399 1395 3464 labes
1408 3395 1490 3478 plnres

227 3467 387 3575 simii.
415 3505 572 3587 Europae
598 3501 696 3566 urbes
711 3501 881 3579 infecerat,
895 3500 1021 3565 strenui
1043 3501 1229 3566 catholicae
1252 3503 1399 3567 veritatis
1420 3493 1489 3562 mini·

234 3585 387 3706 22⁸⁰&ss
414 3607 473 3672 stri
489 3607 623 3692 ignotas
639 3615 673 3671 et
688 3603 918 3688 inexploratas
933 3614 1047 3685 terras,
1061 3627 1145 3691 quas
1162 3608 1262 3686 paulo
1278 3617 1358 3672 ante
1369 3603 1458 3668 versis
1467 3598 1488 3658 iu

411 3713 517 3776 altum
546 3711 652 3794 proris
684 3709 785 3775 sortes
816 3721 849 3774 et
880 3711 1092 3792 experientes
1124 3711 1257 3776 navitae
1284 3707 1489 3794 pateleceranl

410 3815 503 3881 adire
530 3835 597 3879 non
627 3813 824 3879 dubitarunt
848 3832 915 3878 non
934 3813 1025 3878 aliud
1050 3835 1172 3897 operae
1197 3815 1341 3898 pretium
1357 3815 1487 3896 petentes.

412 3939 515 4003 quam
533 3933 569 3981 ut
585 3917 709 3983 Christi
725 3917 861 3980 nomine
876 3911 1000 3994 adlato,
1015 3919 1058 3982 ad
1081 3919 1191 4000 ipsum
1215 3919 1249 3981 in
1273 3937 1341 4000 quo
1366 3925 1413 3978 est
1432 3909 1487 3976 vlla,

411 4021 501 4084 salus
525 4026 559 4082 et
587 4018 782 4082 resurrectio
798 4017 933 4094 Nostra,
948 4017 1076 4081 nescias
1101 4027 1231 4083 mentes
1256 4028 1289 4082 et
1304 4016 1397 4081 devia
1411 4005 1485 4075 corda

412 4129 652 4186 converterent.
670 4121 775 4186 Hisce
790 4120 940 4185 veritatis
955 4120 1082 4185 nuntiis
1096 4120 1225 4185 faustus
1240 4121 1349 4185 aditus
1364 4119 1394 4181 in
1410 4113 1483 4191 lano·

411 4226 520 4290 nicam
541 4224 711 4308 regionem
728 4226 838 4309 patuit
862 4244 952 4291 anno
968 4245 1068 4306 supra
1084 4223 1402 4309 sesquimillesimum
1425 4227 1482 4295 qua·

411 4328 600 4411 dragesimo
623 4328 780 4406 secundo,
795 4348 872 4392 curn
897 4327 1060 4406 Lusitani,
1076 4347 1218 4410 quorum
1241 4328 1355 4410 ingens
1379 4319 1480 4384 animus

412 4439 446 4492 et
468 4439 642 4512 praestans
658 4432 761 4495 virtus
785 4430 819 4494 in
847 4431 1023 4495 maritimis
1042 4432 1314 4514 expeditionibus
1329 4424 1431 4492 merita
1448 4411 1478 4474 ad
