3282 4876
549 510 863 596 EPISTOLA
929 535 935 546 ·

301 724 349 784 ad
369 723 607 786 cardinalem
627 725 877 799 Benavidesy
898 726 1106 788 Navarrete
1223 697 1274 811 ξ·

330 931 665 1007 archiepiscopum
689 932 1088 1005 caesaraugustanum.

277 1141 342 1200 os
365 1138 652 1202 concoanm
675 1140 734 1200 sn·
755 1139 876 1202 zsuo
900 1139 1139 1204 Pncmrco.

1148 1303 1231 1319 ΙΙΙΙΙΙΙ

149 1298 1226 1386 ’·»··;ἱ··,ῖ.··.·,·

149 1481 337 1860 ἴω
347 1481 621 1549 UAVlSSIME
645 1479 758 1548 affecti
792 1501 907 1548 sumus
933 1483 1081 1567 perlecta
1106 1484 1262 1569 epistolai
1349 1499 1379 1546 14

220 1595 268 1746 S
312 1557 338 1702 ξ
367 1605 470 1670 quam
486 1586 641 1652 sensibus
656 1585 799 1670 egregiis
817 1584 974 1652 refertam
990 1587 1034 1653 ad
1052 1587 1126 1654 Nos
1139 1589 1262 1669 dedi&
1298 1545 1441 1658 Nffissm'

368 1689 506 1754 nomine
538 1688 769 1774 Hispanorum
801 1687 961 1768 fidelium,
987 1689 1045 1774 qui
1075 1694 1260 1760 secundum
1328 1705 1443 1768 amyra

190 1711 341 1860 wag
371 1801 575 1858 conventum
592 1793 737 1858 suumin
754 1793 819 1858 ista
834 1793 971 1859 civitate
984 1793 1104 1861 illustri
1116 1795 1262 1865 celebra·
1279 1767 1442 1888 ffl‘ssmdf

155 1903 242 1960 runt
258 1894 331 1960 Vix
347 1897 437 1962 enim
465 1897 537 1962 sine
560 1896 773 1963 dubitatione
799 1895 965 1962 affirmare
990 1917 1166 1982 possemus
1181 1903 1262 1986 quid
1289 1897 1443 1998 mgni]

155 1999 264 2082 magis
280 2001 314 2064 in
331 2001 372 2066 iis
388 2001 507 2069 litteris
524 2000 634 2066 mirati
651 2002 764 2080 simus,
779 2021 822 2066 an
846 2001 1040 2067 testimonia
1055 2003 1215 2090 antiquae
1230 2019 1264 2072 et
1289 2011 1398 2118 m&

154 2104 341 2170 constantis
357 2103 444 2184 fidei,
459 2124 547 2189 quae
569 2104 734 2171 maiorum
760 2115 947 2171 vestrorum
964 2107 1096 2172 animos
1115 2108 1265 2178 incendit
1375 2098 1381 2118 '

155 2225 194 2270 ac
211 2217 344 2274 tantum
361 2209 490 2292 patriae
505 2218 637 2276 vestrae
651 2209 766 2276 attulit
781 2211 894 2289 decus,
918 2230 960 2276 an
988 2210 1117 2277 sincera
1141 2213 1265 2281 indicia

155 2309 267 2376 filialis
282 2331 362 2396 erga
377 2312 451 2378 Nos
467 2313 569 2378 studii
585 2321 620 2378 et
639 2332 793 2378 summae
817 2313 851 2379 in
879 2312 1114 2398 Apostolicam
1139 2316 1264 2384 Sedent

156 2413 402 2484 observantiae.
416 2453 461 2467 -
476 2415 579 2481 Plane
606 2437 651 2480 ex
667 2417 730 2481 hac
753 2415 820 2481 fide
844 2415 944 2481 simul
971 2425 1006 2482 et
1031 2415 1123 2483 filiali
1151 2421 1264 2485 studio
1291 2429 1419 2500 imprimis

156 2520 342 2605 prolectam
358 2521 588 2590 intelleximus
603 2521 862 2588 sollicitudinem
879 2540 983 2606 quam
998 2521 1123 2605 geritis,
1132 2532 1171 2589 ut
1181 2522 1266 2588 liber
1290 2491 1443 2596 ἴηζῖαἷπ

157 2625 297 2693 omnino
313 2647 423 2713 neque
437 2626 539 2692 ullius
552 2627 714 2712 potestati
729 2625 900 2692 obnoxius
926 2625 971 2691 sit
997 2644 1173 2709 supremus
1200 2627 1265 2692 Ec·
1291 2609 1406 2716 {m}

156 2727 278 2795 clesiae
292 2731 459 2812 Antiates,
475 2749 575 2816 quern
592 2729 744 2815 nequitia
758 2729 935 2796 hominum
960 2737 994 2794 et
1017 2729 1148 2796 insensa
1173 2732 1224 2796 vis
1247 2751 1266 2797 e
1292 2734 1427 2834 ‘bgt‘m

156 2835 245 2900 civili
261 2837 451 2920 principatu
466 2835 633 2901 deiectum
650 2835 684 2900 in
700 2835 930 2902 conditionem
949 2835 1114 2916 miseram,
1128 2836 1266 2921 periculi
1291 2803 1336 2894 22⁸
1353 2801 1443 2906 {aare

157 2939 295 3024 plenam
326 2961 365 3005 ac
391 2940 536 3006 similem
563 2940 715 3006 servituti
746 2939 905 3006 detraxit
937 2939 995 3004 Ex
1025 2940 1117 3006 hisce
1146 2943 1266 3008 studiis
1291 2911 1442 3028 we,

156 3045 277 3109 vestris
293 3064 360 3109 non
386 3043 458 3109 leve
474 3042 584 3108 Nobis
610 3041 747 3109 obvenit
768 3041 927 3108 solatium
951 3041 1120 3108 intereas
1144 3044 1266 3128 quibus

158 3147 342 3230 premimur
354 3146 553 3213 acerbitates
569 3157 603 3213 et
618 3167 723 3213 curas
740 3145 855 3230 Quum
882 3147 973 3212 enim
999 3147 1077 3212 hinc
1102 3166 1268 3231 angamur

159 3253 339 3336 impiorum
356 3251 542 3330 conatibus,
557 3251 615 3335 qui
631 3250 773 3316 scelesto
788 3249 925 3315 loedere
947 3249 1052 3316 iuncti
1079 3251 1162 3315 nihil
1189 3251 1268 3317 mis-

160 3374 235 3420 sum
251 3354 388 3432 faciunt,
402 3364 441 3420 ut
456 3353 605 3438 cogitata
630 3352 813 3438 perficiant,
837 3353 963 3419 bellum
990 3364 1144 3437 gerentes
1167 3365 1269 3421 atrox

159 3468 193 3522 et
208 3460 366 3544 pertinax
383 3459 544 3525 adversus
560 3458 746 3524 Ecclesiam
763 3459 901 3542 eiusque
927 3468 1038 3542 caput,
1052 3456 1150 3523 facile
1171 3459 1268 3526 intel·

160 3561 248 3628 lectu
264 3571 316 3628 est
331 3570 539 3646 quantopere
555 3561 628 3628 Nos
644 3561 762 3628 laetari
773 3568 929 3645 oporteat
939 3580 1042 3645 quum
1054 3560 1129 3626 istic
1140 3570 1269 3646 specte·

160 3685 234 3730 mus
251 3665 337 3732 filios
352 3665 445 3745 lucis,
461 3667 638 3731 Pastorum
653 3666 767 3744 ductu,
782 3665 816 3729 in
833 3684 937 3730 unum
960 3670 1120 3730 coeuntes
1144 3665 1269 3733 delibe-

160 3780 270 3836 ratum
286 3771 329 3836 de
360 3769 482 3854 potiori
509 3770 638 3836 ratione
668 3778 703 3835 et
732 3789 807 3854 ope,
837 3789 905 3852 qua
936 3768 1089 3853 legitima
1118 3768 1270 3837 defensio

159 3873 310 3956 paranda
325 3875 378 3952 sit,
392 3894 432 3939 ac
456 3873 520 3938 sibi
547 3873 691 3938 invicem
718 3872 883 3938 addentes
908 3871 1041 3936 animos
1055 3871 1100 3937 ad
1114 3891 1268 3938 caussam

162 3979 226 4044 Dei
242 3987 437 4045 constanter
461 3987 663 4061 strenueque
690 3975 864 4042 tuendam.
886 4011 931 4026 -
957 3975 1014 4042 Ad
1042 3975 1130 4042 hanc
1154 3985 1268 4043 autem

161 4081 381 4168 voluptatem,
404 4102 506 4168 quam
533 4102 578 4147 ex
603 4091 770 4147 conventu
795 4091 906 4148 vestro
930 4081 1090 4164 cepimus,
1115 4080 1269 4146 cumulus
1294 4048 1447 4154 :mizi

162 4188 312 4266 accessit,
326 4207 403 4252 cum
420 4207 465 4252 ex
481 4185 726 4271 Episcoporum
744 4204 894 4263 numero,
909 4185 965 4268 qui
990 4185 1105 4268 stipati
1131 4183 1268 4252 lectissi-
1293 4168 1448 4291 ssffflss

165 4291 230 4357 mis
246 4311 289 4358 ex
306 4291 399 4357 omni
415 4291 533 4356 ordine
547 4289 626 4355 viris
652 4290 805 4355 doctrina
830 4297 864 4354 et
889 4287 1075 4353 litterarum
1103 4287 1270 4373 elegantia
1296 4301 1391 4336 amna.

168 4397 417 4482 praestantibus
442 4416 487 4461 ex
510 4395 666 4461 universa
693 4392 860 4477 Hispania
886 4393 972 4459 istuc
996 4411 1189 4472 convenere,
1212 4395 1271 4461 ubi
