<?xml version="1.0" encoding="UTF-8"?>
<!DOCTYPE html PUBLIC "-//W3C//DTD XHTML 1.0 Transitional//EN"
    "http://www.w3.org/TR/xhtml1/DTD/xhtml1-transitional.dtd">
<html xmlns="http://www.w3.org/1999/xhtml" xml:lang="en" lang="en">
 <head>
  <title>
</title>
<meta http-equiv="Content-Type" content="text/html;charset=utf-8" />
  <meta name='ocr-system' content='tesseract 3.04.00' />
  <meta name='ocr-capabilities' content='ocr_page ocr_carea ocr_par ocr_line ocrx_word'/>
</head>
<body>
  <div class='ocr_page' id='page_1' title='image "./sanctissimidomi03xiiigoog_0245.png"; bbox 0 0 3336 4870; ppageno 0'>
   <div class='ocr_carea' id='block_1_1' title="bbox 194 945 1489 1349">
    <p class='ocr_par' dir='ltr' id='par_1_1' title="bbox 218 945 1489 1276">
     <span class='ocr_line' id='line_1_1' title="bbox 218 953 1488 1058; baseline 0.006 -42"><span class='ocrx_word' id='word_1_1' title='bbox 218 978 341 1058; x_wconf 40' lang='lat' dir='ltr'>Magn!</span> <span class='ocrx_word' id='word_1_2' title='bbox 569 953 743 1020; x_wconf 89' lang='lat' dir='ltr'><strong>RATAM</strong></span> <span class='ocrx_word' id='word_1_3' title='bbox 771 955 855 1020; x_wconf 91' lang='lat' dir='ltr'>scito</span> <span class='ocrx_word' id='word_1_4' title='bbox 882 954 995 1020; x_wconf 85' lang='lat' dir='ltr'>Nobis</span> <span class='ocrx_word' id='word_1_5' title='bbox 1011 955 1188 1039; x_wconf 90' lang='lat' dir='ltr'>epistolam</span> <span class='ocrx_word' id='word_1_6' title='bbox 1203 965 1298 1022; x_wconf 89' lang='lat' dir='ltr'>tuam</span> <span class='ocrx_word' id='word_1_7' title='bbox 1315 957 1425 1024; x_wconf 86' lang='lat' dir='ltr'>luisse.</span> <span class='ocrx_word' id='word_1_8' title='bbox 1449 959 1488 1023; x_wconf 86' lang='lat' dir='ltr'>In</span> 
     </span>
     <span class='ocr_line' id='line_1_2' title="bbox 245 945 1489 1248; baseline 0.01 -134"><span class='ocrx_word' id='word_1_9' title='bbox 245 1069 310 1127; x_wconf 80' lang='lat'><em>1889.</em></span> <span class='ocrx_word' id='word_1_10' title='bbox 377 945 511 1248; x_wconf 61' lang='lat' dir='ltr'>{G</span> <span class='ocrx_word' id='word_1_11' title='bbox 588 1077 628 1122; x_wconf 87' lang='lat' dir='ltr'>ea</span> <span class='ocrx_word' id='word_1_12' title='bbox 647 1059 737 1124; x_wconf 88' lang='lat' dir='ltr'>enim</span> <span class='ocrx_word' id='word_1_13' title='bbox 753 1059 815 1122; x_wconf 91' lang='lat' dir='ltr'>visi</span> <span class='ocrx_word' id='word_1_14' title='bbox 843 1077 958 1124; x_wconf 88' lang='lat' dir='ltr'>sumus</span> <span class='ocrx_word' id='word_1_15' title='bbox 986 1078 1110 1124; x_wconf 90' lang='lat' dir='ltr'>novum</span> <span class='ocrx_word' id='word_1_16' title='bbox 1138 1060 1324 1144; x_wconf 89' lang='lat' dir='ltr'>perspicere</span> <span class='ocrx_word' id='word_1_17' title='bbox 1337 1063 1489 1127; x_wconf 93' lang='lat' dir='ltr'>testimo·</span> 
     </span>
     <span class='ocr_line' id='line_1_3' title="bbox 236 1160 1489 1276; baseline 0.008 -55"><span class='ocrx_word' id='word_1_18' title='bbox 236 1229 259 1273; x_wconf 66' lang='lat' dir='ltr'><em>P</em></span> <span class='ocrx_word' id='word_1_19' title='bbox 290 1231 312 1276; x_wconf 42' lang='lat' dir='ltr'>t,</span> <span class='ocrx_word' id='word_1_20' title='bbox 589 1161 681 1226; x_wconf 90' lang='lat' dir='ltr'>nium</span> <span class='ocrx_word' id='word_1_21' title='bbox 698 1160 900 1244; x_wconf 86' lang='lat' dir='ltr'>episcopalis</span> <span class='ocrx_word' id='word_1_22' title='bbox 909 1161 1105 1243; x_wconf 85' lang='lat' dir='ltr'>vigilantiae</span> <span class='ocrx_word' id='word_1_23' title='bbox 1120 1173 1208 1241; x_wconf 88' lang='lat' dir='ltr'>tuae,</span> <span class='ocrx_word' id='word_1_24' title='bbox 1222 1164 1370 1248; x_wconf 87' lang='lat' dir='ltr'>itemque</span> <span class='ocrx_word' id='word_1_25' title='bbox 1385 1168 1489 1232; x_wconf 91' lang='lat' dir='ltr'>studii</span> 
     </span>
    </p>

    <p class='ocr_par' dir='ltr' id='par_1_2' title="bbox 194 1230 1489 1349">
     <span class='ocr_line' id='line_1_4' title="bbox 194 1230 1489 1349; baseline 0.003 -17"><span class='ocrx_word' id='word_1_26' title='bbox 194 1230 352 1348; x_wconf 56' lang='lat' dir='ltr'>gratiallssi</span> <span class='ocrx_word' id='word_1_27' title='bbox 377 1249 452 1326; x_wconf 58' lang='lat' dir='ltr'>&amp;aa</span> <span class='ocrx_word' id='word_1_28' title='bbox 588 1263 775 1349; x_wconf 85' lang='lat' dir='ltr'>singularis,</span> <span class='ocrx_word' id='word_1_29' title='bbox 786 1285 854 1348; x_wconf 93' lang='lat' dir='ltr'>quo</span> <span class='ocrx_word' id='word_1_30' title='bbox 864 1285 1057 1348; x_wconf 82' lang='lat' dir='ltr'>perseveras</span> <span class='ocrx_word' id='word_1_31' title='bbox 1073 1287 1149 1332; x_wconf 91' lang='lat' dir='ltr'>cum</span> <span class='ocrx_word' id='word_1_32' title='bbox 1166 1267 1274 1334; x_wconf 89' lang='lat' dir='ltr'>colere</span> <span class='ocrx_word' id='word_1_33' title='bbox 1283 1269 1358 1335; x_wconf 90' lang='lat' dir='ltr'>Nos</span> <span class='ocrx_word' id='word_1_34' title='bbox 1373 1291 1489 1336; x_wconf 92' lang='lat' dir='ltr'>aman·</span> 
     </span>
    </p>
   </div>
   <div class='ocr_carea' id='block_1_2' title="bbox 198 1349 1489 1465">
    <p class='ocr_par' dir='ltr' id='par_1_3' title="bbox 198 1349 1489 1465">
     <span class='ocr_line' id='line_1_5' title="bbox 198 1349 1489 1465; baseline -0.002 -23"><span class='ocrx_word' id='word_1_35' title='bbox 198 1349 350 1465; x_wconf 52' lang='lat' dir='ltr'>mm</span> <span class='ocrx_word' id='word_1_36' title='bbox 376 1376 514 1453; x_wconf 87' lang='lat' dir='ltr'>tissime,</span> <span class='ocrx_word' id='word_1_37' title='bbox 531 1383 607 1437; x_wconf 93' lang='lat' dir='ltr'>tum</span> <span class='ocrx_word' id='word_1_38' title='bbox 623 1371 744 1435; x_wconf 90' lang='lat' dir='ltr'>iurium</span> <span class='ocrx_word' id='word_1_39' title='bbox 771 1368 993 1452; x_wconf 89' lang='lat' dir='ltr'>Apostolicae</span> <span class='ocrx_word' id='word_1_40' title='bbox 1022 1369 1120 1436; x_wconf 89' lang='lat' dir='ltr'>Sedis</span> <span class='ocrx_word' id='word_1_41' title='bbox 1146 1371 1232 1436; x_wconf 90' lang='lat' dir='ltr'>velle</span> <span class='ocrx_word' id='word_1_42' title='bbox 1246 1380 1348 1456; x_wconf 91' lang='lat' dir='ltr'>atque</span> <span class='ocrx_word' id='word_1_43' title='bbox 1370 1383 1489 1458; x_wconf 87' lang='lat' dir='ltr'>optare</span> 
     </span>
    </p>
   </div>
   <div class='ocr_carea' id='block_1_3' title="bbox 198 1466 1489 1572">
    <p class='ocr_par' dir='ltr' id='par_1_4' title="bbox 198 1466 1489 1572">
     <span class='ocr_line' id='line_1_6' title="bbox 198 1466 1489 1572; baseline 0.002 -32"><span class='ocrx_word' id='word_1_44' title='bbox 198 1469 350 1572; x_wconf 44' lang='lat' dir='ltr'>{fimi}</span> <span class='ocrx_word' id='word_1_45' title='bbox 375 1478 655 1546; x_wconf 83' lang='lat' dir='ltr'><strong>incolumitatem.</strong></span> <span class='ocrx_word' id='word_1_46' title='bbox 666 1474 852 1556; x_wconf 89' lang='lat' dir='ltr'>Animique</span> <span class='ocrx_word' id='word_1_47' title='bbox 868 1473 916 1536; x_wconf 92' lang='lat' dir='ltr'>tui</span> <span class='ocrx_word' id='word_1_48' title='bbox 929 1473 1123 1540; x_wconf 90' lang='lat' dir='ltr'>declarandi</span> <span class='ocrx_word' id='word_1_49' title='bbox 1137 1476 1165 1540; x_wconf 90' lang='lat' dir='ltr'>si</span> <span class='ocrx_word' id='word_1_50' title='bbox 1175 1495 1242 1560; x_wconf 93' lang='lat' dir='ltr'>qua</span> <span class='ocrx_word' id='word_1_51' title='bbox 1256 1477 1355 1542; x_wconf 91' lang='lat' dir='ltr'>detur</span> <span class='ocrx_word' id='word_1_52' title='bbox 1366 1466 1489 1562; x_wconf 84' lang='lat' dir='ltr'>oppdr·</span> 
     </span>
    </p>
   </div>
   <div class='ocr_carea' id='block_1_4' title="bbox 197 1576 1489 1871">
    <p class='ocr_par' dir='ltr' id='par_1_5' title="bbox 197 1576 1489 1871">
     <span class='ocr_line' id='line_1_7' title="bbox 197 1576 1488 1663; baseline -0.004 -15"><span class='ocrx_word' id='word_1_53' title='bbox 197 1585 316 1630; x_wconf 58' lang='lat' dir='ltr'>“iuml-</span> <span class='ocrx_word' id='word_1_54' title='bbox 374 1584 511 1659; x_wconf 89' lang='lat' dir='ltr'>tunitas,</span> <span class='ocrx_word' id='word_1_55' title='bbox 526 1590 561 1645; x_wconf 91' lang='lat' dir='ltr'>te</span> <span class='ocrx_word' id='word_1_56' title='bbox 578 1578 731 1642; x_wconf 89' lang='lat' dir='ltr'>videmus</span> <span class='ocrx_word' id='word_1_57' title='bbox 756 1596 830 1642; x_wconf 89' lang='lat' dir='ltr'>eam</span> <span class='ocrx_word' id='word_1_58' title='bbox 857 1576 1000 1642; x_wconf 80' lang='lat' dir='ltr'>libenter</span> <span class='ocrx_word' id='word_1_59' title='bbox 1027 1579 1182 1662; x_wconf 80' lang='lat' dir='ltr'>arripere,</span> <span class='ocrx_word' id='word_1_60' title='bbox 1198 1599 1259 1644; x_wconf 90' lang='lat' dir='ltr'>nec</span> <span class='ocrx_word' id='word_1_61' title='bbox 1285 1580 1488 1663; x_wconf 88' lang='lat' dir='ltr'>praeterlabi</span> 
     </span>
     <span class='ocr_line' id='line_1_8' title="bbox 374 1681 1488 1768; baseline -0.003 -17"><span class='ocrx_word' id='word_1_62' title='bbox 374 1686 472 1752; x_wconf 79' lang='lat' dir='ltr'>facile</span> <span class='ocrx_word' id='word_1_63' title='bbox 487 1687 596 1749; x_wconf 87' lang='lat' dir='ltr'>sinere</span> <span class='ocrx_word' id='word_1_64' title='bbox 612 1704 619 1762; x_wconf 90' lang='grc'>;</span> <span class='ocrx_word' id='word_1_65' title='bbox 635 1681 684 1746; x_wconf 90' lang='lat' dir='ltr'>uti</span> <span class='ocrx_word' id='word_1_66' title='bbox 709 1700 822 1763; x_wconf 85' lang='lat' dir='ltr'>nuper,</span> <span class='ocrx_word' id='word_1_67' title='bbox 837 1700 914 1745; x_wconf 91' lang='lat' dir='ltr'>cum</span> <span class='ocrx_word' id='word_1_68' title='bbox 940 1681 1023 1746; x_wconf 92' lang='lat' dir='ltr'>illud</span> <span class='ocrx_word' id='word_1_69' title='bbox 1040 1682 1072 1746; x_wconf 89' lang='lat' dir='ltr'>in</span> <span class='ocrx_word' id='word_1_70' title='bbox 1102 1682 1210 1748; x_wconf 89' lang='lat' dir='ltr'>lucem</span> <span class='ocrx_word' id='word_1_71' title='bbox 1226 1685 1350 1765; x_wconf 91' lang='lat' dir='ltr'>prodiit</span> <span class='ocrx_word' id='word_1_72' title='bbox 1374 1684 1488 1768; x_wconf 90' lang='lat' dir='ltr'>Opus·</span> 
     </span>
     <span class='ocr_line' id='line_1_9' title="bbox 374 1785 1489 1871; baseline -0.001 -18"><span class='ocrx_word' id='word_1_73' title='bbox 374 1787 595 1871; x_wconf 86' lang='lat' dir='ltr'>culum,quod</span> <span class='ocrx_word' id='word_1_74' title='bbox 606 1786 677 1868; x_wconf 91' lang='lat' dir='ltr'>ipse</span> <span class='ocrx_word' id='word_1_75' title='bbox 686 1785 1104 1868; x_wconf 89' lang='lat' dir='ltr'>commemoras,quodque</span> <span class='ocrx_word' id='word_1_76' title='bbox 1120 1805 1200 1850; x_wconf 88' lang='lat' dir='ltr'>sane</span> <span class='ocrx_word' id='word_1_77' title='bbox 1208 1786 1236 1848; x_wconf 89' lang='lat' dir='ltr'>si</span> <span class='ocrx_word' id='word_1_78' title='bbox 1246 1785 1401 1869; x_wconf 90' lang='lat' dir='ltr'>displicet</span> <span class='ocrx_word' id='word_1_79' title='bbox 1417 1787 1489 1865; x_wconf 91' lang='lat' dir='ltr'>tibi,</span> 
     </span>
    </p>
   </div>
   <div class='ocr_carea' id='block_1_5' title="bbox 198 1887 1488 1999">
    <p class='ocr_par' dir='ltr' id='par_1_6' title="bbox 198 1887 1488 1999">
     <span class='ocr_line' id='line_1_10' title="bbox 198 1887 1488 1999; baseline 0 -45"><span class='ocrx_word' id='word_1_80' title='bbox 198 1893 350 1999; x_wconf 49' lang='lat' dir='ltr'>,mm</span> <span class='ocrx_word' id='word_1_81' title='bbox 376 1902 413 1957; x_wconf 95' lang='lat' dir='ltr'>ut</span> <span class='ocrx_word' id='word_1_82' title='bbox 442 1890 568 1968; x_wconf 90' lang='lat' dir='ltr'>scribis,</span> <span class='ocrx_word' id='word_1_83' title='bbox 599 1891 670 1954; x_wconf 88' lang='lat' dir='ltr'>iure</span> <span class='ocrx_word' id='word_1_84' title='bbox 699 1887 864 1972; x_wconf 91' lang='lat' dir='ltr'>displicet.</span> <span class='ocrx_word' id='word_1_85' title='bbox 895 1925 938 1937; x_wconf 93' lang='lat'>-</span> <span class='ocrx_word' id='word_1_86' title='bbox 980 1887 1055 1952; x_wconf 89' lang='lat' dir='ltr'>Imo</span> <span class='ocrx_word' id='word_1_87' title='bbox 1085 1909 1165 1954; x_wconf 88' lang='lat' dir='ltr'>vero</span> <span class='ocrx_word' id='word_1_88' title='bbox 1203 1909 1303 1955; x_wconf 88' lang='lat' dir='ltr'>nemo</span> <span class='ocrx_word' id='word_1_89' title='bbox 1341 1892 1488 1973; x_wconf 89' lang='lat' dir='ltr'>prudens</span> 
     </span>
    </p>
   </div>
   <div class='ocr_carea' id='block_1_6' title="bbox 198 1989 1490 2078">
    <p class='ocr_par' dir='ltr' id='par_1_7' title="bbox 198 1989 1490 2078">
     <span class='ocr_line' id='line_1_11' title="bbox 198 1989 1490 2078; baseline 0 -20"><span class='ocrx_word' id='word_1_90' title='bbox 198 2028 235 2058; x_wconf 77' lang='lat' dir='ltr'>m</span> <span class='ocrx_word' id='word_1_91' title='bbox 251 2013 348 2071; x_wconf 76' lang='lat' dir='ltr'>gravis·</span> <span class='ocrx_word' id='word_1_92' title='bbox 375 2013 552 2077; x_wconf 84' lang='lat' dir='ltr'>rerumque</span> <span class='ocrx_word' id='word_1_93' title='bbox 567 1992 782 2057; x_wconf 89' lang='lat' dir='ltr'>existimator</span> <span class='ocrx_word' id='word_1_94' title='bbox 797 2009 924 2075; x_wconf 88' lang='lat' dir='ltr'>aequus</span> <span class='ocrx_word' id='word_1_95' title='bbox 941 1989 1135 2073; x_wconf 83' lang='lat' dir='ltr'>reperiatur,</span> <span class='ocrx_word' id='word_1_96' title='bbox 1145 1993 1226 2076; x_wconf 92' lang='lat' dir='ltr'>quin</span> <span class='ocrx_word' id='word_1_97' title='bbox 1239 2001 1350 2058; x_wconf 91' lang='lat' dir='ltr'>tecum</span> <span class='ocrx_word' id='word_1_98' title='bbox 1364 2014 1490 2078; x_wconf 88' lang='lat' dir='ltr'>magna</span> 
     </span>
    </p>
   </div>
   <div class='ocr_carea' id='block_1_7' title="bbox 197 2072 1489 2182">
    <p class='ocr_par' dir='ltr' id='par_1_8' title="bbox 197 2072 1489 2182">
     <span class='ocr_line' id='line_1_12' title="bbox 197 2072 1489 2182; baseline -0.002 -17"><span class='ocrx_word' id='word_1_99' title='bbox 197 2072 350 2176; x_wconf 38' lang='lat' dir='ltr'>252³&amp;er</span> <span class='ocrx_word' id='word_1_100' title='bbox 375 2100 550 2165; x_wconf 89' lang='lat' dir='ltr'>voluntate</span> <span class='ocrx_word' id='word_1_101' title='bbox 578 2096 776 2161; x_wconf 87' lang='lat' dir='ltr'>consentiat.</span> <span class='ocrx_word' id='word_1_102' title='bbox 794 2096 872 2178; x_wconf 88' lang='lat' dir='ltr'>Hoc</span> <span class='ocrx_word' id='word_1_103' title='bbox 899 2096 990 2159; x_wconf 91' lang='lat' dir='ltr'>enim</span> <span class='ocrx_word' id='word_1_104' title='bbox 1017 2096 1093 2178; x_wconf 89' lang='lat' dir='ltr'>quis</span> <span class='ocrx_word' id='word_1_105' title='bbox 1110 2096 1283 2162; x_wconf 85' lang='lat' dir='ltr'>ferendum</span> <span class='ocrx_word' id='word_1_106' title='bbox 1311 2108 1416 2182; x_wconf 90' lang='lat' dir='ltr'>putet,</span> <span class='ocrx_word' id='word_1_107' title='bbox 1437 2120 1489 2164; x_wconf 91' lang='lat' dir='ltr'>res</span> 
     </span>
    </p>
   </div>
   <div class='ocr_carea' id='block_1_8' title="bbox 194 2191 1486 2309">
    <p class='ocr_par' dir='ltr' id='par_1_9' title="bbox 194 2191 1486 2309">
     <span class='ocr_line' id='line_1_13' title="bbox 194 2191 1486 2309; baseline 0.005 -49"><span class='ocrx_word' id='word_1_108' title='bbox 194 2191 349 2309; x_wconf 41' lang='lat' dir='ltr'>pffl‘ij,</span> <span class='ocrx_word' id='word_1_109' title='bbox 375 2201 550 2285; x_wconf 82' lang='lat' dir='ltr'>permagni</span> <span class='ocrx_word' id='word_1_110' title='bbox 570 2200 741 2277; x_wconf 89' lang='lat' dir='ltr'>momenti,</span> <span class='ocrx_word' id='word_1_111' title='bbox 756 2219 833 2263; x_wconf 91' lang='lat' dir='ltr'>cum</span> <span class='ocrx_word' id='word_1_112' title='bbox 857 2207 1026 2280; x_wconf 81' lang='lat' dir='ltr'>potestate</span> <span class='ocrx_word' id='word_1_113' title='bbox 1049 2197 1221 2264; x_wconf 87' lang='lat' dir='ltr'>Pontificis</span> <span class='ocrx_word' id='word_1_114' title='bbox 1237 2201 1391 2278; x_wconf 86' lang='lat' dir='ltr'>Maximi,</span> <span class='ocrx_word' id='word_1_115' title='bbox 1406 2223 1486 2267; x_wconf 91' lang='lat' dir='ltr'>curn</span> 
     </span>
    </p>
   </div>
   <div class='ocr_carea' id='block_1_9' title="bbox 197 2301 1486 2428">
    <p class='ocr_par' dir='ltr' id='par_1_10' title="bbox 197 2301 1486 2428">
     <span class='ocr_line' id='line_1_14' title="bbox 197 2301 1486 2428; baseline 0 -57"><span class='ocrx_word' id='word_1_116' title='bbox 197 2309 351 2428; x_wconf 34' lang='lat' dir='ltr'>mas&amp;</span> <span class='ocrx_word' id='word_1_117' title='bbox 376 2307 449 2390; x_wconf 89' lang='lat' dir='ltr'>ipsa</span> <span class='ocrx_word' id='word_1_118' title='bbox 476 2303 669 2389; x_wconf 91' lang='lat' dir='ltr'>Apostolici</span> <span class='ocrx_word' id='word_1_119' title='bbox 694 2302 840 2367; x_wconf 89' lang='lat' dir='ltr'>muneris</span> <span class='ocrx_word' id='word_1_120' title='bbox 865 2301 1020 2366; x_wconf 85' lang='lat' dir='ltr'>libertate</span> <span class='ocrx_word' id='word_1_121' title='bbox 1045 2303 1230 2386; x_wconf 88' lang='lat' dir='ltr'>copulatas,</span> <span class='ocrx_word' id='word_1_122' title='bbox 1259 2306 1419 2370; x_wconf 85' lang='lat' dir='ltr'>audacter</span> <span class='ocrx_word' id='word_1_123' title='bbox 1443 2307 1486 2371; x_wconf 84' lang='lat' dir='ltr'>ad</span> 
     </span>
    </p>
   </div>
   <div class='ocr_carea' id='block_1_10' title="bbox 197 2405 1489 2489">
    <p class='ocr_par' dir='ltr' id='par_1_11' title="bbox 197 2405 1489 2489">
     <span class='ocr_line' id='line_1_15' title="bbox 197 2405 1489 2489; baseline -0.001 -15"><span class='ocrx_word' id='word_1_124' title='bbox 197 2429 225 2474; x_wconf 67' lang='lat' dir='ltr'>ue</span> <span class='ocrx_word' id='word_1_125' title='bbox 264 2428 350 2474; x_wconf 73' lang='lat' dir='ltr'>eudem</span> <span class='ocrx_word' id='word_1_126' title='bbox 375 2429 473 2476; x_wconf 88' lang='lat' dir='ltr'>suum</span> <span class='ocrx_word' id='word_1_127' title='bbox 490 2408 637 2474; x_wconf 86' lang='lat' dir='ltr'>revocari</span> <span class='ocrx_word' id='word_1_128' title='bbox 659 2405 843 2481; x_wconf 89' lang='lat' dir='ltr'>arbitrium,</span> <span class='ocrx_word' id='word_1_129' title='bbox 857 2405 1057 2489; x_wconf 89' lang='lat' dir='ltr'>publiceque</span> <span class='ocrx_word' id='word_1_130' title='bbox 1083 2406 1257 2472; x_wconf 89' lang='lat' dir='ltr'>diiudicari</span> <span class='ocrx_word' id='word_1_131' title='bbox 1284 2407 1327 2472; x_wconf 95' lang='lat' dir='ltr'>ab</span> <span class='ocrx_word' id='word_1_132' title='bbox 1349 2407 1489 2474; x_wconf 89' lang='lat' dir='ltr'>homine</span> 
     </span>
    </p>
   </div>
   <div class='ocr_carea' id='block_1_11' title="bbox 190 2489 1592 3737">
    <p class='ocr_par' dir='ltr' id='par_1_12' title="bbox 190 2489 1592 3737">
     <span class='ocr_line' id='line_1_16' title="bbox 190 2489 1490 2604; baseline -0.001 -26"><span class='ocrx_word' id='word_1_133' title='bbox 190 2497 248 2604; x_wconf 52' lang='lat' dir='ltr'><em>ff</em></span> <span class='ocrx_word' id='word_1_134' title='bbox 264 2489 352 2591; x_wconf 51' lang='lat' dir='ltr'>palili}</span> <span class='ocrx_word' id='word_1_135' title='bbox 375 2515 511 2599; x_wconf 91' lang='lat' dir='ltr'>quidem</span> <span class='ocrx_word' id='word_1_136' title='bbox 528 2514 668 2596; x_wconf 88' lang='lat' dir='ltr'>privato,</span> <span class='ocrx_word' id='word_1_137' title='bbox 683 2509 776 2576; x_wconf 89' lang='lat' dir='ltr'>nulla</span> <span class='ocrx_word' id='word_1_138' title='bbox 792 2510 835 2574; x_wconf 90' lang='lat' dir='ltr'>ad</span> <span class='ocrx_word' id='word_1_139' title='bbox 853 2508 886 2573; x_wconf 93' lang='lat' dir='ltr'>id</span> <span class='ocrx_word' id='word_1_140' title='bbox 904 2509 1108 2574; x_wconf 88' lang='lat' dir='ltr'>auctoritate</span> <span class='ocrx_word' id='word_1_141' title='bbox 1122 2511 1301 2594; x_wconf 82' lang='lat' dir='ltr'>praedito?</span> <span class='ocrx_word' id='word_1_142' title='bbox 1317 2512 1427 2596; x_wconf 90' lang='lat' dir='ltr'>Atqui</span> <span class='ocrx_word' id='word_1_143' title='bbox 1445 2514 1490 2580; x_wconf 91' lang='lat' dir='ltr'>ab</span> 
     </span>
     <span class='ocr_line' id='line_1_17' title="bbox 198 2601 1592 2701; baseline 0 -19"><span class='ocrx_word' id='word_1_144' title='bbox 198 2607 231 2650; x_wconf 50' lang='grc' dir='ltr'><em>Ἠ</em></span> <span class='ocrx_word' id='word_1_145' title='bbox 249 2606 346 2651; x_wconf 58' lang='lat' dir='ltr'>‘mm</span> <span class='ocrx_word' id='word_1_146' title='bbox 376 2621 448 2701; x_wconf 90' lang='lat' dir='ltr'>ipso</span> <span class='ocrx_word' id='word_1_147' title='bbox 468 2615 628 2682; x_wconf 87' lang='lat' dir='ltr'>Pontifice</span> <span class='ocrx_word' id='word_1_148' title='bbox 644 2615 791 2681; x_wconf 88' lang='lat' dir='ltr'>iudicata</span> <span class='ocrx_word' id='word_1_149' title='bbox 813 2633 932 2678; x_wconf 86' lang='lat' dir='ltr'>caussa</span> <span class='ocrx_word' id='word_1_150' title='bbox 948 2622 1020 2678; x_wconf 89' lang='lat' dir='ltr'>est:</span> <span class='ocrx_word' id='word_1_151' title='bbox 1036 2615 1063 2677; x_wconf 91' lang='lat' dir='ltr'>is</span> <span class='ocrx_word' id='word_1_152' title='bbox 1085 2616 1175 2679; x_wconf 88' lang='lat' dir='ltr'>enirn</span> <span class='ocrx_word' id='word_1_153' title='bbox 1200 2615 1280 2700; x_wconf 92' lang='lat' dir='ltr'>quid</span> <span class='ocrx_word' id='word_1_154' title='bbox 1304 2626 1338 2680; x_wconf 91' lang='lat' dir='ltr'>et</span> <span class='ocrx_word' id='word_1_155' title='bbox 1364 2618 1490 2683; x_wconf 89' lang='lat' dir='ltr'>sentire</span> <span class='ocrx_word' id='word_1_156' title='bbox 1588 2601 1592 2617; x_wconf 78' lang='lat'>&#39;</span> 
     </span>
     <span class='ocr_line' id='line_1_18' title="bbox 376 2718 1499 2804; baseline -0.001 -18"><span class='ocrx_word' id='word_1_157' title='bbox 376 2732 505 2786; x_wconf 90' lang='lat' dir='ltr'>ceteros</span> <span class='ocrx_word' id='word_1_158' title='bbox 534 2729 690 2804; x_wconf 87' lang='lat' dir='ltr'>oporteat</span> <span class='ocrx_word' id='word_1_159' title='bbox 722 2739 790 2784; x_wconf 90' lang='lat' dir='ltr'>non</span> <span class='ocrx_word' id='word_1_160' title='bbox 827 2718 933 2782; x_wconf 89' lang='lat' dir='ltr'>semel</span> <span class='ocrx_word' id='word_1_161' title='bbox 965 2737 1075 2802; x_wconf 88' lang='lat' dir='ltr'>neque</span> <span class='ocrx_word' id='word_1_162' title='bbox 1108 2718 1248 2784; x_wconf 88' lang='lat' dir='ltr'>obscure</span> <span class='ocrx_word' id='word_1_163' title='bbox 1278 2719 1499 2804; x_wconf 84' lang='lat' dir='ltr'>significavit.</span> 
     </span>
     <span class='ocr_line' id='line_1_19' title="bbox 378 2823 1490 2909; baseline -0.002 -17"><span class='ocrx_word' id='word_1_164' title='bbox 378 2827 547 2892; x_wconf 87' lang='lat' dir='ltr'>Utrumne</span> <span class='ocrx_word' id='word_1_165' title='bbox 574 2827 713 2890; x_wconf 90' lang='lat' dir='ltr'>suadere</span> <span class='ocrx_word' id='word_1_166' title='bbox 738 2844 833 2889; x_wconf 86' lang='lat' dir='ltr'>secus</span> <span class='ocrx_word' id='word_1_167' title='bbox 850 2823 1069 2902; x_wconf 90' lang='lat' dir='ltr'>multitudini,</span> <span class='ocrx_word' id='word_1_168' title='bbox 1083 2823 1179 2889; x_wconf 89' lang='lat' dir='ltr'>salva</span> <span class='ocrx_word' id='word_1_169' title='bbox 1201 2823 1300 2888; x_wconf 88' lang='lat' dir='ltr'>officii</span> <span class='ocrx_word' id='word_1_170' title='bbox 1316 2826 1490 2909; x_wconf 84' lang='lat' dir='ltr'>religione,</span> 
     </span>
     <span class='ocr_line' id='line_1_20' title="bbox 213 2928 1489 3037; baseline -0.001 -44"><span class='ocrx_word' id='word_1_171' title='bbox 213 2932 350 3037; x_wconf 43' lang='lat' dir='ltr'>(mgr</span> <span class='ocrx_word' id='word_1_172' title='bbox 377 2929 501 2995; x_wconf 81' lang='lat' dir='ltr'>liceat?</span> <span class='ocrx_word' id='word_1_173' title='bbox 516 2967 559 2978; x_wconf 85' lang='lat'><em>-</em></span> <span class='ocrx_word' id='word_1_174' title='bbox 577 2929 664 2994; x_wconf 92' lang='lat' dir='ltr'>lllud</span> <span class='ocrx_word' id='word_1_175' title='bbox 690 2951 768 2994; x_wconf 90' lang='lat' dir='ltr'>vero</span> <span class='ocrx_word' id='word_1_176' title='bbox 785 2928 892 3011; x_wconf 85' lang='lat' dir='ltr'>magis</span> <span class='ocrx_word' id='word_1_177' title='bbox 919 2948 1081 3012; x_wconf 86' lang='lat' dir='ltr'>arrogans</span> <span class='ocrx_word' id='word_1_178' title='bbox 1098 2930 1272 3013; x_wconf 86' lang='lat' dir='ltr'>magisque</span> <span class='ocrx_word' id='word_1_179' title='bbox 1293 2939 1489 3012; x_wconf 89' lang='lat' dir='ltr'>praeposte-</span> 
     </span>
     <span class='ocr_line' id='line_1_21' title="bbox 205 3007 1489 3116; baseline -0.002 -20"><span class='ocrx_word' id='word_1_180' title='bbox 205 3007 344 3110; x_wconf 68' lang='lat' dir='ltr'>Plntrstam</span> <span class='ocrx_word' id='word_1_181' title='bbox 378 3056 461 3112; x_wconf 90' lang='lat' dir='ltr'>rum,</span> <span class='ocrx_word' id='word_1_182' title='bbox 476 3032 615 3097; x_wconf 88' lang='lat' dir='ltr'>consilia</span> <span class='ocrx_word' id='word_1_183' title='bbox 627 3053 736 3097; x_wconf 88' lang='lat' dir='ltr'>rerum</span> <span class='ocrx_word' id='word_1_184' title='bbox 752 3033 975 3115; x_wconf 88' lang='lat' dir='ltr'>gerendarum</span> <span class='ocrx_word' id='word_1_185' title='bbox 991 3030 1083 3109; x_wconf 90' lang='lat' dir='ltr'>dare,</span> <span class='ocrx_word' id='word_1_186' title='bbox 1100 3031 1247 3116; x_wconf 88' lang='lat' dir='ltr'>Sedique</span> <span class='ocrx_word' id='word_1_187' title='bbox 1267 3031 1489 3116; x_wconf 89' lang='lat' dir='ltr'>Apostolicae</span> 
     </span>
     <span class='ocr_line' id='line_1_22' title="bbox 201 3112 1488 3222; baseline -0.012 -8"><span class='ocrx_word' id='word_1_188' title='bbox 201 3112 256 3214; x_wconf 53' lang='lat' dir='ltr'>{lm</span> <span class='ocrx_word' id='word_1_189' title='bbox 271 3119 352 3213; x_wconf 53' lang='grc' dir='ltr'><em>Ἢ</em></span> <span class='ocrx_word' id='word_1_190' title='bbox 378 3139 458 3222; x_wconf 92' lang='lat' dir='ltr'>quid</span> <span class='ocrx_word' id='word_1_191' title='bbox 489 3137 656 3219; x_wconf 90' lang='lat' dir='ltr'>optimum</span> <span class='ocrx_word' id='word_1_192' title='bbox 687 3136 778 3201; x_wconf 86' lang='lat' dir='ltr'>lactu</span> <span class='ocrx_word' id='word_1_193' title='bbox 805 3137 858 3215; x_wconf 94' lang='lat' dir='ltr'>sit,</span> <span class='ocrx_word' id='word_1_194' title='bbox 882 3135 969 3199; x_wconf 90' lang='lat' dir='ltr'>velle</span> <span class='ocrx_word' id='word_1_195' title='bbox 995 3135 1181 3200; x_wconf 82' lang='lat' dir='ltr'>ostendere</span> <span class='ocrx_word' id='word_1_196' title='bbox 1205 3135 1296 3202; x_wconf 88' lang='lat' dir='ltr'>Sane</span> <span class='ocrx_word' id='word_1_197' title='bbox 1322 3135 1488 3200; x_wconf 89' lang='lat' dir='ltr'>eiusmodi</span> 
     </span>
     <span class='ocr_line' id='line_1_23' title="bbox 202 3228 1489 3345; baseline -0.003 -40"><span class='ocrx_word' id='word_1_198' title='bbox 202 3228 353 3345; x_wconf 53' lang='lat' dir='ltr'>ssffijlfr‘ffii</span> <span class='ocrx_word' id='word_1_199' title='bbox 378 3241 643 3323; x_wconf 89' lang='lat' dir='ltr'>disputationum</span> <span class='ocrx_word' id='word_1_200' title='bbox 661 3240 726 3304; x_wconf 93' lang='lat' dir='ltr'>huc</span> <span class='ocrx_word' id='word_1_201' title='bbox 752 3240 820 3305; x_wconf 86' lang='lat' dir='ltr'>fere</span> <span class='ocrx_word' id='word_1_202' title='bbox 835 3258 968 3304; x_wconf 89' lang='lat' dir='ltr'>summa</span> <span class='ocrx_word' id='word_1_203' title='bbox 984 3238 1080 3318; x_wconf 89' lang='lat' dir='ltr'>redit,</span> <span class='ocrx_word' id='word_1_204' title='bbox 1096 3241 1257 3323; x_wconf 89' lang='lat' dir='ltr'>expedire</span> <span class='ocrx_word' id='word_1_205' title='bbox 1281 3249 1382 3323; x_wconf 92' lang='lat' dir='ltr'>atque</span> <span class='ocrx_word' id='word_1_206' title='bbox 1405 3237 1489 3302; x_wconf 91' lang='lat' dir='ltr'>utile</span> 
     </span>
     <span class='ocr_line' id='line_1_24' title="bbox 378 3341 1487 3426; baseline 0.002 -22"><span class='ocrx_word' id='word_1_207' title='bbox 378 3361 460 3418; x_wconf 90' lang='lat' dir='ltr'>esse,</span> <span class='ocrx_word' id='word_1_208' title='bbox 475 3342 592 3406; x_wconf 89' lang='lat' dir='ltr'>sedate</span> <span class='ocrx_word' id='word_1_209' title='bbox 609 3342 682 3407; x_wconf 94' lang='lat' dir='ltr'>Nos</span> <span class='ocrx_word' id='word_1_210' title='bbox 692 3352 878 3426; x_wconf 89' lang='lat' dir='ltr'>pacateque</span> <span class='ocrx_word' id='word_1_211' title='bbox 893 3342 1104 3424; x_wconf 88' lang='lat' dir='ltr'>acquiescere</span> <span class='ocrx_word' id='word_1_212' title='bbox 1119 3341 1218 3407; x_wconf 90' lang='lat' dir='ltr'>rebus</span> <span class='ocrx_word' id='word_1_213' title='bbox 1234 3343 1329 3406; x_wconf 91' lang='lat' dir='ltr'>novis</span> <span class='ocrx_word' id='word_1_214' title='bbox 1345 3362 1384 3406; x_wconf 92' lang='lat' dir='ltr'>ac</span> <span class='ocrx_word' id='word_1_215' title='bbox 1399 3350 1487 3406; x_wconf 89' lang='lat' dir='ltr'>tem·</span> 
     </span>
     <span class='ocr_line' id='line_1_25' title="bbox 379 3444 1486 3529; baseline -0.002 -19"><span class='ocrx_word' id='word_1_216' title='bbox 379 3445 524 3528; x_wconf 89' lang='lat' dir='ltr'>poribus.</span> <span class='ocrx_word' id='word_1_217' title='bbox 542 3445 677 3511; x_wconf 89' lang='lat' dir='ltr'>Scilicet</span> <span class='ocrx_word' id='word_1_218' title='bbox 700 3448 790 3529; x_wconf 91' lang='lat' dir='ltr'>quod</span> <span class='ocrx_word' id='word_1_219' title='bbox 807 3456 858 3510; x_wconf 90' lang='lat' dir='ltr'>est</span> <span class='ocrx_word' id='word_1_220' title='bbox 882 3465 942 3528; x_wconf 89' lang='lat' dir='ltr'>per</span> <span class='ocrx_word' id='word_1_221' title='bbox 969 3445 1037 3510; x_wconf 91' lang='lat' dir='ltr'>vim</span> <span class='ocrx_word' id='word_1_222' title='bbox 1062 3445 1283 3529; x_wconf 85' lang='lat' dir='ltr'>iniuriamque</span> <span class='ocrx_word' id='word_1_223' title='bbox 1304 3454 1428 3523; x_wconf 90' lang='lat' dir='ltr'>actum,</span> <span class='ocrx_word' id='word_1_224' title='bbox 1451 3444 1486 3509; x_wconf 91' lang='lat' dir='ltr'>id</span> 
     </span>
     <span class='ocr_line' id='line_1_26' title="bbox 379 3549 1487 3632; baseline -0.002 -19"><span class='ocrx_word' id='word_1_225' title='bbox 379 3560 538 3632; x_wconf 89' lang='lat' dir='ltr'>cuperent</span> <span class='ocrx_word' id='word_1_226' title='bbox 554 3549 679 3614; x_wconf 89' lang='lat' dir='ltr'>Nostra</span> <span class='ocrx_word' id='word_1_227' title='bbox 695 3549 764 3616; x_wconf 88' lang='lat' dir='ltr'>lieri</span> <span class='ocrx_word' id='word_1_228' title='bbox 788 3550 961 3614; x_wconf 90' lang='lat' dir='ltr'>voluntate</span> <span class='ocrx_word' id='word_1_229' title='bbox 978 3559 1111 3630; x_wconf 89' lang='lat' dir='ltr'>ratum;</span> <span class='ocrx_word' id='word_1_230' title='bbox 1131 3550 1269 3632; x_wconf 89' lang='lat' dir='ltr'>perinde</span> <span class='ocrx_word' id='word_1_231' title='bbox 1284 3570 1324 3614; x_wconf 92' lang='lat' dir='ltr'>ac</span> <span class='ocrx_word' id='word_1_232' title='bbox 1347 3549 1487 3613; x_wconf 89' lang='lat' dir='ltr'>minime</span> 
     </span>
     <span class='ocr_line' id='line_1_27' title="bbox 218 3648 1485 3737; baseline -0.001 -20"><span class='ocrx_word' id='word_1_233' title='bbox 218 3648 355 3694; x_wconf 60' lang='lat' dir='ltr'>S‘dwndl·</span> <span class='ocrx_word' id='word_1_234' title='bbox 379 3653 529 3737; x_wconf 91' lang='lat' dir='ltr'>liqueret,</span> <span class='ocrx_word' id='word_1_235' title='bbox 554 3652 642 3718; x_wconf 91' lang='lat' dir='ltr'>hanc</span> <span class='ocrx_word' id='word_1_236' title='bbox 667 3674 776 3718; x_wconf 90' lang='lat' dir='ltr'>rerum</span> <span class='ocrx_word' id='word_1_237' title='bbox 803 3653 1044 3732; x_wconf 90' lang='lat' dir='ltr'>conditionem,</span> <span class='ocrx_word' id='word_1_238' title='bbox 1059 3655 1093 3718; x_wconf 90' lang='lat' dir='ltr'>in</span> <span class='ocrx_word' id='word_1_239' title='bbox 1109 3673 1211 3737; x_wconf 91' lang='lat' dir='ltr'>quam</span> <span class='ocrx_word' id='word_1_240' title='bbox 1235 3653 1293 3718; x_wconf 92' lang='lat' dir='ltr'>diu</span> <span class='ocrx_word' id='word_1_241' title='bbox 1313 3652 1485 3737; x_wconf 92' lang='lat' dir='ltr'>compelli-</span> 
     </span>
    </p>
   </div>
   <div class='ocr_carea' id='block_1_12' title="bbox 203 3707 355 3752">
    <p class='ocr_par' dir='ltr' id='par_1_13' title="bbox 203 3707 355 3752">
     <span class='ocr_line' id='line_1_28' title="bbox 203 3707 355 3752; baseline 0 0"><span class='ocrx_word' id='word_1_242' title='bbox 203 3709 236 3752; x_wconf 82' lang='lat' dir='ltr'>tr&#39;o</span> <span class='ocrx_word' id='word_1_243' title='bbox 252 3708 277 3752; x_wconf 90' lang='lat' dir='ltr'>S.</span> <span class='ocrx_word' id='word_1_244' title='bbox 296 3707 355 3752; x_wconf 78' lang='lat' dir='ltr'>Sedr&#39;</span> 
     </span>
    </p>
   </div>
   <div class='ocr_carea' id='block_1_13' title="bbox 200 3755 1485 3870">
    <p class='ocr_par' dir='ltr' id='par_1_14' title="bbox 200 3755 1485 3870">
     <span class='ocr_line' id='line_1_29' title="bbox 200 3755 1485 3870; baseline 0.001 -49"><span class='ocrx_word' id='word_1_245' title='bbox 200 3767 269 3870; x_wconf 51' lang='lat' dir='ltr'>rm</span> <span class='ocrx_word' id='word_1_246' title='bbox 286 3769 355 3870; x_wconf 46' lang='grc' dir='ltr'>Ἥ</span> <span class='ocrx_word' id='word_1_247' title='bbox 380 3776 463 3835; x_wconf 90' lang='lat' dir='ltr'>mur,</span> <span class='ocrx_word' id='word_1_248' title='bbox 478 3759 617 3822; x_wconf 90' lang='lat' dir='ltr'>omnino</span> <span class='ocrx_word' id='word_1_249' title='bbox 633 3777 705 3822; x_wconf 88' lang='lat' dir='ltr'>esse</span> <span class='ocrx_word' id='word_1_250' title='bbox 720 3767 754 3824; x_wconf 91' lang='lat' dir='ltr'>et</span> <span class='ocrx_word' id='word_1_251' title='bbox 770 3778 790 3822; x_wconf 93' lang='lat' dir='ltr'>a</span> <span class='ocrx_word' id='word_1_252' title='bbox 804 3757 970 3842; x_wconf 83' lang='lat' dir='ltr'>dignitate</span> <span class='ocrx_word' id='word_1_253' title='bbox 999 3759 1128 3822; x_wconf 89' lang='lat' dir='ltr'>romani</span> <span class='ocrx_word' id='word_1_254' title='bbox 1145 3755 1316 3823; x_wconf 75' lang='lat' dir='ltr'>Pontificio</span> <span class='ocrx_word' id='word_1_255' title='bbox 1331 3758 1485 3834; x_wconf 88' lang='lat' dir='ltr'>alienam,</span> 
     </span>
    </p>
   </div>
   <div class='ocr_carea' id='block_1_14' title="bbox 203 3861 1484 4151">
    <p class='ocr_par' dir='ltr' id='par_1_15' title="bbox 203 3861 1484 4151">
     <span class='ocr_line' id='line_1_30' title="bbox 203 3861 1484 3945; baseline -0.004 -16"><span class='ocrx_word' id='word_1_256' title='bbox 203 3885 286 3929; x_wconf 64' lang='lat' dir='ltr'>aaran·</span> <span class='ocrx_word' id='word_1_257' title='bbox 315 3891 355 3942; x_wconf 76' lang='lat' dir='ltr'>po.</span> <span class='ocrx_word' id='word_1_258' title='bbox 380 3872 414 3927; x_wconf 93' lang='lat' dir='ltr'>et</span> <span class='ocrx_word' id='word_1_259' title='bbox 429 3883 526 3927; x_wconf 90' lang='lat' dir='ltr'>verae</span> <span class='ocrx_word' id='word_1_260' title='bbox 538 3864 608 3926; x_wconf 90' lang='lat' dir='ltr'>eius</span> <span class='ocrx_word' id='word_1_261' title='bbox 622 3862 766 3926; x_wconf 89' lang='lat' dir='ltr'>libertati</span> <span class='ocrx_word' id='word_1_262' title='bbox 779 3870 1033 3944; x_wconf 84' lang='lat' dir='ltr'>repugnantem,</span> <span class='ocrx_word' id='word_1_263' title='bbox 1048 3863 1095 3926; x_wconf 90' lang='lat' dir='ltr'>ita</span> <span class='ocrx_word' id='word_1_264' title='bbox 1110 3862 1246 3945; x_wconf 89' lang='lat' dir='ltr'>quidem</span> <span class='ocrx_word' id='word_1_265' title='bbox 1263 3871 1378 3926; x_wconf 91' lang='lat' dir='ltr'>utnon</span> <span class='ocrx_word' id='word_1_266' title='bbox 1391 3861 1484 3926; x_wconf 90' lang='lat' dir='ltr'>illam</span> 
     </span>
     <span class='ocr_line' id='line_1_31' title="bbox 204 3948 1484 4048; baseline -0.003 -18"><span class='ocrx_word' id='word_1_267' title='bbox 204 3948 252 3989; x_wconf 65' lang='lat'>“⁵&#39;‘</span> <span class='ocrx_word' id='word_1_268' title='bbox 379 3967 538 4048; x_wconf 88' lang='lat' dir='ltr'>accipere,</span> <span class='ocrx_word' id='word_1_269' title='bbox 563 3964 621 4030; x_wconf 91' lang='lat' dir='ltr'>sed</span> <span class='ocrx_word' id='word_1_270' title='bbox 645 3966 774 4048; x_wconf 89' lang='lat' dir='ltr'>perpeti</span> <span class='ocrx_word' id='word_1_271' title='bbox 800 3967 999 4030; x_wconf 84' lang='lat' dir='ltr'>necessitate</span> <span class='ocrx_word' id='word_1_272' title='bbox 1027 3965 1134 4030; x_wconf 91' lang='lat' dir='ltr'>coacti</span> <span class='ocrx_word' id='word_1_273' title='bbox 1162 3965 1345 4030; x_wconf 89' lang='lat' dir='ltr'>debeamus</span> <span class='ocrx_word' id='word_1_274' title='bbox 1372 3962 1484 4046; x_wconf 90' lang='lat' dir='ltr'>quoad</span> 
     </span>
     <span class='ocr_line' id='line_1_32' title="bbox 259 4065 1484 4151; baseline -0.002 -19"><span class='ocrx_word' id='word_1_275' title='bbox 259 4103 353 4149; x_wconf 60' lang='lat' dir='ltr'>ma„</span> <span class='ocrx_word' id='word_1_276' title='bbox 379 4088 512 4133; x_wconf 91' lang='lat' dir='ltr'>summo</span> <span class='ocrx_word' id='word_1_277' title='bbox 532 4089 572 4132; x_wconf 92' lang='lat' dir='ltr'>ac</span> <span class='ocrx_word' id='word_1_278' title='bbox 588 4068 882 4151; x_wconf 88' lang='lat' dir='ltr'>providentissimo</span> <span class='ocrx_word' id='word_1_279' title='bbox 904 4087 1016 4132; x_wconf 91' lang='lat' dir='ltr'>rerum</span> <span class='ocrx_word' id='word_1_280' title='bbox 1031 4069 1253 4132; x_wconf 89' lang='lat' dir='ltr'>humanarum</span> <span class='ocrx_word' id='word_1_281' title='bbox 1282 4065 1484 4131; x_wconf 87' lang='lat' dir='ltr'>moderatori</span> 
     </span>
    </p>
   </div>
   <div class='ocr_carea' id='block_1_15' title="bbox 203 4162 1484 4279">
    <p class='ocr_par' dir='ltr' id='par_1_16' title="bbox 203 4162 1484 4279">
     <span class='ocr_line' id='line_1_33' title="bbox 203 4162 1484 4279; baseline 0.002 -48"><span class='ocrx_word' id='word_1_282' title='bbox 203 4162 353 4279; x_wconf 45' lang='lat' dir='ltr'><strong><em>§omnm</em></strong></span> <span class='ocrx_word' id='word_1_283' title='bbox 380 4172 455 4236; x_wconf 94' lang='lat' dir='ltr'>Deo</span> <span class='ocrx_word' id='word_1_284' title='bbox 471 4172 642 4255; x_wconf 87' lang='lat' dir='ltr'>placuerit.</span> <span class='ocrx_word' id='word_1_285' title='bbox 656 4209 700 4221; x_wconf 93' lang='lat'><strong>—</strong></span> <span class='ocrx_word' id='word_1_286' title='bbox 717 4173 891 4236; x_wconf 89' lang='lat' dir='ltr'>Praeterea</span> <span class='ocrx_word' id='word_1_287' title='bbox 906 4170 1038 4235; x_wconf 90' lang='lat' dir='ltr'>civilem</span> <span class='ocrx_word' id='word_1_288' title='bbox 1054 4191 1268 4235; x_wconf 89' lang='lat' dir='ltr'>romanorum</span> <span class='ocrx_word' id='word_1_289' title='bbox 1285 4167 1484 4236; x_wconf 89' lang='lat' dir='ltr'>Pontificum</span> 
     </span>
    </p>
   </div>
   <div class='ocr_carea' id='block_1_16' title="bbox 202 4272 1481 4385">
    <p class='ocr_par' dir='ltr' id='par_1_17' title="bbox 202 4272 1481 4385">
     <span class='ocr_line' id='line_1_34' title="bbox 202 4272 1481 4385; baseline -0.003 -47"><span class='ocrx_word' id='word_1_290' title='bbox 202 4281 259 4384; x_wconf 48' lang='grc' dir='ltr'>ἕξω</span> <span class='ocrx_word' id='word_1_291' title='bbox 275 4287 354 4385; x_wconf 40' lang='lat' dir='ltr'>ssim</span> <span class='ocrx_word' id='word_1_292' title='bbox 379 4276 613 4338; x_wconf 91' lang='lat' dir='ltr'>auctoritatem</span> <span class='ocrx_word' id='word_1_293' title='bbox 629 4293 696 4338; x_wconf 90' lang='lat' dir='ltr'>uon</span> <span class='ocrx_word' id='word_1_294' title='bbox 713 4272 913 4356; x_wconf 91' lang='lat' dir='ltr'>populorum</span> <span class='ocrx_word' id='word_1_295' title='bbox 926 4275 1092 4354; x_wconf 85' lang='lat' dir='ltr'>voluntas,</span> <span class='ocrx_word' id='word_1_296' title='bbox 1107 4275 1166 4338; x_wconf 90' lang='lat' dir='ltr'>sed</span> <span class='ocrx_word' id='word_1_297' title='bbox 1182 4275 1291 4339; x_wconf 89' lang='lat' dir='ltr'>verius</span> <span class='ocrx_word' id='word_1_298' title='bbox 1307 4290 1481 4356; x_wconf 91' lang='lat' dir='ltr'>pravarum</span> 
     </span>
    </p>
   </div>
   <div class='ocr_carea' id='block_1_17' title="bbox 193 4377 1483 4462">
    <p class='ocr_par' dir='ltr' id='par_1_18' title="bbox 193 4377 1483 4462">
     <span class='ocr_line' id='line_1_35' title="bbox 193 4377 1483 4462; baseline -0.002 -20"><span class='ocrx_word' id='word_1_299' title='bbox 193 4397 256 4454; x_wconf 79' lang='lat' dir='ltr'>suu.</span> <span class='ocrx_word' id='word_1_300' title='bbox 379 4387 545 4441; x_wconf 91' lang='lat' dir='ltr'>sectarum</span> <span class='ocrx_word' id='word_1_301' title='bbox 563 4377 704 4442; x_wconf 88' lang='lat' dir='ltr'>audacia</span> <span class='ocrx_word' id='word_1_302' title='bbox 729 4377 865 4441; x_wconf 90' lang='lat' dir='ltr'>violavit</span> <span class='ocrx_word' id='word_1_303' title='bbox 881 4401 888 4442; x_wconf 91' lang='lat'>:</span> <span class='ocrx_word' id='word_1_304' title='bbox 904 4377 980 4442; x_wconf 90' lang='lat' dir='ltr'>illae</span> <span class='ocrx_word' id='word_1_305' title='bbox 996 4377 1121 4462; x_wconf 91' lang='lat' dir='ltr'>quippe</span> <span class='ocrx_word' id='word_1_306' title='bbox 1148 4397 1275 4442; x_wconf 89' lang='lat' dir='ltr'>sacram</span> <span class='ocrx_word' id='word_1_307' title='bbox 1291 4377 1483 4440; x_wconf 86' lang='lat' dir='ltr'>coniuratae</span> 
     </span>
    </p>
   </div>
   <div class='ocr_carea' id='block_1_18' title="bbox 0 0 1672 4870">
    <p class='ocr_par' dir='ltr' id='par_1_19' title="bbox 0 0 1672 4870">
     <span class='ocr_line' id='line_1_36' title="bbox 0 0 1672 4870; baseline 0 0"><span class='ocrx_word' id='word_1_308' title='bbox 0 0 1672 4870; x_wconf 95' lang='lat' dir='ltr'> </span> 
     </span>
    </p>
   </div>
  </div>
 </body>
</html>
