3172 4874
141 413 193 464 DE
212 412 339 464 FESTlS
358 411 510 464 SAECUL.
533 413 573 463 IN
595 413 784 466 HONOREM
803 417 831 466 S.
849 417 958 469 GREG.
980 419 1115 472 MAGNI.
1149 423 1217 492 149

1121 531 1219 542 ..——.

111 591 196 654 riam
227 589 403 672 pertinent,
433 609 454 653 a
484 585 638 652 fidelibus
670 590 770 654 recoli
800 590 833 654 in
865 590 1042 678 lucemque
1068 593 1217 678 proferri,

110 701 340 776 opportunum
356 691 457 756 etiam
470 691 591 757 rationi
606 693 931 778 temporum,quibus
947 693 1070 761 firmari
1086 697 1218 763 animos

109 803 244 880 oportet
260 793 401 859 sortibus
416 803 450 859 et
465 796 698 861 constantibus
714 797 891 881 exemplis,
902 817 963 863 nec
980 799 1091 865 minus
1106 801 1218 886 digni·

108 901 173 966 tati
196 899 294 964 huius
318 897 408 964 urbis
435 907 699 965 consentaneum
725 901 768 966 de
791 921 831 966 eo
852 903 924 968 viro
947 903 1090 986 gloriari,
1113 924 1214 988 quem

109 1011 303 1068 nascentem
328 1001 471 1084 excepit,
487 1001 581 1066 cuius
608 1005 766 1068 mortales
790 1015 901 1070 servat
917 1015 951 1070 et
966 1005 1045 1072 colit
1066 1009 1217 1088 exuvias,

107 1105 203 1170 cuius
218 1104 364 1188 supremi
380 1105 553 1170 ministerii
570 1115 727 1189 paternas
743 1127 838 1172 curas
854 1128 1021 1191 opemque
1036 1112 1215 1195 praecipue

108 1216 249 1290 experta
259 1214 320 1285 est,
335 1226 395 1270 nec
410 1227 478 1290 non
494 1209 743 1291 praestantibus
759 1211 792 1274 in
806 1230 876 1276 rem
888 1210 1103 1277 christianam
1116 1215 1216 1278 meri·

107 1311 153 1376 tis
179 1330 303 1376 novum
328 1311 391 1376 sibi
416 1311 579 1377 honorem
605 1321 640 1378 et
663 1315 807 1398 gratiam
835 1316 925 1398 apud
953 1336 1070 1382 omnes
1096 1328 1214 1400 gentes

106 1414 213 1479 sensit
227 1414 413 1480 accessisse.
428 1454 473 1466 -
493 1417 540 1481 Et
555 1418 715 1500 quoniam
737 1417 945 1500 amplissima
961 1430 1011 1485 est
1027 1440 1123 1504 seges
1140 1420 1210 1504 glo·
1294 1406 1394 1464 ΜΨ

1242 1464 1394 1525 ἰηᾰιμαιίαι

108 1518 177 1582 riae
192 1518 271 1595 eius,
284 1539 304 1584 a
318 1518 432 1583 divina
447 1519 657 1603 benignitate
673 1521 832 1604 prolecta,
847 1541 892 1586 ex
908 1543 974 1606 qua
986 1523 1076 1590 bona
1092 1535 1213 1590 cuncta
1240 1524 1297 1630 5222
1314 1523 1395 1630 iffi

108 1620 293 1698 dimanant,
319 1625 556 1705 percommode
583 1643 622 1688 ac
651 1625 769 1690 merito
791 1625 978 1705 censuistis,
1005 1626 1212 1690 immortales
1241 1643 1268 1690 rr
1286 1643 1391 1713 agenita.

106 1733 186 1790 ante
210 1725 324 1789 omnia
350 1725 427 1790 Deo
449 1727 576 1810 gratias
603 1727 727 1793 habere
752 1728 809 1813 qui
834 1738 965 1795 tantam
991 1730 1149 1796 virtutem
1177 1730 1210 1794 in
1240 1706 1311 1820 ῗῖἷέξ
1330 1717 1393 1808 nii?

106 1829 259 1896 Ecclesia
273 1849 335 1893 sua
357 1829 527 1908 excitavit,
552 1852 591 1896 ac
607 1833 691 1896 mlra
707 1853 767 1916 per
782 1853 858 1898 eum
874 1854 978 1918 opera
1000 1842 1033 1899 et
1054 1833 1211 1900 salutaria
1239 1821 1392 1928 ffijnffl·

104 1931 254 2019 perfecit,
278 1932 401 1998 deinde
427 1945 648 2000 monumenta
673 1935 798 2018 ingenii
813 1936 1013 2021 virtutisque
1040 1935 1212 2030 Pontificis
1239 1940 1344 1986 wlfadu-

104 2037 209 2103 incliti
234 2057 410 2128 rerumque
435 2058 519 2121 quas
536 2039 641 2121 gessit
666 2039 934 2122 amplitudinem,
949 2050 1114 2125 quantum
1140 2039 1210 2107 fieri

103 2142 263 2229 potest,in
280 2140 455 2208 doctorum
472 2142 648 2207 hominum
658 2143 879 2208 conventibus
889 2145 1210 2210 commemoratione

102 2257 137 2314 et
152 2246 331 2332 praeconio
345 2245 524 2329 complecti
536 2268 544 2325 ;
555 2265 616 2310 nec
632 2248 899 2330 praetermittere
908 2247 1112 2312 immortalia
1126 2247 1208 2311 cari·

101 2351 183 2416 tatis
207 2350 277 2414 eius
292 2348 450 2433 exempla
477 2350 677 2415 caelestibus
702 2349 867 2416 illustrata
893 2351 1065 2434 prodigiis,
1087 2350 1208 2434 quibus

104 2451 311 2520 honorandis
326 2472 393 2518 non
410 2451 539 2516 litteras
555 2454 614 2518 sed
626 2453 715 2519 lacta
729 2453 840 2519 verbis
855 2452 995 2536 potiora,
1006 2455 1104 2540 pium
1121 2454 1207 2519 scili-

105 2567 160 2624 cet
171 2556 319 2621 caritatis
335 2555 470 2640 epulum
487 2556 717 2622 adhibendum
731 2555 818 2621 felici
835 2556 975 2622 consilio
991 2557 1209 2623 statuistis.—

100 2660 209 2727 Macti
220 2658 322 2744 igitur
333 2667 440 2725 estote
455 2660 627 2743 praeclaro
643 2661 778 2745 pietatis
794 2661 908 2727 studio
922 2649 991 2744 quo
1007 2658 1119 2727 affecti
1129 2675 1208 2730 sunt

100 2765 205 2830 animi
231 2763 341 2842 vestri,
368 2772 469 2848 atque
484 2765 605 2829 efficite
632 2773 669 2830 ut
684 2763 771 2830 sicut
797 2765 840 2829 ad
867 2765 1009 2850 gloriam
1037 2767 1207 2834 Pontificis

101 2867 221 2952 Magni
236 2887 337 2951 quem
354 2868 472 2947 colitis,
486 2868 534 2933 ita
543 2867 645 2934 etiam
663 2869 705 2934 ad
717 2868 898 2934 utilitatem
915 2879 948 2934 et
964 2869 1205 2936 documentum
1270 2903 1329 2960 Qu,
1343 2904 1384 2962 pf,

100 2971 222 3038 aetatis
237 2980 372 3036 nostrae
394 2989 446 3034 res
462 2971 579 3038 abillo
604 2982 729 3056 gestae,
744 2975 1064 3038 commemoratione
1087 2981 1197 3037 vestra
1233 2963 1361 3022 '‘chila“

1200 3025 1206 3050 ’
1228 3023 1344 3078 prasenti

99 3075 307 3142 reviviscant.
336 3075 430 3140 Nihil
455 3075 544 3140 enim
569 3095 653 3142 aevo
680 3085 797 3142 nostro
821 3077 936 3141 utilius
962 3088 996 3143 et
1019 3076 1205 3154 salutarius,
1231 3080 1383 3196 ᾗῖἑέκτὲξ

99 3179 245 3266 quamsi
269 3199 314 3244 ex
330 3179 447 3264 Magni
464 3179 618 3272 Gregorii
633 3178 767 3245 saeculo
787 3179 1027 3246 documentum
1044 3181 1205 3263 capiatur,
1231 3200 1289 3268 run,
1307 3206 1380 3259 pm.

98 3292 263 3370 quantum
279 3282 393 3348 divina
409 3282 581 3348 Ecclesiae
596 3284 701 3349 virtus
719 3283 845 3369 polleat
857 3284 995 3367 privatis
1007 3304 1046 3348 ac
1062 3282 1204 3367 publicis
1230 3258 1378 3330 mmm·

98 3396 196 3462 malis
222 3394 274 3460 vel
290 3395 479 3460 avertendis
505 3395 558 3460 vel
581 3396 751 3473 sanandis,
777 3395 834 3459 nbi
851 3395 925 3477 ipsa
951 3403 1054 3478 queat
1079 3393 1203 3459 amotis

97 3500 348 3586 impedimentis
372 3520 468 3565 suam
493 3520 594 3584 opem
622 3521 701 3584 erga
723 3500 878 3566 homines
893 3519 1058 3576 exercere,
1074 3508 1107 3563 et
1134 3517 1202 3580 quo

97 3604 208 3687 magis
218 3602 392 3670 silentibus
408 3603 442 3668 in
458 3624 533 3670 eam
549 3604 687 3670 infensis
703 3604 831 3682 studiis,
853 3602 975 3668 rationi
991 3612 1024 3667 et
1041 3601 1202 3685 aequitati

96 3708 295 3794 relinquitur
324 3709 426 3785 locus,
452 3730 493 3775 eo
523 3710 631 3793 magis
661 3708 905 3791 tranquillitati,
934 3706 1137 3772 humanitati
1168 3715 1201 3771 et

94 3814 260 3880 laustitati
269 3813 443 3879 civitatum
455 3823 490 3878 et
500 3813 716 3897 imperiorum
726 3810 916 3876 consultum
927 3830 1009 3876 esse.
1021 3810 1100 3874 Non
1111 3808 1200 3874 enim

95 3937 174 3982 cum
191 3916 318 3982 mundo
333 3925 367 3981 et
382 3916 547 4000 sapientia
562 3915 695 3992 saeculi,
710 3915 769 3979 sed
785 3933 862 3978 cum
874 3912 1025 3978 Ecclesia
1042 3912 1199 3981 columna

94 4032 130 4087 et
154 4020 366 4087 firmamento
392 4021 541 4085 veritatis
567 4028 619 4084 est
635 4019 797 4095 Christus,
823 4019 974 4083 omnium
998 4017 1201 4084 instaurator

94 4127 166 4191 sive
180 4145 268 4211 quae
283 4127 316 4190 in
343 4124 444 4190 caelis
460 4125 529 4190 sive
545 4145 630 4208 quae
646 4125 680 4188 in
697 4122 792 4188 terris
808 4131 894 4202 sunt,
910 4142 930 4187 a
945 4142 1013 4206 quo
1036 4125 1092 4206 qui
1108 4125 1198 4190 dele·

93 4239 211 4296 cerunt
235 4229 317 4315 quid
344 4227 477 4294 valeant
505 4226 633 4293 efficere
657 4226 762 4292 tristis
788 4245 897 4290 rerum
923 4227 1140 4310 experientia,
1166 4237 1199 4292 et

93 4335 188 4401 labes
212 4355 251 4400 ac
277 4332 480 4401 detrimenta
504 4340 694 4399 nostrorum
720 4341 909 4415 temporum
934 4333 1124 4398 docent-
1139 4332 1196 4398 Ad
1225 4315 1377 4423 infime:

92 4441 214 4506 horum
241 4438 406 4502 malorum
431 4445 658 4522 conspectum,
684 4435 757 4500 Nos
773 4443 853 4502 vota
878 4435 1005 4502 Nostra
1021 4456 1082 4519 pro
1107 4456 1197 4501 com·
1224 4436 1330 4482 mmm
