813 1219
218 88 245 100 12·
285 88 379 100 LlTrERAE
392 88 520 101 APOSTOLICAE
534 85 545 92 ‘⁴
555 88 607 104 QUOD
617 88 676 101 PRIMO
687 97 697 104 ‚,

214 133 246 148 turi
254 132 332 152 Ianuarii,
345 132 466 153 praemiserint,
479 135 495 148 et
511 133 524 148 si
538 133 615 149 eamdem
627 133 765 154 supplicationem

215 159 331 175 novendialem
351 159 394 175 intra
408 159 525 179 praestitutum
541 159 606 180 piarum
614 159 765 180 peregrinationum

214 184 310 201 huiusmodi
333 185 463 201 admissionibus
482 187 549 205 tempus
568 185 668 204 iteraverint,
688 190 708 201 ac
731 190 766 201 vere

214 211 320 231 poenitentes
325 213 342 227 et
350 210 421 227 confessi
429 216 449 226 ac
456 210 472 227 s*
479 210 584 227 comunione
590 211 646 227 resecti
655 211 766 232 parochialem

214 242 267 256 suarn,
274 237 300 253 vel
313 237 363 253 aliam
371 237 465 257 quamlibet
481 237 573 253 Ecclesiam
582 239 611 253 aut
616 237 701 258 publicum
714 240 767 253 orato-

214 264 257 279 rium
265 263 373 282 visitaverint,
382 263 438 283 ibique
446 268 476 283 pro
484 263 612 279 christianorum
625 263 721 283 Principum
730 268 767 278 con>

214 289 275 308 cordia,
283 289 371 305 haeresum
379 289 498 309 extirpatione,
505 294 524 305 ac
533 289 549 305 S.
559 289 618 305 Matris
631 289 717 305 Ecclesiae
722 289 767 305 exal-

214 315 283 334 tatione,
290 315 326 335 pias
334 315 356 331 ad
365 314 421 330 Deum
429 319 487 335 preces
494 314 588 333 effuderint,
596 317 632 331 turn
645 315 681 335 ipsa
687 320 767 331 memora-

214 343 241 356 tae
258 340 369 357 solemnitatis
388 340 461 356 Nostrae
478 340 511 359 die,
526 343 562 356 tum
573 340 600 356 die
612 340 655 356 sesto
671 340 768 357 immediate

214 366 322 387 subsequenti
343 366 483 387 supplicationem
503 366 619 382 novendialem
642 372 673 387 pro
688 367 768 387 cuiusque

214 392 282 409 arbitrio
304 393 348 409 intra
361 392 455 413 praefixum
475 395 547 413 tempus,
562 395 580 408 ut
601 397 656 413 supra,
675 393 769 413 repetitam,

214 418 305 439 plenariam
325 419 400 435 omnium
413 421 520 439 peccatorum
535 423 603 434 suorum
618 418 740 439 indulgentiam
753 421 769 434 et

214 445 328 461 remissionem
341 445 470 460 misericorditer
482 445 498 460 in
511 444 586 460 Domino
597 445 710 460 concedimus.
727 444 768 460 Uni-

215 471 266 486 versis
274 473 360 491 praeterea
367 473 384 487 et
390 471 465 491 singulis.
472 471 500 491 qui
507 470 566 486 saltem
573 470 640 487 contriti
648 470 699 486 corde
707 475 769 486 noven-

214 496 266 512 diales
282 496 417 517 supplicationes,
429 499 447 512 ut
462 501 517 517 supra,
531 496 656 515 celebraverint,
671 496 732 517 quovis
748 501 768 511 ex

214 522 258 538 hisce
266 522 294 538 die
302 522 318 538 id
327 522 445 543 praestiterint,
450 524 534 538 trecentos
545 522 581 538 dies
586 522 607 538 de
615 522 694 538 iniunctis
702 522 732 541 eis,
740 527 768 537 seu

213 548 254 564 alias
260 548 388 569 quomodolibet
401 548 463 564 debitis
471 548 578 569 poenitentiis
590 548 606 564 in
615 548 669 564 (orma
682 547 768 564 Ecclesiae

212 577 293 590 consueta
304 574 404 590 relaxamus.
413 574 460 594 Quas
468 579 527 590 omnes
535 577 552 590 et
560 574 634 595 singulas
649 574 769 594 indulgentias,

212 603 319 621 peccatorum
336 600 441 616 remissiones
460 602 477 616 et
496 600 636 621 poenitentiarum
655 600 769 616 relaxationes

212 627 262 642 etiarn
282 626 370 643 animabus
388 626 530 645 Christifidelium,
544 631 588 647 quae
608 626 646 642 Deo
663 626 679 642 in
697 626 769 642 caritate

212 653 311 669 coniunctae
319 652 341 669 ab
356 653 387 668 hac
400 652 437 668 luce
449 652 561 673 migraverint,
573 657 603 673 per
616 652 685 668 modum
692 651 769 672 suffragii

212 678 292 699 applicari
308 684 357 699 posse
365 679 381 694 in
389 678 463 694 Domino
471 678 561 699 elargimur
568 681 585 694 et
601 678 632 694 hoc
647 683 693 694 anno
701 680 769 694 tanturn

212 709 300 720 concessas
315 704 397 720 volumus.
412 704 450 720 Non
464 704 570 720 obstantibus
581 704 737 721 Constitutionibus
753 706 770 719 et

212 730 346 746 ordinationibus
365 730 473 750 Apostolicis,
492 730 584 750 ceterisque
599 730 686 746 contrariis
699 730 770 750 quibus*

212 761 288 776 cumque.
303 756 385 772 Volumus
398 758 455 772 autem
466 758 483 772 ut
492 756 604 776 praesentium
614 756 715 772 Litterarum
723 758 771 771 tran-

212 782 288 802 sumptis,
296 787 325 798 seu
333 782 416 802 exemplis
423 782 474 798 etiam
483 782 573 802 impressis,
587 787 637 798 manu
649 781 720 797 alicuius
734 781 771 797 Nov

212 808 249 824 tarii
258 808 320 829 publici
331 808 428 828 subscriptis
444 810 460 824 et
473 808 528 828 sigillo
536 813 617 829 personae
625 808 642 824 in
654 807 771 824 ecclesiastica

212 834 398 854 dignitateconstitutae
405 834 479 853 munitis,
483 834 541 850 eadern
546 839 612 854 prorsus
616 833 657 850 fides
662 833 772 852 adhibeatur,

212 865 255 880 quae
263 860 370 876 adhiberetur
383 860 424 881 ipsis
432 860 547 881 praesentibus
553 860 566 876 si
575 860 630 876 forent
639 860 727 876 exhibitae
744 860 772 875 vel

212 889 295 902 OStensae.

234 911 299 928 Datum
313 912 377 928 Romae
385 912 430 933 apud
440 911 457 928 S,
469 911 536 928 Petrum
542 911 574 928 sub
582 912 632 928 anulo
638 912 729 928 Piscatoris
742 912 772 928 die

214 942 220 954 1
231 937 310 954 Octobris
320 939 365 958 1887,
374 938 484 954 Pontificatus
493 938 550 954 Nostri
558 943 603 953 anno
610 938 681 954 decimo.

437 971 459 986 MA
468 970 525 986 CARni
534 970 717 987 LEDOCHOWSKI
721 982 725 986 .

423 1041 556 1065 —:÷÷—-:;:—-
