3230 4874
377 409 423 480 54
485 371 634 458 brunna.
654 407 782 460 apost.
806 395 827 424 ‘⁴
848 407 930 458 sust
948 407 1049 458 naun
1069 405 1345 458 nonrmssmarr
1362 437 1382 466 .,
1454 357 1458 374 ⁸

370 583 517 668 quodam
530 602 592 646 suo
603 583 781 650 caelestem
794 585 858 650 sibi
874 585 1056 650 Patronum
1072 585 1263 650 adsciscunt
1275 605 1342 649 non
1357 581 1465 666 operis,
1581 592 1582 641 ἲ

370 707 436 752 nnn
461 684 582 750 laboris
607 686 781 770 ignarum:
806 708 900 754 sacra
926 689 1071 772 denique
1097 689 1161 772 ipsi
1189 688 1260 754 dies
1288 689 1320 752 ln
1348 687 1466 768 aliquot
1581 720 1582 725 1

368 790 563 874 praesertim
579 789 787 856 dioecesibus
811 791 970 875 singulari
985 791 1200 858 veneratione
1221 791 1387 866 recolitur,
1400 799 1466 853 tan·

367 911 469 976 quam
494 893 580 960 festa
609 895 653 958 sit
677 895 870 961 constituta
896 893 1027 978 Quibus
1057 895 1214 960 omnibus
1236 915 1256 960 e
1280 895 1379 960 rebus
1402 893 1466 956 Nos

368 995 607 1062 Lusitanorum
622 997 710 1064 votis
725 997 942 1063 annuendum
958 999 1159 1076 censuimus,
1174 1017 1282 1080 eoque
1308 997 1467 1074 libentius,

367 1101 458 1181 quod
473 1121 606 1167 summa
620 1103 747 1186 pietate
760 1101 1011 1168 immaculatum
1026 1102 1090 1167 Dei
1107 1102 1287 1168 Genitricis
1304 1102 1466 1186 Sponsum

366 1203 581 1270 observamus
598 1215 631 1270 et
647 1205 796 1282 colimus,
821 1225 1047 1290 magnamque
1071 1207 1104 1272 in
1131 1207 1196 1272 lide
1216 1206 1390 1290 tutelaque
1405 1207 1468 1269 eius

367 1327 461 1391 spem
487 1310 669 1391 repositam
695 1309 867 1376 habemus.
890 1311 1010 1394 Neque
1025 1311 1114 1376 enim
1142 1331 1258 1376 sumus
1283 1311 1378 1376 dubii
1393 1310 1466 1392 quin

366 1411 446 1492 ipse,
472 1413 529 1495 qui
560 1412 727 1478 nascentis
757 1411 928 1478 Ecclesiae
959 1423 1050 1480 tutor
1073 1436 1094 1479 a
1125 1415 1201 1479 Deo
1223 1422 1276 1479 est
1300 1414 1466 1496 quondam
1581 1488 1582 1491 Ἴ

365 1516 576 1594 constitutus,
603 1537 691 1582 nunc
715 1538 789 1582 eam
815 1518 1023 1584 laborantem
1048 1519 1281 1602 auxiliumque
1302 1527 1466 1602 petentem

365 1619 481 1685 volens
514 1621 678 1704 propitius
708 1623 863 1707 respiciat
893 1645 911 1688 e
941 1625 1043 1688 coelis
1073 1624 1253 1708 validoque
1286 1623 1469 1707 patrocinio

365 1733 506 1790 tueatur.
538 1724 639 1808 Quod
669 1734 783 1791 autem
815 1727 931 1794 Sancti
964 1729 1100 1812 loseplri
1129 1727 1240 1794 cultus
1269 1727 1468 1813 provehatur

365 1827 515 1910 quotidie
536 1830 643 1913 magis
658 1840 693 1896 et
708 1841 871 1914 augeatur
887 1832 1003 1916 pietas,
1020 1833 1052 1896 id
1069 1833 1205 1916 quidem
1222 1853 1299 1916 spes
1315 1843 1406 1898 certa
1420 1842 1470 1894 est

365 1930 435 1994 lore
450 1939 582 2015 gratum
599 1943 842 2018 acceptumque
862 1935 1104 2000 Immaculatae
1128 1935 1192 2000 Dei
1217 1935 1320 2001 Matri
1336 1935 1471 2008 Mariae,

364 2035 458 2099 cuius
473 2037 634 2102 demereri
660 2039 804 2122 gratiam
821 2038 907 2103 hanc
923 2039 1025 2104 etiarn
1041 2040 1087 2103 ob
1109 2057 1263 2102 caussam
1279 2037 1379 2103 valde
1393 2055 1471 2100 con-

365 2136 506 2205 fidimus.
532 2139 746 2226 Quapropter
772 2143 973 2225 supradictis
999 2143 1238 2206 Lusitanorum
1264 2141 1417 2224 precibus
1437 2150 1474 2202 et

364 2241 451 2307 votis
471 2243 617 2328 henigne
642 2245 873 2310 obsecundare
897 2245 1056 2322 volentes,
1085 2247 1167 2311 moti
1192 2243 1359 2328 suffragiis
1376 2243 1474 2308 Lusi-

365 2349 476 2412 taniae
501 2349 714 2428 Antistitum,
737 2349 937 2434 Apostolica
967 2351 1167 2415 auctoritate
1198 2349 1333 2424 Nostra,
1355 2349 1472 2412 harum

365 2452 548 2517 litterarum
562 2453 594 2518 vi
606 2453 839 2536 praecipimus,
850 2455 1072 2533 decernimus,
1084 2463 1121 2518 ut
1132 2455 1204 2519 dies
1221 2453 1473 2536 undevigesima

190 2595 233 2640 εἰ,
250 2595 337 2656 ΨΜ,
366 2557 490 2622 mensis
521 2557 635 2623 Martii
661 2561 842 2623 memoriae
872 2559 1061 2626 Beatissimi
1094 2557 1306 2624 Patriarchae
1338 2555 1473 2638 Iosephi

191 2659 220 2724 ¹¹!
271 2653 341 2758 ὥς)
366 2661 563 2726 recolendae
593 2681 687 2726 sacra
712 2682 772 2745 per
802 2673 909 2726 totam
942 2661 1151 2726 Lusitaniam
1176 2671 1211 2726 et
1237 2681 1296 2744 per
1322 2661 1475 2744 regiones

189 2715 239 2760 dues

190 2772 278 2876 {sarrit
297 2779 343 2842 per
367 2763 605 2828 Lusitanorum
621 2765 741 2830 ditioni
758 2785 797 2830 ac
812 2766 972 2848 potestati
991 2764 1158 2830 subiectas
1177 2765 1210 2829 in
1227 2765 1356 2829 dierum
1373 2761 1476 2826 lesto-

190 2837 343 2960 afuss'ssssn
367 2887 439 2928 rum
468 2887 607 2933 numero
632 2869 696 2933 rite
724 2878 908 2934 censeatur.
935 2869 1114 2952 Propterea
1145 2869 1317 2934 christiani
1347 2886 1477 2940 omnes,

190 2961 302 3067 iffi„
319 2965 341 2994 ‘'
367 2990 470 3052 quum
487 2982 604 3038 sancto
621 2973 746 3038 Missae
762 2971 924 3038 sacrificio
948 2974 1074 3052 adesse,
1093 2981 1166 3038 tum
1191 2973 1236 3038 ab
1259 2973 1299 3037 iis
1326 2970 1477 3055 profanis

183 3067 301 3186 {mm
314 3067 342 3112 ‘l‘
367 3073 533 3152 operibus,
561 3093 648 3157 quae
678 3073 809 3139 servilia
839 3073 904 3138 dici
935 3071 1054 3152 solent,
1091 3073 1258 3138 abstinere
1294 3081 1478 3156 praecepto

305 3161 311 3172 '
368 3173 502 3250 debent,
516 3193 584 3256 quo
604 3174 741 3239 caelesti
767 3174 939 3240 Ecclesiae
964 3176 1110 3239 Patrono
1138 3173 1293 3238 meritum
1310 3173 1477 3238 tribuatur

366 3270 504 3336 honoris
527 3283 561 3338 et
585 3273 736 3358 obsequii
760 3273 905 3339 officinm
924 3284 959 3340 et
986 3271 1176 3339 firmissimo
1202 3272 1273 3337 eius
1289 3273 1478 3356 patrocinio

367 3371 521 3438 universa
554 3374 611 3438 illa
648 3373 741 3438 natio
771 3373 895 3456 largius
925 3375 1121 3457 perfruatur.
1152 3373 1230 3438 Non
1261 3373 1477 3439 obstantibus

367 3471 520 3553 quamvls
535 3472 681 3556 speciali,
696 3473 870 3537 individua
885 3474 1056 3538 mentione
1074 3494 1112 3537 ac
1128 3474 1350 3556 derogatione
1365 3473 1478 3556 dignis

367 3571 401 3634 in
416 3573 619 3638 contrarium
646 3571 846 3637 iacientibus
872 3571 1146 3656 quibuscumque.
1169 3573 1337 3638 Volumus
1362 3587 1475 3640 autem

368 3679 404 3732 ut
420 3671 644 3751 praesentium
666 3670 851 3736 litterarum
867 3673 1096 3754 transumptis,
1112 3692 1170 3738 seu
1191 3673 1358 3757 exemplis
1373 3673 1475 3738 etiam

367 3768 535 3852 impressis
551 3789 652 3834 manu
669 3768 808 3836 alicuius
822 3771 954 3836 Notarii
970 3772 1095 3855 publici
1111 3771 1307 3855 subscriptis
1319 3781 1354 3837 et
1366 3771 1476 3856 sigillo

366 3888 528 3951 personae
565 3868 599 3932 in
636 3869 861 3935 ecclesiastica
890 3869 1058 3954 dignitate
1090 3872 1296 3936 constitutae
1330 3871 1475 3948 munitis,

366 3970 483 4034 eadem
514 3988 649 4051 prorsus
680 3968 763 4034 fides
794 3969 1002 4047 adhibeatur,
1032 3990 1119 4053 quae
1149 3969 1364 4035 adhiberetur
1394 3971 1476 4055 ipsis

365 4068 596 4152 praesentibus
612 4068 640 4132 si
656 4067 764 4134 lorent
783 4069 955 4133 exhibitae
972 4068 1023 4134 vel
1039 4079 1202 4136 ostensae.

410 4173 538 4236 Datum
555 4172 687 4237 Rornae
702 4174 791 4255 apud
809 4171 843 4238 S.
861 4173 995 4238 Petrum
1022 4172 1085 4237 sub
1109 4174 1210 4238 anulo
1227 4174 1406 4239 Piscatoris
1420 4175 1474 4238 die

367 4288 384 4352 3
403 4271 490 4335 lunii
511 4273 602 4350 1890,
620 4271 836 4337 Pontificatus
854 4269 969 4336 Nostri
985 4291 1075 4336 anno
1090 4271 1222 4336 decimo
1237 4272 1345 4338 tertio.

802 4429 849 4494 M.
872 4428 988 4494 CARD.
1013 4428 1387 4497 LEDOCHOWSKI.
