3194 4872
417 367 461 438 3²
553 399 557 408 .
616 367 797 420 eersrouu
824 357 844 386 ‘¹
862 369 1014 422 orsrcro
1033 371 1279 425 saucrrssruo
1298 407 1318 438 ,,

412 579 498 642 quae
513 578 622 623 rerum
639 559 754 642 ignara
769 569 820 624 est
836 571 869 624 et
884 561 982 644 inops
998 561 1137 640 consilii,
1160 563 1389 627 miserabiliter
1405 565 1503 640 irretit,

245 672 385 776 vfflcz·
411 669 568 733 simulata
594 687 728 752 quoque
746 669 856 752 specie
881 669 1016 751 pietatis
1043 679 1077 734 et
1103 671 1259 736 caritatis.
1275 707 1317 720 —
1341 671 1437 754 Quod
1460 681 1502 736 est

236 791 386 894 mecam
411 790 523 841 autem
540 777 704 840 cautionis
720 777 764 840 ab
779 777 818 840 iis
832 779 890 860 qui
903 777 968 842 lide
979 799 999 842 a
1011 778 1184 844 catholicis
1200 781 1399 862 discrepant,
1410 780 1501 864 probe

235 909 291 954 rua
305 968 311 978 ·
325 923 383 954 com·
410 887 531 950 tenetis
549 885 719 950 Ecclesiae
746 887 959 970 praescripta,
984 907 1026 951 ne
1052 907 1119 972 qua
1144 888 1223 952 inde
1238 889 1361 952 damna
1385 889 1415 952 in
1431 889 1503 952 cbri-

237 981 329 1014 merca
346 1067 355 1081 .
409 993 554 1059 stianum
571 995 732 1079 populum
750 995 801 1059 vel
817 996 1061 1060 consuetudine
1076 995 1127 1060 vel
1144 995 1307 1078 pravitate
1320 996 1501 1078 opinionum

395 1103 591 1198 'dimanent
604 1103 770 1168 Videmus
786 1105 943 1186 equidem
959 1113 993 1167 et
1009 1103 1224 1168 vehementer
1238 1103 1399 1180 dolemus,
1412 1103 1501 1168 sacul-
1556 1141 1560 1156 ·

257 1228 383 1298 Qusracuu
407 1220 512 1276 tatem
530 1211 638 1276 Nobis
652 1231 692 1275 ac
708 1211 803 1276 vobis
819 1211 908 1276 haud
926 1231 1041 1294 parem
1058 1231 1131 1276 esse
1146 1221 1248 1296 atque
1263 1213 1463 1277 voluntatem
1475 1219 1502 1274 et

232 1287 382 1392 222⁰ssss
408 1320 555 1385 studium
581 1321 664 1384 baec
688 1321 761 1402 ipsa
793 1319 941 1402 pericula
973 1321 1107 1402 penitus
1140 1322 1341 1385 avertendi:
1367 1331 1502 1386 attamen

223 1405 276 1464 s“·
407 1429 551 1494 alienum
569 1449 635 1493 non
664 1439 832 1511 putamus,
856 1428 1117 1492 sollicitudinem
1142 1438 1286 1494 vestram
1313 1429 1501 1512 pastoralem

406 1533 553 1609 incitare,
568 1541 601 1596 et
616 1531 825 1597 alacritatem
836 1531 935 1596 simul
949 1551 1069 1596 acuere
1078 1533 1253 1598 hominum
1263 1533 1502 1605 catholicorum,

405 1637 432 1699 si
448 1637 682 1702 communibus
698 1636 818 1701 studiis
835 1637 997 1700 removeri
1014 1637 1145 1718 possint
1160 1647 1219 1701 aut
1234 1636 1399 1702 sublevari
1415 1657 1503 1720 quac·

404 1761 548 1824 cumque
560 1740 728 1806 obsistunt
740 1739 976 1804 communibus
988 1742 1084 1805 votis.
1095 1740 1275 1818 Assumite,
1287 1739 1503 1805 cohortatione

405 1847 530 1909 utimur
556 1845 662 1910 sancti
689 1847 875 1910 decessoris
901 1843 1017 1908 Nostri
1047 1845 1171 1909 Leonis
1200 1845 1327 1928 Magni,
1351 1845 1504 1930 religiosae

402 1947 738 2032 sollicitudinrbpium
765 1949 881 2026 zelum,
901 1959 934 2013 et
957 1959 1070 2014 contra
1095 1949 1304 2014 saevissimos
1328 1951 1504 2014 animarum

404 2049 509 2114 hostes
523 2051 669 2116 omnium
676 2053 834 2137 fidelium
849 2073 929 2116 cura
951 2055 1154 2136 consurgat(
1172 2054 1194 2137 ).

450 2156 577 2240 Itaque,
593 2177 745 2234 excussa,
761 2159 788 2220 si
801 2177 869 2240 qua
885 2157 1057 2233 incederit,
1071 2158 1216 2240 segnitia
1232 2166 1266 2221 et
1277 2157 1415 2234 desidia,
1422 2175 1504 2219 caus·
1572 2155 1573 2192 ³

248 2287 378 2333 Armua.
404 2279 476 2324 sam
492 2261 663 2344 religionis
685 2272 719 2325 et
737 2261 909 2326 Ecclesiae
936 2270 1110 2344 tamquam
1139 2280 1235 2324 suam
1253 2261 1361 2325 bonus
1378 2261 1505 2344 quisque

228 2347 378 2392 Mmaw

224 2407 376 2464 ΨΜ,
403 2365 563 2448 suscipiat
579 2387 586 2444 ;
603 2386 664 2448 pro
679 2385 786 2449 eaque
814 2363 957 2429 fideliter
982 2375 1015 2428 et
1042 2375 1295 2448 perseveranter
1318 2371 1504 2447 propugnet.

227 2470 269 2570 fg}
278 2466 377 2510 mimi·
402 2507 446 2518 —-
462 2471 630 2535 Usuvenit
651 2471 751 2546 enim,
779 2478 815 2533 ut
836 2489 981 2552 nequam
998 2468 1152 2533 homines
1169 2490 1213 2533 ex
1239 2469 1358 2532 inertia
1375 2489 1413 2532 ac
1426 2467 1504 2532 timi·

402 2574 508 2637 ditate
533 2574 708 2650 bonorum,
733 2573 985 2655 improbitatem
1002 2592 1097 2636 suam
1123 2583 1158 2636 et
1180 2573 1349 2636 licentiam
1375 2569 1503 2636 nocendi

402 2675 610 2752 confirment,
635 2686 737 2758 atque
762 2675 865 2740 etiam
890 2675 1070 2758 proferant.
1089 2673 1142 2741 Sit
1158 2695 1248 2752 sane,
1274 2675 1503 2739 catholicorum

402 2788 542 2845 conatus
558 2791 592 2844 et
608 2781 719 2844 studia
736 2781 846 2843 minus
863 2781 1032 2845 interdum
1050 2780 1093 2844 ad
1110 2799 1150 2842 ea
1167 2799 1265 2861 posse
1281 2799 1368 2862 quae
1392 2779 1423 2841 in
1440 2794 1503 2838 sen-

402 2887 508 2948 tentia
524 2894 558 2948 et
574 2903 633 2966 spe
648 2884 856 2948 habeantur:
874 2893 909 2948 at
926 2885 1007 2948 satis
1024 2885 1057 2947 in
1086 2894 1264 2967 utramque
1290 2894 1420 2967 partem
1436 2899 1502 2964 pro·

403 2986 528 3052 sectura
544 2997 631 3062 sunt,
641 2985 767 3051 scilicet
783 2989 826 3051 ad
839 2988 1048 3052 adversarios
1058 2988 1271 3063 coercendos,
1283 2997 1316 3049 et
1330 2987 1372 3050 ad
1384 2985 1504 3049 animos

402 3091 550 3155 infirmos
566 3091 783 3173 abiectosque
800 3094 1018 3168 roborandos,
1035 3103 1258 3176 praeteream
1276 3109 1434 3174 magnam
1450 3085 1505 3150 uti·

402 3195 530 3258 litatem
547 3215 634 3277 quae
650 3195 760 3277 posita
777 3198 878 3260 estin
895 3217 1013 3261 secura
1028 3195 1130 3261 officii
1147 3197 1362 3262 conscientia.
1388 3193 1504 3278 Quam·

402 3318 512 3381 quam,
529 3318 637 3382 neque
654 3299 742 3364 istud
771 3302 908 3383 quidem
926 3301 1023 3365 sacile
1050 3300 1251 3376 dederimus,
1276 3298 1456 3363 sollertiam
1477 3303 1506 3356 et

403 3423 538 3484 operam
556 3404 809 3481 catholicorum,
825 3407 917 3468 recto
944 3415 978 3467 et
1005 3413 1239 3487 perseverante
1255 3401 1395 3494 consiliq
1421 3397 1506 3463 adhi-

403 3507 518 3584 bitam,
534 3507 654 3572 effectu
680 3529 742 3572 suo
766 3528 885 3572 carere.
904 3507 994 3572 Nam
1012 3528 1145 3590 semper
1170 3507 1294 3571 iactum
1319 3515 1370 3568 est
1393 3502 1507 3584 fietque

225 3587 377 3704 ,us-,fim‘ssif
403 3631 543 3694 semper,
558 3623 595 3676 ut
612 3633 662 3675 res
680 3613 820 3676 summis
836 3611 1090 3675 difficultatibus
1107 3611 1300 3694 implicatae
1316 3619 1351 3672 et
1368 3606 1506 3686 undique

226 3705 376 3751 mmmm
582 3697 594 3726 ⁸
1049 3717 1055 3731 ·
1331 3715 1338 3728 ·
1500 3707 1505 3718 “

224 3769 269 3810 Μ,
402 3719 572 3800 obseptae,
599 3718 767 3800 praeclare
792 3718 932 3780 tandem
961 3725 1127 3794 eveniant,
1155 3717 1257 3780 modo
1284 3732 1443 3786 animose,
1465 3717 1506 3771 uti

403 3822 603 3897 monuimus,
619 3821 814 3903 fortiterque
831 3831 983 3903 agantur,
994 3821 1117 3884 comite
1127 3829 1161 3884 et
1173 3819 1324 3883 ministra
1337 3813 1508 3881 christiana

401 3920 588 4006 prudentia.
605 3921 740 4004 Quippe
765 3920 897 3998 veritas,
923 3921 975 3983 cui
1002 3921 1104 3983 homo
1121 3941 1142 3982 a
1158 3930 1278 3983 natura
1301 3914 1508 4000 cupidissime

399 4028 522 4104 studet,
547 4036 676 4089 mentes
693 4026 876 4108 aliquando
893 4026 1066 4107 pervincat
1082 4044 1218 4087 necesse
1234 4034 1285 4088 est
1299 4047 1307 4088 ε
1323 4043 1363 4086 ea
1379 4018 1507 4104 quidem

401 4129 707 4214 perturbationibus
719 4128 911 4210 morbisque
924 4129 1028 4190 animi
1042 4127 1163 4191 tentari
1175 4136 1276 4210 atque
1288 4125 1384 4189 obrui
1395 4127 1509 4206 potest,

400 4233 552 4314 extingui
571 4253 638 4296 non
656 4243 777 4314 potest.
793 4269 837 4280 -
853 4231 954 4314 Quod
971 4231 1193 4314 opportunius
1208 4230 1387 4293 convenire
1402 4225 1434 4288 in
1453 4223 1509 4286 Ba·

414 4369 519 4376 -—-

432 4420 670 4472 n&mmuco
