3250 4876
401 331 472 399 304
592 329 642 380 DE
669 329 816 396 lNlQUlS
844 329 1004 382 LEGIBUS
1033 331 1161 382 NUPER
1187 329 1307 382 Laus.

397 507 547 572 veritatis
569 507 682 572 lumen
711 509 915 586 maturrime,
930 506 994 572 Dei
1012 528 1158 585 munere,
1172 509 1307 593 aspexit
1330 509 1506 576 bonitatis·

397 631 463 694 que
478 612 612 676 divinae
629 613 780 676 maxima
800 633 840 676 ac
855 611 956 695 plane
978 612 1162 694 singularia
1188 613 1350 678 beneficia
1365 615 1504 680 undevi-

396 715 482 798 ginti
498 716 706 782 saeculorum
723 717 833 802 spatio
849 727 883 782 et
898 717 1001 782 sensit
1016 727 1051 781 et
1067 717 1221 800 religiose
1235 717 1425 783 custodivit.
1436 720 1503 787 Sed

398 839 448 882 res
464 829 515 882 est
531 829 610 882 ante
625 819 741 885 oculos
756 821 874 903 posita
894 819 968 886 Nec
983 841 1065 884 sane
1081 821 1244 886 minacius
1259 821 1386 901 dicunt,
1401 843 1502 907 quam

398 921 540 987 iaciant:
565 923 645 1006 quin
676 925 769 989 omni
793 926 923 990 ratione
946 935 1113 991 conantur
1137 927 1306 992 destinata
1337 927 1503 1010 perficere,

396 1025 639 1112 proptereaque
656 1049 722 1093 uon
740 1031 899 1096 desinunt
914 1029 1142 1096 institutorum
1160 1041 1195 1096 et
1211 1030 1323 1115 legum
1337 1031 1370 1096 in
1387 1031 1504 1098 Eccle-

395 1134 464 1198 siae
479 1135 659 1216 perniciem
676 1145 830 1218 torquere
846 1155 988 1200 cursum.

249 1291 340 1336 Com
440 1239 618 1304 Proximae
634 1239 795 1304 calendae
814 1239 987 1304 Ianuariae
1004 1239 1137 1306 initium
1158 1241 1235 1306 novi
1252 1240 1333 1306 iuris
1348 1241 1500 1326 poenalis

217 1363 307 1418 nqvuu
334 1363 370 1396 co·
394 1353 482 1420 sunt,
498 1355 534 1408 ut
551 1345 666 1420 nostis,
682 1342 851 1408 allaturae.
869 1342 922 1407 Dc
947 1364 1108 1427 quocum
1124 1343 1384 1411 deliberationes
1410 1367 1501 1411 anno

217 1407 370 1538 maisi:
394 1447 611 1528 superiorein
639 1446 899 1530 legumlatorum
914 1458 1013 1511 coetu
1040 1447 1251 1526 haberentur,
1267 1447 1339 1512 Nos
1363 1449 1500 1532 quidem

216 1527 369 1596 ‘'mii'‘
393 1551 457 1615 hoc
473 1552 548 1634 ipso
564 1551 638 1616 loco
650 1551 740 1615 haud
757 1549 1043 1631 praetermisimus
1058 1551 1170 1632 capita
1186 1549 1252 1628 illa,
1264 1560 1301 1614 ut
1312 1552 1502 1633 oportebat,

216 1586 278 1632 clero
303 1588 369 1647 ruju-

232 1647 346 1766 Pfffijfsssg
393 1655 600 1737 redarguere,
623 1673 711 1738 quae
737 1673 796 1738 per
822 1654 968 1737 speciem
995 1653 1212 1736 castigandae
1239 1654 1394 1720 licentiae
1420 1655 1501 1720 illuc

223 1765 362 1868 ,stormaemmr
392 1777 507 1824 revera
522 1759 690 1840 pertinent
717 1767 754 1822 ut
780 1758 902 1822 iustam
921 1755 1008 1822 Cleri
1033 1756 1223 1822 libertatem
1241 1756 1403 1836 minuant,
1417 1777 1502 1842 ope-

215 1832 367 1931 iiiiii*
392 1883 530 1946 ramque
567 1863 795 1946 praepediant.
836 1861 873 1926 ln
912 1881 980 1945 quo
1017 1863 1206 1926 detractum
1243 1861 1283 1925 iri
1317 1862 1502 1946 plurimum

393 1967 564 2032 Ecclesiae
580 1966 739 2044 diximus,
752 1968 878 2048 quippe
903 1984 990 2047 quae
1007 1965 1039 2028 in
1056 1965 1227 2030 societatis
1249 1964 1416 2048 perlectae
1432 1965 1502 2030 sor-

392 2090 482 2134 mam
498 2070 659 2135 divinitus
674 2071 858 2134 constituta
873 2069 924 2132 sui
941 2069 1021 2133 iuris
1036 2077 1097 2147 est,
1113 2088 1174 2132 nec
1190 2068 1292 2132 debet
1309 2069 1341 2131 in
1353 2071 1503 2133 muneri·

389 2175 451 2239 bus
480 2174 664 2240 officiorum
695 2195 831 2238 suorum
870 2173 928 2238 ulli
958 2173 1134 2238 hominum
1173 2173 1314 2256 irnperio
1351 2173 1502 2242 subesse.

389 2279 496 2346 Simul
513 2280 809 2363 conquerebamur,
831 2279 985 2342 iniuriam
1003 2275 1073 2340 fieri
1096 2279 1252 2342 universo
1266 2277 1376 2342 ordini
1393 2277 1502 2343 Cleri-

386 2405 500 2449 corum
532 2385 622 2467 quod
655 2385 687 2447 in
718 2404 787 2460 eos,
817 2383 909 2448 nulla
944 2385 1064 2446 caussa
1094 2383 1270 2467 probabili,
1303 2384 1387 2447 sacri
1415 2385 1500 2448 iuris

385 2489 584 2554 auctoritate
601 2497 805 2571 contempta,
820 2486 1006 2570 singulares
1031 2485 1124 2570 leges
1139 2486 1299 2572 singulari
1315 2489 1500 2553 severitate

384 2594 673 2658 constituerentur.
686 2591 783 2675 Quae
793 2601 906 2656 tamen
919 2590 1042 2674 perlevi
1053 2593 1294 2657 sententiarum
1306 2594 1500 2658 mutatione

383 2696 545 2779 probatae
559 2696 715 2779 lataeque
730 2705 817 2758 sunt.
836 2693 908 2758 Nos
924 2696 1037 2779 itaque
1055 2696 1245 2778 Apostolici
1261 2695 1361 2762 officii
1375 2697 1497 2762 Nostri

384 2820 549 2865 memores
564 2819 647 2884 quas
659 2809 739 2864 tunc
750 2799 1052 2883 expostulationes,
1064 2803 1185 2884 coepta
1200 2801 1329 2879 iniuria,
1341 2801 1496 2878 lecimus,

382 2906 518 2971 easdem
534 2925 633 2984 nunc,
647 2909 790 2988 patrata,
805 2925 1013 2969 renovamus.

427 3008 496 3076 Sed
521 3007 610 3071 aliud
639 3029 683 3072 ex
708 3008 775 3071 alio
800 3007 921 3072 vulnus
945 3009 1139 3091 impendere
1163 3009 1333 3076 Ecclesiae
1348 3010 1493 3074 videtis:

383 3123 534 3196 rogatam
551 3113 660 3196 legem
677 3112 896 3194 intelligimus
910 3114 954 3177 de
971 3113 1139 3195 Operibus
1155 3115 1231 3194 Piis,
1247 3133 1347 3198 quarn
1370 3135 1494 3198 nuper·

382 3219 465 3281 rime
479 3216 646 3280 festinatis
661 3213 828 3299 suffragiis
853 3217 1058 3298 probavere:
1073 3237 1242 3302 quamque
1257 3217 1365 3301 ipsam
1382 3218 1493 3283 laten·

381 3333 435 3386 tur
458 3341 532 3385 esse
555 3331 718 3403 tanquam
745 3321 886 3399 gradum
913 3321 955 3384 ad
980 3330 1091 3384 cetera
1118 3322 1266 3402 iactum;
1291 3321 1417 3386 scilicet
1443 3325 1489 3388 ad

380 3427 495 3489 omnia
517 3423 685 3508 religionis
709 3424 853 3488 delenda
879 3423 1022 3507 vestigia
1044 3445 1089 3489 ex
1117 3425 1278 3489 institutis
1303 3425 1490 3490 civitatum.

237 3551 355 3620 epieto·
381 3529 544 3613 Congruit
559 3549 639 3593 sane
655 3548 731 3593 cum
744 3528 908 3592 eiusmodi
925 3529 1099 3611 proposito
1114 3530 1201 3594 ratio
1216 3529 1300 3613 legis
1315 3553 1323 3610 ;
1337 3531 1432 3594 cuius
1447 3551 1490 3595 ea

203 3614 357 3716 ζζζιῒῳῇἶ
378 3635 428 3698 vis
444 3647 494 3701 est
510 3635 683 3718 imprimis,
706 3653 938 3716 quaecumque
953 3633 1090 3717 pietatis
1105 3635 1224 3698 caussa
1243 3633 1396 3700 instituta
1412 3655 1489 3698 esse

200 3729 354 3799 t‘m‘iot‘·
379 3739 575 3819 constiterit,
589 3759 630 3803 ea
655 3740 778 3822 partim
804 3738 1013 3820 extinguere,
1027 3739 1150 3820 partim
1168 3738 1200 3801 in
1225 3737 1324 3802 aliam
1341 3737 1486 3804 sormam

204 3787 273 3833 ribus
289 3789 351 3842 Pais,

203 3851 354 3966 affigura-
379 3854 600 3926 naturamque
623 3853 827 3920 convertere,
857 3843 904 3906 ita
928 3841 1030 3924 plane
1056 3851 1094 3907 ut
1116 3841 1150 3906 in
1177 3853 1273 3907 tanta
1298 3844 1486 3909 mutatione

203 3964 348 4034 aaronica
377 3950 505 4013 eversio
520 3968 629 4012 rerum
646 3947 875 4012 institutarum
891 3945 1064 4011 verissime
1086 3955 1308 4012 consecutura
1323 3949 1485 4014 videatur.

196 4037 267 4128 '12¹⁷‘
276 4027 352 4070 Μ’
377 4087 421 4100 -
446 4051 512 4116 Sed
539 4050 621 4115 illud
647 4071 726 4134 prae
750 4049 869 4114 ceteris
896 4069 958 4113 nec
983 4049 1100 4132 pietati
1131 4060 1393 4115 consentaneum
1422 4072 1485 4116 nec

376 4155 532 4231 iustitiae,
556 4154 671 4218 omnia
701 4153 778 4231 lere,
808 4173 895 4236 quae
921 4153 1076 4218 instituta
1099 4153 1167 4217 sint
1194 4162 1253 4217 aut
1280 4163 1484 4219 testamento

376 4258 500 4334 relicta,
514 4257 618 4321 divini
634 4257 743 4322 cultus
758 4259 886 4335 caussa,
902 4267 961 4320 aut
976 4256 1143 4321 defunctis
1158 4257 1346 4339 expiandis,
1361 4258 1482 4322 dotau-

376 4359 469 4424 disve
484 4360 671 4442 puellis'ad
688 4362 829 4445 collegia
851 4361 1047 4426 monialium
1072 4360 1306 4452 aspirantibus,
1321 4362 1385 4425 hoc
1408 4365 1482 4446 ipso
