3172 4874
253 421 303 470 DE
323 421 565 472 HIERARCHIA
585 421 623 471 IN
646 417 793 470 MEXICO
812 413 1055 470 ORDINANDA.
1139 411 1208 478 233

99 599 292 664 huiusmodi
318 619 481 665 novarum
503 601 706 665 dioecesium
735 600 937 664 erectionem
965 596 1046 661 satis
1077 589 1211 656 abunde
1252 580 1370 690 ‘wll

99 703 234 768 illorum
255 702 520 770 christifidelium
537 704 701 788 spirituaii
725 705 817 769 bono
843 724 883 768 ac
909 701 1011 767 etiam
1027 695 1212 765 commodi·
1281 690 1347 749 ¹⁸⁹¹·

99 809 162 872 tati
186 809 376 874 consultum
404 809 506 874 fuisse
532 810 740 894 experientia
764 811 973 874 demonstrat
986 828 995 887 ;
1017 803 1213 870 difficillima

99 912 267 996 siquidem
283 913 370 977 inter
388 933 467 978 oves
483 922 517 979 et
540 924 690 998 pastores
707 914 816 978 adhuc
832 912 987 978 existunt
1002 906 1211 981 commercia,

101 1026 134 1080 et
150 1015 302 1100 plerique
328 1037 372 1080 ex
396 1016 514 1082 iisdem
538 1017 728 1101 pastoribus
743 1017 924 1100 quominus
940 1014 1132 1078 universum
1149 1007 1210 1072 sibi
1231 984 1388 1106 fflffws'

100 1118 267 1184 creditum
283 1137 419 1202 gregem
436 1120 528 1186 adire
552 1121 682 1205 possint
705 1119 941 1203 impediuntur.
958 1113 1211 1182 Venerabilium

98 1222 203 1305 igitur
226 1223 380 1288 Fratrum
399 1224 600 1290 Nostrorum
617 1223 818 1289 Mexicanae
843 1222 982 1289 ditionis
999 1219 1213 1292 Antistitum,

98 1326 176 1390 cleri
188 1326 480 1410 plurimorumque
490 1327 732 1392 catholicorum
745 1327 891 1410 inclytae
907 1327 1058 1391 eiusdem
1075 1320 1213 1387 ditionis

98 1428 279 1494 illustrium
305 1431 449 1495 virorum
475 1432 570 1510 votis,
597 1431 719 1515 quibus
744 1432 806 1514 ipsi
834 1453 854 1496 a
885 1431 993 1494 Nobis
1025 1437 1059 1493 et
1086 1426 1214 1492 Sancta

97 1533 302 1617 Apostolica
323 1535 386 1600 hac
414 1535 503 1601 Sede
528 1535 726 1620 flagitabant
755 1543 791 1600 ut
815 1534 1057 1618 episcopalium
1081 1531 1212 1595 sedium

98 1636 164 1702 illic
190 1657 351 1704 numerus
373 1649 560 1724 angeretur,
585 1651 618 1704 et
644 1638 783 1704 faciliori
807 1640 939 1704 illorum
970 1637 1117 1702 fidelium
1134 1655 1211 1701 cum

98 1743 243 1827 propriis
269 1744 446 1829 Episcopis
471 1745 767 1809 communicationi
790 1745 1027 1819 consuleretur,
1049 1741 1212 1806 obsecun-

98 1845 179 1913 dare
212 1867 279 1911 non
315 1847 417 1913 modo
448 1857 676 1932 opportunum
709 1849 790 1932 quin
822 1849 891 1912 imo
922 1846 1146 1912 necessarium
1178 1845 1210 1907 in

100 1951 253 2016 Domino
275 1952 504 2017 iudicavimus.
519 1952 577 2017 Ad
606 1953 694 2016 hunc
721 1952 872 2035 proiecto
896 1950 1051 2015 effectum
1075 1951 1211 2014 eosdem

100 2041 300 2120 M'exicanos
315 2056 498 2121 Antistites
514 2066 651 2138 rogatos
667 2055 843 2132 voluimus,
859 2064 896 2120 ut
923 2074 1019 2120 suam
1045 2055 1212 2137 aperirent

101 2171 250 2224 mentem
267 2177 457 2242 novamque
483 2166 708 2241 proponerent
733 2159 979 2242 provinciarum
1003 2157 1213 2230 divisionem,

100 2283 188 2346 quae
213 2261 308 2326 novis
334 2261 548 2326 instituendis
571 2261 707 2324 sedibus
723 2261 836 2325 utilior
851 2261 1028 2325 videretur.
1044 2257 1123 2341 Quo
1139 2259 1211 2340 qui·

100 2364 180 2428 dem
191 2385 211 2428 a
222 2365 415 2429 memoratis
429 2365 640 2429 Praesulibus
653 2362 795 2429 libenter
807 2363 979 2446 praestito,
992 2362 1064 2426 Nos
1080 2381 1211 2426 eorum·

99 2469 180 2533 dem
197 2470 383 2534 sententiae
405 2470 612 2548 accedentes,
627 2469 741 2534 accitis
769 2470 878 2552 primo
894 2470 927 2532 in
944 2469 1030 2534 tanti
1047 2467 1209 2532 momenti

99 2593 135 2636 re
151 2571 408 2638 venerabilibus
424 2575 525 2638 etiam
544 2571 717 2638 Fratribus
733 2573 866 2638 Nostris
882 2573 917 2640 S.
935 2573 975 2638 R.
992 2573 1030 2637 E.
1049 2571 1208 2638 Cardina·

99 2674 187 2742 libus
204 2674 434 2742 ecclesiasticis
447 2677 589 2759 negotiis
605 2679 795 2760 propositis,
810 2679 925 2761 eisque
940 2676 1116 2741 consilium
1132 2696 1208 2758 pro-

99 2778 268 2858 bantibus,
298 2783 504 2865 propositam
538 2801 645 2846 novae
678 2781 895 2848 Hierarchiae
932 2782 1207 2847 constitutionem

101 2882 240 2950 ulterius
256 2904 323 2950 non
339 2905 412 2950 esse
426 2882 647 2950 differendam
663 2887 862 2952 censuimus.

144 2987 375 3054 Praesatorum
410 2991 523 3073 itaque
559 2989 759 3055 Mcxicanae
783 2992 920 3055 ditionis
944 2989 1149 3054 Antistitum
1173 2999 1206 3052 et
1255 3013 1385 3083 ¹omarus

99 3092 277 3156 cuiuslibet
309 3112 423 3156 eorum
462 3112 661 3158 consensum
695 3094 737 3157 ad
766 3093 923 3159 effectum
957 3093 1204 3176 infrascriptum
1233 3079 1302 3144 ml·
1323 3081 1385 3134 ”a''

1233 3146 1320 3184 massas,
1357 3134 1385 3178 de

98 3198 307 3278 praestitum,
322 3205 431 3261 ratum
448 3209 690 3281 acceptumque
706 3197 869 3263 habentes
884 3210 930 3276 et,¹
943 3208 1109 3281 quatenus
1121 3215 1205 3278 opus
1231 3193 1343 3297 22:ngss
1356 3207 1385 3239 sc

100 3302 152 3380 sit,
167 3301 319 3366 omnium
335 3310 369 3364 et
388 3301 595 3383 singulorum
623 3321 910 3386 quorumcumque
934 3303 967 3365 in
987 3302 1021 3365 id
1046 3301 1206 3364 interesse
1231 3323 1312 3356 eorum
1351 3312 1387 3358 ad

98 3403 296 3470 habentium
313 3423 370 3468 seu
386 3403 510 3468 babere
533 3405 724 3487 putantium
748 3405 799 3468 vel
823 3405 1108 3489 praesumentium
1126 3422 1205 3466 con·
1231 3384 1288 3480 {ills
1314 3379 1384 3480 ,φ’

99 3508 211 3573 sensui
226 3507 417 3573 huiusmodi
437 3509 526 3572 haud
551 3509 714 3591 praestito
729 3530 885 3592 suprema
910 3509 1036 3574 Nostra
1059 3507 1203 3571 auctori-

98 3618 168 3676 tate
199 3611 403 3695 supplentes,
424 3610 619 3696 cunctisque
645 3633 732 3697 quae
767 3615 799 3677 in
834 3612 1026 3677 huiusmodi
1061 3609 1205 3694 negotiis

98 3713 306 3801 inspicienda
339 3726 417 3780 sunt
451 3726 582 3780 matura
610 3717 850 3781 deliberatione
875 3717 1079 3781 examinatis
1102 3724 1202 3798 atque

98 3821 279 3904 perpensis,
303 3841 363 3884 nee
394 3840 460 3884 non
484 3839 601 3884 omnes
626 3831 659 3884 et
682 3821 832 3904 singulos
859 3821 982 3903 quibus
1009 3830 1202 3904 praesentes

98 3922 228 3989 litterae
243 3923 357 3988 favent
372 3943 392 3986 a
407 3923 579 4006 quibusvis
595 3924 956 3987 excommunicationis
976 3933 1010 3988 et
1033 3921 1200 3987 interdicti
1335 3989 1340 4002 ¹

98 4025 238 4110 aliisque
259 4027 491 4091 ecclesiasticis
514 4027 698 4104 sententiis,
714 4026 861 4089 censuris
877 4037 911 4090 et
927 4027 1054 4108 poenis,
1077 4026 1104 4088 si
1128 4025 1201 4107 qui·
1228 3989 1382 4108 mgqnnsex

97 4125 160 4191 bus
182 4130 437 4212 quomodolibet
451 4129 604 4193 innodati
627 4128 788 4206 existunt,
803 4127 846 4192 ad
863 4125 1020 4194 effectum
1045 4147 1200 4210 praesen-

96 4229 182 4296 tium
209 4242 341 4297 tantum
368 4233 650 4316 consequendum,
675 4232 795 4296 harum
827 4233 910 4297 serie
932 4233 1144 4299 absolventes
1168 4242 1202 4297 et

98 4333 269 4402 absolutos
285 4334 355 4400 lore
377 4346 560 4414 censentes,
577 4345 670 4400 motu
687 4334 822 4419 proprio
837 4346 871 4402 et
887 4357 931 4401 ex
955 4347 1045 4402 certa
1061 4337 1200 4401 scientia

99 4435 208 4522 deque
222 4439 442 4525 Apostolicae
457 4442 633 4525 potestatis
655 4441 873 4524 plenitudine,
890 4463 1011 4508 novam
1038 4443 1071 4508 in
1090 4445 1200 4510 Mexi·
