3250 4876
207 389 259 440 DE
278 387 499 440 PRAECIPUIS
518 385 655 439 ClVlUM
674 388 996 444 CHRISTIANORUM
1014 391 1186 444 OFFICIIS.
1213 395 1255 464 13

1112 505 1255 514 -q—

142 588 218 633 esse
248 567 430 651 cognitam.
455 563 558 631 Valet
588 566 678 631 enim
709 588 770 650 per
793 587 829 632 se
859 567 933 653 ipsa
963 570 1006 635 ad
1036 569 1256 652 depellendos
1286 581 1421 682 Japgffl

143 693 273 738 errores
289 669 394 756 probe
419 679 599 755 percepta:
624 691 727 754 quam
751 674 779 736 si
796 693 891 739 mens
914 675 1090 757 arripuerit
1109 671 1257 756 simplex
1321 659 1389 738 ἔδοσ-
1423 659 1430 670 ’

143 776 450 860 praeiudicatisque
474 793 541 839 non
569 774 729 840 adstricta
755 778 981 860 opinionibus,
1003 778 1255 844 assentiendum
1332 787 1432 860 ¹uesicas

143 901 219 946 esse
234 880 320 948 ratio
335 880 542 964 pronuntiat.
559 879 659 944 Nunc
673 899 753 944 vero
769 867 849 945 fidei
869 881 974 946 virtus
990 883 1117 964 grande
1134 899 1257 946 munus
1282 849 1335 954 ‘71⁴2'
1337 855 1432 968 ⁵222}

143 997 196 1051 ast
211 986 340 1069 gratiae
366 983 595 1068 bonitatisque
620 984 774 1049 divinae:
790 1005 841 1048 res
867 994 981 1049 tamen
1009 985 1111 1069 ipsae,
1133 984 1256 1068 quibus
1283 973 1435 1074 'rffijssfjm'

144 1092 338 1157 adhibenda
353 1090 446 1166 fides,
458 1111 525 1156 non
539 1091 606 1155 alio
617 1087 685 1152 iere
698 1089 800 1153 modo
812 1108 913 1172 quam
926 1089 1095 1154 audiendo
1112 1107 1255 1154 noscun·
1281 1087 1395 1146 tutulat-

146 1206 209 1261 tur.
238 1195 402 1276 Quomodo
424 1197 553 1260 credent
580 1195 618 1273 ci,
641 1214 735 1275 quem
762 1213 824 1256 non
848 1192 1058 1258 audierunt?
1093 1192 1257 1272 Quomodo
1351 1196 1357 1214 “

145 1311 255 1365 autem
285 1299 424 1364 audient
450 1300 522 1364 sinc
545 1297 756 1382 praedicante
765 1297 827 1360 t...
850 1295 942 1379 Ergo
962 1296 1051 1380 fides
1072 1317 1112 1360 cx
1130 1295 1259 1374 creditu,

144 1405 280 1469 audc'tus
296 1412 406 1468 cutem
421 1415 484 1486 pcr
501 1403 636 1467 verbum
653 1399 782 1465 Clcristi
792 1399 845 1482 (¹).
861 1398 1032 1484 Quoniam
1054 1399 1155 1482 igitur
1172 1398 1256 1463 fides
1285 1397 1439 1504 accurro

143 1515 198 1572 est
228 1508 272 1571 ad
310 1507 453 1572 salutem
492 1504 688 1582 necessaria,
717 1502 858 1566 omnino
894 1504 1078 1586 praedicari
1116 1504 1255 1571 verbum
1285 1471 1438 1563 sartam*

144 1610 308 1676 CHR18T1
334 1611 549 1693 consequitur
572 1617 736 1691 oportere.
761 1606 915 1672 Proiecto
942 1608 1169 1690 praedicandi,
1192 1609 1257 1674 hoe

144 1723 200 1780 est
215 1715 368 1792 docendi,
387 1733 508 1778 munus
534 1713 604 1778 iure
630 1710 746 1776 divino
768 1729 871 1793 penes
899 1711 1076 1794 magistros
1099 1721 1159 1788 est,
1174 1731 1259 1797 quos

148 1817 300 1900 Spiritus
322 1818 464 1884 Sanctus
480 1815 594 1899 posuit
614 1813 783 1898 Episcopus
805 1809 1108 1896 rcgcrcEcclcsiam
1127 1815 1194 1881 Dei
1208 1816 1260 1900 (²),
1304 1828 1436 1899 Magium

147 1923 367 2006 maximeque
398 1941 501 2005 penes
533 1916 731 1984 Pontificem
760 1923 947 1996 romanum,
979 1917 1066 1986 lusu
1100 1918 1259 1985 CHR1ST1
1281 1893 1422 1998 {mg-3,-

145 2026 321 2101 vicadum,
332 2025 503 2090 Ecclesiae
514 2023 687 2088 universae
696 2041 829 2086 summa
840 2041 917 2087 cum
933 2032 1101 2105 potestate
1117 2040 1257 2107 praepo·

144 2128 261 2207 situm,
285 2128 538 2204 credendorum,
560 2126 768 2208 agendorum
795 2126 1002 2208 magistrum.
1031 2127 1261 2193 Nihilominus
1308 2141 1438 2212 secuso„-

148 2249 251 2295 nemo
275 2239 381 2314 putet,
408 2228 605 2294 industriam
637 2225 834 2291 nonnullam
864 2226 983 2290 eadem
1010 2225 1043 2290 in
1075 2247 1110 2290 re
1134 2245 1259 2310 ponere
1285 2201 1439 2320 ξῖζόρὲἷζζ

149 2329 299 2411 privatos
310 2329 488 2414 prohiberi,
497 2348 555 2393 eos
566 2329 779 2407 nominatim,
792 2327 913 2412 quibus
925 2327 1049 2412 ingenii
1065 2327 1260 2396 facultatem
1286 2319 1338 2433 ξιξ,
1355 2319 1439 2379 Μ·

154 2432 247 2496 Deus
270 2451 348 2500 cum
378 2432 492 2498 studio
519 2432 605 2498 bene
632 2433 780 2498 merendi
807 2433 921 2498 dedit:
951 2434 1018 2517 qui,
1047 2434 1180 2518 quoties
1208 2455 1260 2500 res

152 2535 277 2620 exigat,
302 2538 481 2603 commode
505 2545 647 2621 possunt
672 2555 740 2601 non
771 2555 852 2601 sane
881 2536 1030 2601 doctoris
1059 2537 1122 2602 sibi
1147 2547 1260 2621 partes

146 2651 330 2719 assumere,
352 2642 410 2707 sed
438 2661 487 2718 ea,
513 2660 601 2725 quae
627 2640 690 2724 ipsi
717 2639 917 2724 acceperint,
933 2641 1103 2724 impertire
1129 2641 1261 2718 ceteris,

147 2747 386 2829 magistrorum
407 2745 481 2811 voci
502 2753 697 2810 resonantes
722 2753 895 2827 tamquam
923 2745 1046 2824 imago.
1072 2744 1162 2829 Quin
1188 2747 1259 2814 imo

117 2931 122 2941 Ι
144 2850 355 2934 privatorum
371 2868 473 2933 opera
488 2849 560 2912 visa
575 2859 627 2914 est
651 2849 805 2915 Patribus
821 2847 963 2914 Consilii
979 2847 1137 2913 Vaticani
1153 2869 1260 2934 usque

146 2953 239 3018 adeo
267 2961 459 3035 opportuna
488 2971 529 3017 ac
566 2951 732 3036 frugifera,
770 2961 807 3017 ut
840 2971 975 3034 prorsus
1010 2953 1260 3035 deposcendam

148 3056 333 3122 iudicarint.
345 3056 466 3121 Omnes
476 3055 708 3142 christifideles,
720 3056 862 3122 taurino
874 3076 949 3121 vcro
957 3076 1017 3134 cos,
1029 3056 1088 3138 qui
1091 3069 1254 3138 praesunt
1337 3041 1440 3103 ΨΜ

1256 3113 1263 3140 Ι
1328 3117 1343 3146 r
1432 3129 1441 3139 .

149 3160 204 3223 vei
225 3159 361 3225 demi
393 3180 525 3224 munere
551 3160 758 3244 funguntur,
777 3171 842 3243 per
870 3159 994 3224 viscera
1024 3159 1100 3225 Iesu
1136 3160 1266 3228 Christi
1287 3109 1441 3232 ’ἕπῃ

147 3263 354 3340 obtestamur,
375 3283 431 3328 nec
449 3264 667 3330 noneiusdcnc
678 3264 746 3328 Dci
753 3275 786 3329 ct
800 3264 991 3330 Salvatoris
1009 3266 1114 3329 nostri
1122 3265 1264 3331 auctori·
1288 3221 1420 3326 ‘dmi-

143 3368 383 3445 tatciubemus,
402 3368 498 3432 utad
513 3367 571 3432 lios
588 3389 714 3433 errores
730 3390 753 3432 a
771 3379 885 3434 sancta
904 3369 1047 3435 Ecclesia
1065 3371 1218 3435 arcendos
1230 3381 1263 3436 ct
1290 3353 1326 3388 ’θ’

139 3471 373 3550 eliminandos,
382 3482 478 3554 atquc
485 3472 775 3557 purissimacfldci
783 3472 1099 3556 luccmpaudcndom
1110 3476 1259 3541 studium

138 3585 180 3642 ct
198 3587 326 3658 operam
345 3576 516 3656 conserant
536 3575 587 3658 (³).
611 3575 768 3642 Ceterum
794 3596 903 3642 serere
931 3576 1030 3643 fidem
1057 3579 1258 3644 catholicam
1336 3599 1441 3659 Quisque

141 3679 349 3746 auctoritate
365 3678 524 3762 exempli,
538 3678 821 3765 professionisque
847 3682 1037 3746 constantia
1060 3681 1266 3765 praedicare,
1290 3659 1443 3764 {imos

141 3783 294 3870 quisque
307 3804 345 3847 se
359 3802 458 3866 posse
482 3804 522 3848 ac
548 3783 671 3848 debere
687 3784 884 3848 meminerit.
900 3821 944 3835 --
969 3785 1009 3848 In
1026 3783 1143 3849 officiis
1159 3785 1260 3869 igitur
1283 3777 1442 3882 sciffjji'gfffi·

142 3907 240 3973 quae
253 3907 315 3952 nos
325 3887 467 3970 iungunt
477 3887 554 3951 Deo
563 3896 666 3970 atque
683 3886 863 3966 Ecclesiae,
874 3887 938 3952 hoc
951 3898 1003 3953 est
1017 3890 1263 3956 numerandum
1292 3902 1340 3944 tur·
1421 3873 1429 3882 ”

144 3991 312 4069 maxime,
346 4007 383 4054 ut
413 3991 447 4054 in
476 3991 618 4056 veritate
655 3991 837 4056 christiana
867 3993 1088 4076 propaganda
1125 3997 1261 4078 propul-

146 4094 334 4178 sandisque
367 4093 532 4159 erroribus
563 4093 712 4160 elaboret
742 4094 960 4178 singulorum,
989 4098 1101 4180 quoad
1143 4108 1268 4182 potest,

153 4198 330 4264 industria.

202 4299 333 4385 Quibus
356 4311 470 4368 tamen
491 4299 610 4366 officiis
634 4321 701 4365 non
728 4301 785 4378 ita,
812 4310 849 4365 ut
875 4311 1019 4384 oportet,
1042 4305 1212 4371 cumulate
1235 4317 1269 4373 et

81 4455 85 4464 ·
190 4460 209 4494 1.
225 4448 305 4502 Rom,
317 4458 343 4502 x,
356 4461 390 4507 14.
405 4461 439 4505 17.
453 4471 483 4482 -
492 4461 514 4494 2.
527 4449 590 4502 Act..
604 4457 649 4500 xx.
663 4449 699 4495 28.
712 4473 742 4482 —
749 4461 770 4507 3.
784 4449 880 4503 Conse,
892 4448 941 4496 Dei
952 4449 1041 4503 Filius,
1053 4451 1099 4498 sub
1110 4451 1149 4499 fin.
