3172 4874
51 67 56 214 ἶ

51 695 54 864 Ι

408 405 479 475 204
557 409 747 460 LITTERAE
766 409 923 460 ENCYCL.
948 399 1115 460 “RERUM
1136 405 1320 458 novatum
1336 439 1356 466 „

230 583 380 688 ‹5113eroe
450 577 655 642 Sodalitates
670 580 778 643 varias
793 579 848 642 hic
863 589 1058 662 reputamus
1087 577 1203 640 animo
1213 585 1247 638 et
1262 575 1400 654 collegia
1411 583 1439 634 et
1447 592 1483 634 or·

225 703 336 762 panum
347 703 379 747 ιο.
405 680 501 744 dines
517 681 697 764 religiosos,
712 703 798 764 quos
815 681 984 746 Ecclesiae
1000 681 1180 746 auctoritas
1195 689 1230 743 et
1245 678 1301 760 pia
1317 676 1485 740 christiano

228 767 382 867 ffiffm
407 804 479 848 rum
502 785 658 850 voluntas
689 795 889 870 genuerant:
923 797 1050 869 quanta
1072 804 1152 848 vero
1173 803 1249 847 curn
1275 781 1384 844 salute
1404 777 1486 862 gentis

229 881 380 986 ἷῇζζξῑθῇη
407 891 583 968 humanae,
620 893 790 974 usquead
814 901 962 954 nostram
987 889 1183 954 memoriam
1206 886 1347 950 historia
1363 884 1486 966 loquitur·

229 999 381 1104 marg:-
408 992 593 1060 Societates
619 995 794 1074 eiusmodi,
809 995 836 1058 si
853 996 939 1058 ratio
962 993 1035 1056 sola
1060 992 1230 1065 diiudicet,
1247 1010 1326 1054 curn
1342 989 1434 1052 initae
1446 987 1486 1048 ho·

230 1123 258 1162 ur
271 1073 381 1178 r'cnffgusi
407 1107 502 1162 nesta
518 1118 635 1163 caussa
660 1099 736 1177 sint,
759 1100 829 1164 iure
854 1098 996 1162 naturali
1023 1099 1121 1162 initas
1145 1105 1285 1178 apparet
1315 1093 1419 1156 luisse.
1432 1088 1487 1170 Qua

228 1178 384 1282 mm?
405 1222 486 1268 vero
500 1213 595 1286 parte
621 1204 815 1286 religionem
839 1203 1023 1286 attingunt,
1039 1202 1110 1265 sola
1125 1211 1176 1266 est
1192 1199 1347 1264 Ecclesia
1362 1197 1412 1260 cui
1425 1197 1486 1258 iuste

229 1301 381 1402 ffi‘ssgssl‘sga
406 1318 555 1390 pareant.
571 1307 649 1372 Non
667 1307 768 1390 igitur
782 1309 816 1370 in
832 1327 889 1372 eas
905 1307 1085 1390 quicquam
1100 1306 1164 1371 sibi
1179 1323 1338 1387 arrogare
1354 1301 1434 1374 iuris,
1445 1314 1486 1358 uec

229 1421 295 1521 {¹1⁴ssss
306 1423 382 1535 ⁶ng-
407 1430 520 1474 earum
537 1412 579 1476 ad
596 1431 633 1476 se
647 1412 821 1476 traducere
846 1411 1171 1476 administrationem
1187 1418 1276 1472 recte
1294 1399 1486 1516 possuntqui

230 1540 291 1580 arare
352 1549 382 1579 a·
407 1515 554 1598 praesint
585 1517 712 1581 civitati
730 1537 737 1580 :
754 1537 810 1580 eas
827 1517 938 1598 potius
954 1514 1100 1579 officium
1116 1523 1168 1578 est
1183 1511 1390 1596 reipublicae
1402 1525 1485 1572 verm,

227 1607 334 1712 {2:272
350 1600 384 1699 {if
407 1640 611 1698 conservare,
622 1632 664 1700 ct,
677 1623 733 1686 ubi
750 1643 801 1686 res
817 1622 1068 1706 postulaverint,
1084 1620 1202 1684 iniuria
1217 1619 1404 1702 prohibere.
1413 1611 1485 1697 Quod

230 1714 334 1826 m,
407 1736 520 1789 tamen
549 1725 649 1809 longe
674 1726 771 1791 aliter
786 1725 854 1792 lieri
870 1728 934 1792 hoc
960 1725 1155 1811 praesertim
1180 1734 1336 1806 tempore
1366 1722 1485 1786 vidimus

227 1833 384 1938 {Tam}
408 1829 525 1894 Multis
542 1827 622 1893 locis
634 1831 893 1896 communitates
904 1830 1002 1896 huius
1017 1829 1149 1912 generis
1164 1829 1355 1910 respublica
1374 1824 1486 1898 violarit

232 1965 261 1996 ac
269 1952 384 2022 sanquis
408 1952 447 1996 ac
463 1931 638 2014 multiplici
662 1931 799 2016 quidem
825 1935 959 1999 iniuria:
982 1953 1060 1998 cum
1076 1943 1110 1997 et
1126 1931 1271 1995 civilium
1298 1931 1408 2012 legum
1424 1943 1485 1990 neu

232 2024 352 2058 veresms.
408 2035 607 2112 devinxerit,
633 2044 668 2100 et
694 2035 845 2119 legitimo
871 2038 941 2102 iure
967 2055 1126 2120 personae
1155 2033 1290 2099 moralis
1318 2031 1484 2103 ermentei

408 2139 548 2204 fortunis
575 2140 643 2206 suis
667 2140 871 2223 despoliarit.
899 2139 1030 2224 Quibus
1045 2141 1079 2205 in
1098 2140 1237 2206 fortunis
1253 2158 1356 2204 suum
1372 2133 1484 2200 habebat

408 2243 559 2309 Ecclesia
575 2246 635 2322 ius,
650 2265 748 2309 suum
763 2245 885 2328 singuli
907 2245 1047 2322 sodales,
1063 2247 1143 2308 item
1171 2243 1228 2326 qui
1243 2263 1301 2306 eas
1318 2251 1423 2306 certae
1436 2233 1484 2317 qui·

406 2349 485 2412 darn
502 2367 639 2412 caussae
653 2350 857 2414 addixerant
873 2360 906 2414 et
922 2367 1063 2431 quorum
1080 2354 1190 2412 essent
1214 2347 1394 2410 commodo
1408 2361 1440 2404 ac
1451 2357 1483 2399 su

238 2473 385 2520 Damam
406 2452 489 2517 latio
504 2453 668 2518 addictae.
683 2453 913 2536 Quamobrem
926 2463 1112 2535 temperare
1124 2451 1238 2516 animo
1248 2471 1317 2514 non
1331 2460 1484 2532 possuntt

231 2533 384 2644 5322?ssss
407 2557 487 2641 quin
500 2557 717 2640 spoliationes
740 2557 904 2622 eiusmodi
920 2568 991 2622 tam
1008 2558 1148 2621 iniustas
1162 2575 1202 2619 ac
1217 2555 1418 2638 perniciosas
1431 2563 1482 2609 con·

231 2652 364 2770 mg?
406 2681 594 2743 queramur,
610 2683 650 2726 eo
665 2664 718 2727 vel
735 2663 842 2745 magis
858 2663 949 2744 quod
965 2661 1180 2726 societatibus
1209 2659 1442 2724 catholicorum
1454 2647 1483 2710 vi·

408 2785 529 2844 rorum,
544 2768 673 2848 pacatis
698 2768 737 2830 iis
761 2767 898 2850 quidem
914 2767 994 2830 etin
1010 2786 1128 2830 omnes
1153 2775 1264 2848 partes
1292 2761 1432 2833 utilibus,
1445 2756 1482 2817 ile!

407 2869 577 2952 praecludi
593 2871 756 2948 videmus,
771 2891 839 2954 quo
855 2881 1007 2953 tempore
1022 2869 1171 2944 edicitur,
1182 2869 1297 2952 utique
1314 2866 1402 2930 coire
1412 2863 1439 2924 in
1451 2874 1483 2920 su

407 2973 564 3036 cietatem
580 2993 639 3056 per
655 2973 745 3056 leges
761 2973 874 3038 licere:
891 2993 996 3056 eaque
1013 2972 1153 3037 facultas
1169 2972 1260 3054 large
1276 2988 1392 3033 revera
1408 2957 1483 3028 honi·

409 3077 505 3140 nibus
537 3078 741 3160 permittitur
773 3078 912 3143 consilia
942 3078 1148 3160 agitantibus
1183 3074 1337 3158 religioni
1358 3067 1444 3134 simul
1460 3077 1484 3124 at

408 3181 611 3265 reipublicae
629 3183 826 3265 perniciosa.

232 3273 382 3391 ρζζῃξξζΟΡ·
451 3283 606 3350 Proiecto
639 3286 926 3350 consociationum
964 3284 1274 3360 diversissimarum,
1297 3279 1482 3348 maximoe·

230 3393 383 3498 midae
407 3388 592 3472 opificibus,
608 3389 709 3472 longe
726 3409 814 3454 nunc
841 3391 956 3466 maior,
970 3409 1072 3473 quam
1089 3389 1171 3453 alias
1188 3387 1385 3472 frequentia.
1401 3379 1483 3444 Pure

230 3510 356 3556 carrorum.
408 3494 497 3557 unde
512 3503 623 3558 ortum
639 3495 774 3571 ducant,
794 3495 875 3578 quid
892 3493 1004 3570 velint,
1020 3514 1086 3578 qua
1101 3503 1295 3576 grassentur
1309 3491 1372 3566 via,
1385 3480 1481 3550 nonai

407 3596 505 3660 huius
522 3597 584 3661 loci
601 3617 767 3681 quaerere.
785 3597 912 3680 Opinio
928 3608 1041 3662 tamen
1058 3607 1117 3676 est,
1133 3597 1247 3661 multis
1259 3593 1481 3659 confirmatas·

230 3669 382 3788 022stssssss
407 3700 479 3779 bus,
494 3721 647 3784 praeesse
664 3701 897 3785 utplurimum
914 3703 1112 3766 occultiores
1127 3712 1289 3778 auctores,
1314 3695 1480 3766 eosdemque

225 3789 383 3908 fflfssmhg‘j
406 3806 618 3889 disciplinam
629 3807 789 3870 adhibere
804 3826 872 3870 non
888 3805 1070 3870 christiano
1086 3805 1223 3881 nomini,
1239 3824 1306 3867 non
1323 3795 1414 3865 saluti
1426 3787 1479 3852 ciu-

229 3909 382 4013 §2203ss
406 3922 515 3976 tatum
539 3922 800 3978 consentaneam
820 3923 1072 3994 :occupataque
1098 3909 1347 3974 efficiendorum
1374 3905 1477 3982 operum

230 4026 308 4093 mini,
334 4041 381 4096 <2032
407 4015 632 4092 universitate,
647 4016 681 4079 id
703 4036 802 4098 agere
829 4024 875 4093 ut,
890 4017 947 4099 qui
971 4033 1083 4079 secum
1111 4013 1295 4077 consociari
1323 3995 1476 4074 recusanti

229 4085 310 4187 {2552
321 4098 382 4190 2⁸2²}ss
406 4116 496 4183 luere
511 4138 637 4200 poenas
664 4128 814 4202 egestate
837 4127 1009 4200 cogantur.
1025 4154 1069 4166 -
1086 4116 1162 4181 Hoc
1179 4137 1288 4180 rerum
1302 4122 1393 4184 statu,
1407 4101 1475 4167 alter·

231 4205 345 4246 reclama

182 4271 183 4276 η
231 4258 345 4311 „mm
407 4229 518 4284 utrum
535 4221 654 4285 malint
664 4220 807 4286 artifices
820 4223 990 4285 christiani
1003 4230 1145 4304 oportet,
1155 4230 1214 4284 aut
1225 4237 1346 4284 nomen
1361 4197 1473 4283 collegiis

230 4314 372 4424 fimum..
408 4319 496 4398 dare,
513 4325 600 4388 unde
613 4323 797 4405 periculum
811 4325 962 4407 religioni
972 4324 1260 4388 extimescendum
1270 4344 1277 4399 ;
1288 4330 1344 4386 aut
1357 4335 1407 4380 sua
1416 4309 1473 4369 iuter

234 4441 250 4470 a
273 4429 385 4486 periculo
409 4443 444 4485 se
460 4427 615 4491 sodalitia
631 4429 783 4506 condere,
806 4431 958 4512 viresque
973 4431 1036 4495 hoc
1053 4439 1153 4514 pacto
1169 4429 1374 4510 coniungere,
1385 4433 1437 4500 <1110
1450 4422 1472 4468 ⁵⁶
