3250 4876
177 373 228 424 DE
248 369 470 424 PRAECll’UlS
488 368 625 421 CIVIUM
646 319 967 419 EHRISTIANORUM
986 367 1156 420 OFFICIIS.
1192 370 1231 442 15

122 481 306 494 ,-—-——=·-

119 567 221 612 versa
236 547 425 630 opinentur.
442 545 509 630 Qui
526 545 632 610 solam
649 545 814 610 rationem
831 555 1015 628 sequuntur
1029 545 1160 622 ducem,
1175 546 1235 610 vix
1267 557 1411 653 Mam

120 653 159 716 in
175 653 224 716 eis
238 662 298 716 aut
314 671 356 714 ne
371 650 430 714 vix
446 650 583 733 quidem
600 669 667 714 una
682 669 755 712 esse
765 648 919 714 doctrina
932 658 1043 732 potest
1057 669 1064 714 :
1080 659 1132 714 est
1144 651 1234 714 enim
1306 655 1372 714 1⁸9⁰·

120 778 179 822 ars
197 776 305 820 rerum
321 755 630 838 cognoscendarum
647 751 869 837 perdifficilis:
887 773 982 818 mens
998 775 1076 818 vero
1096 762 1131 819 et
1146 753 1235 818 infir·
1277 815 1361 876 Hujus
1365 813 1414 860 ff

121 881 182 925 rna
198 870 249 925 est
265 860 394 937 natura,
409 869 443 923 et
459 861 620 924 varietate
635 857 834 923 distrahitur
847 858 1055 942 opinionum,
1065 870 1099 924 et
1115 859 1235 942 impul·
1263 873 1353 921 netem
1374 874 1412 919 ee·

119 968 219 1031 sione
235 985 345 1028 rerum
361 963 476 1028 oblata
492 964 702 1028 extrinsecus
719 982 786 1027 non
803 983 879 1027 raro
895 961 1041 1041 fallitur3
1072 963 1235 1026 accedunt
1255 935 1415 1039 ffiiiffiss.

120 1067 336 1152 cupiditateS,
352 1087 438 1150 quae
465 1067 532 1131 veri
560 1066 697 1130 videndi
725 1065 865 1128 nimium
894 1085 994 1148 saepe
1025 1065 1150 1129 tollunt
1177 1069 1236 1129 aut
1259 1052 1415 1158 §mx

126 1182 217 1236 certe
233 1172 389 1235 minuunt
405 1169 607 1235 facultatem.
627 1171 703 1236 Hac
733 1170 777 1233 de
807 1189 926 1232 caussa
957 1170 990 1233 in
1024 1169 1238 1234 moderandis
1258 1171 1415 1276 maffia.

127 1275 320 1340 civitatibus
336 1294 437 1357 saepe
452 1275 552 1339 datur
563 1292 665 1356 opera
676 1283 712 1338 ut
732 1273 906 1337 coniuncti
917 1273 1237 1356 teneanturvi,quo-
1262 1291 1387 1360 tumerem

127 1399 202 1442 rum
229 1379 332 1442 animi
357 1377 559 1441 discordant
584 1413 628 1426 -
659 1375 778 1458 Longe
808 1376 905 1439 aliter
934 1373 1132 1440 christiani:
1156 1377 1236 1459 quid
1264 1350 1351 1397 '‘dd'‘

122 1483 262 1546 credere
286 1490 452 1564 oporteat,
467 1480 511 1544 ab
527 1479 679 1544 Ecclesia
709 1478 888 1562 accipiunt,
914 1479 1008 1542 cuius
1039 1479 1239 1544 auctoritate

123 1591 299 1669 ductuque
315 1605 352 1648 se
367 1595 459 1650 certo
483 1585 593 1648 sciunt
617 1605 732 1649 verum
757 1583 931 1667 attingere.
958 1585 1139 1667 Propterea
1154 1585 1240 1649 sicut
1295 1606 1416 1652 necrus·
1514 1599 1517 1606 ’

125 1712 196 1758 una
213 1701 264 1756 est
281 1689 442 1766 Ecclesia,
451 1689 530 1772 quia
543 1709 628 1752 unus
644 1687 751 1754 IEsth
766 1687 969 1764 CuntsTUs,
985 1689 1033 1752 ita
1043 1700 1239 1752 cunctorum
1266 1667 1418 1780 &mm

122 1806 204 1862 toto
218 1795 299 1860 orbe
314 1794 572 1858 christianorum
585 1814 652 1858 una
668 1803 719 1858 est
734 1803 836 1877 atque
852 1813 924 1858 esse
950 1794 1052 1859 debet
1077 1794 1241 1860 doctrina.
1266 1785 1389 1845 ΜΨ·

132 1898 232 1964 Unus
246 1897 420 1974 Dominus,
432 1896 590 1980 unafides
605 1897 651 1980 (¹).
666 1896 833 1961 Habentes
858 1905 967 1960 autem
982 1897 1241 1980 eumdern'spirr’·

125 2014 201 2068 turn
202 1999 292 2085 fidei
304 2001 358 2084 (²),
369 2001 515 2066 salutare
539 2000 738 2084 principium
760 1999 924 2076 obtinent,
951 2001 1040 2065 unde
1065 2001 1182 2064 eadem
1207 2000 1241 2064 in

126 2105 289 2174 omnibus
304 2103 460 2169 voluntas
476 2104 661 2186 eademque
673 2103 705 2166 in
719 2103 852 2184 agendo
869 2103 953 2168 ratio
963 2111 1084 2185 sponte
1098 2103 1242 2186 gignun-

132 2219 197 2274 tur.

179 2311 258 2390 Sed,
273 2314 363 2394 quod
384 2310 506 2376 Paulus
521 2309 708 2393 Apostolus
724 2311 826 2388 iubet,
838 2310 1095 2374 unanimitatem
1108 2323 1242 2392 oportet

133 2433 207 2478 csse
223 2411 412 2496 perfectam.
428 2449 472 2462 »-
488 2412 575 2480 Cum
591 2411 771 2476 christiana
788 2410 872 2476 fides
895 2430 964 2476 non
990 2411 1167 2489 humanae,
1183 2413 1241 2476 sed
1292 2415 1418 2484 ,flmm-

135 2517 269 2582 divinae
285 2519 424 2583 rationis
439 2519 639 2582 auctoritate
655 2515 790 2594 nitatur,
804 2535 892 2600 quae
907 2516 997 2580 enim
1014 2536 1035 2580 a
1050 2516 1126 2581 Deo
1150 2537 1241 2580 acce·
1266 2477 1421 2638 {ssim

130 2622 253 2706 pimus,
268 2643 347 2687 vera
376 2643 444 2686 esse
471 2619 632 2686 credimus
663 2641 725 2684 non
748 2631 883 2703 propter
907 2619 1117 2687 intrinsecam
1133 2642 1243 2686 rerum
1269 2597 1420 2712 regim

129 2726 305 2792 veritatem
332 2725 484 2790 naturali
508 2724 650 2790 rationis
666 2723 791 2788 lrrrrrirre
813 2734 1023 2807 perspectam,
1036 2723 1097 2788 sed
1111 2735 1247 2808 propter
1291 2713 1401 2823 m?

127 2830 359 2895 auctoritatem
375 2829 481 2913 elesius
494 2829 564 2894 Dei
573 2828 757 2906 revelantis,
772 2829 832 2911 qui
856 2849 911 2892 nec
931 2829 1020 2909 salli
1048 2849 1104 2892 nec
1119 2828 1245 2909 fallere
1270 2830 1422 2936 mm

122 2943 235 3017 potest
243 2933 295 3018 (³),
309 2951 519 3016 consequens
533 2942 585 2998 est
600 2942 646 3009 ut,
661 2952 891 3017 quascumque
907 2953 958 2996 res
980 2945 1112 2998 constet
1127 2953 1201 2998 esse
1223 2954 1243 2998 a
1269 2950 1420 2996 auctoritare.

133 3037 212 3100 Deo
227 3037 377 3114 traditae,
393 3037 532 3101 omnino
547 3037 703 3120 excipere
729 3037 879 3120 singulas
905 3035 977 3119 pari
1003 3037 1170 3122 similique
1192 3059 1244 3102 as-

136 3159 234 3205 sensu
266 3157 402 3206 necesse
416 3140 482 3205 sit:
509 3159 650 3223 quarum
677 3161 788 3206 rerum
805 3139 951 3206 abnuere
967 3138 1068 3206 iidem
1096 3142 1152 3206 uni
1180 3141 1245 3205 huc

128 3243 240 3316 ,ferme
271 3244 398 3320 recidit,
414 3245 589 3328 repudiare
619 3245 800 3310 universas.
828 3245 992 3310 Evertunt
1017 3246 1107 3311 enirn
1135 3247 1244 3330 ipsum

132 3345 395 3414 fundamentum
412 3347 498 3427 fidei,
516 3351 573 3432 qui
589 3361 648 3414 aut
664 3350 834 3416 elocutum
851 3348 1044 3414 hominibus
1060 3349 1171 3416 Deum
1189 3371 1245 3416 ne

130 3461 226 3535 gent,
238 3460 297 3516 aut
313 3453 356 3516 de
372 3450 501 3518 infinita
526 3453 596 3518 eius
628 3454 769 3519 veritate
784 3455 990 3537 sapientiave
1016 3453 1182 3520 dubitent.
1203 3492 1247 3504 -

129 3556 292 3622 Statuere
308 3575 388 3620 vero
403 3576 490 3639 quae
505 3556 571 3622 sint
588 3558 760 3622 doctrinae
776 3558 936 3622 divinitus
962 3557 1114 3635 traditae,
1131 3558 1246 3622 Eccle-
1304 3561 1372 3619 Quid
1380 3575 1423 3605 au·

1273 3626 1319 3666 tem
1328 3621 1377 3665 λινε

129 3661 207 3724 siae
222 3661 374 3726 docentis
389 3672 450 3738 est,
464 3661 517 3726 cui
533 3663 721 3728 custodiam
750 3662 1126 3746 interpretationemque
1154 3663 1246 3726 Deus
1273 3679 1407 3726 auctoretas

129 3762 346 3846 eloquiorum
363 3786 499 3831 suorum
516 3767 694 3832 commisit.
710 3766 871 3849 Summus
887 3776 1002 3831 autem
1017 3774 1069 3830 est
1086 3767 1247 3850 magister
1273 3739 1424 3845 ww

132 3869 173 3931 in
191 3867 341 3934 Ecclesia
369 3868 527 3934 Pontifex
552 3890 718 3936 romanus.
738 3870 927 3936 Concordia
943 3871 1044 3953 igitur
1059 3871 1246 3936 animorum

135 3971 227 4035 sicut
243 3973 427 4055 perfectum
444 3975 477 4039 in
503 3995 568 4039 una
597 3974 662 4039 fide
686 3995 888 4040 consensum
906 3976 1051 4058 requirit,
1067 3975 1116 4039 ita
1132 3976 1248 4040 volun·

133 4084 227 4141 tates
247 4077 397 4158 postulat
414 4077 584 4142 Ecclesiae
599 4098 807 4161 romanoque
832 4077 984 4142 Pontifici
1011 4078 1157 4161 perfecte
1172 4080 1249 4144 sub-

135 4181 245 4244 iectas
269 4189 370 4264 atque
396 4180 676 4264 obtemperantes,
707 4193 744 4247 ut
771 4183 853 4246 Deo,
880 4219 923 4230 -
956 4181 1105 4246 Perfecta
1138 4194 1249 4248 autern

1128 4303 1253 4313 --..-—..

176 4367 196 4400 1.
216 4353 313 4412 ephes,
336 4366 366 4408 ιν,
387 4368 407 4414 5.
431 4379 460 4389 -
476 4369 498 4402 2.
519 4355 542 4401 ll
554 4357 620 4410 Cor..
641 4367 677 4410 tv,
691 4372 724 4417 ῃ
742 4382 772 4390 -
788 4371 811 4416 3.
829 4357 904 4404 Cone.
918 4357 973 4406 Vat.
993 4359 1076 4406 Const.
1098 4361 1147 4406 Dei
1161 4363 1250 4415 Filius.

140 4434 191 4478 cap
202 4434 223 4479 3.
