3230 4874
423 369 493 422 rro
562 367 745 421 sersaoni
763 353 785 385 ‘¹
803 367 1031 422 sunvrssnnc
1047 367 1207 422 meacm
1224 367 1348 422 sunus
1368 405 1386 434 „

416 547 668 634 perhumaniter
682 555 716 612 et
731 543 966 611 honestissime
982 545 1118 631 excepti
1133 556 1302 626 sunttum
1313 569 1358 614 ex
1369 549 1500 634 frequen·

416 652 463 717 tia
478 649 595 735 populi
610 649 667 734 qui
684 649 769 714 istuc
785 647 961 728 confluxit,
977 668 1154 735 rerumque
1170 650 1204 716 in
1216 650 1279 716 hoc
1295 661 1392 718 coetu
1406 661 1497 736 gesta·

272 761 390 832 ,raum
416 775 489 821 rum
505 753 713 839 amplissima
728 750 951 818 solemnitate.
965 789 1011 804 —·
1027 751 1124 820 Haec
1139 751 1221 821 dum
1242 766 1356 821 mente
1370 755 1498 838 comple·

237 820 390 950 mlle„
415 859 545 938 ctimur,
574 857 679 943 probe
716 857 946 942 dignoscimus
981 867 1213 942 experrectum
1251 859 1407 926 virtutem
1441 881 1499 924 esse

237 953 390 1046 ξῗᾜ,
417 965 592 1048 Hispanae
606 961 726 1046 gentis,
738 980 880 1046 eamque
896 980 965 1026 non
982 963 1086 1028 modo
1101 963 1227 1028 moveri
1253 964 1390 1030 vocibus
1415 961 1496 1029 officii

236 1058 388 1178 22⁸3„ng
414 1065 615 1134 sanctissimi
637 1075 673 1130 ut
698 1063 828 1130 collatis
854 1063 980 1129 viribus
1007 1083 1156 1130 summas
1190 1065 1337 1132 rationes
1363 1065 1498 1132 defendat

235 1182 307 1226 crau.
414 1169 558 1256 religiosi
575 1180 608 1235 et
624 1168 755 1234 socialis
770 1169 898 1235 ordinis
923 1167 957 1232 in
973 1167 1152 1234 discrimen
1179 1169 1354 1249 adductas,
1377 1170 1432 1236 sed
1453 1189 1498 1254 ap·

412 1275 521 1359 prime
534 1274 703 1340 consciam
720 1293 793 1338 esse
804 1273 977 1357 copiarum
993 1282 1029 1337 et
1042 1273 1296 1358 opumquasad
1306 1291 1497 1339 communen

265 1389 386 1436 valetud
412 1379 555 1446 salutem
571 1377 722 1444 conferre
736 1387 852 1463 posset
867 1377 895 1440 si
912 1377 1004 1442 nulla
1019 1378 1177 1443 obessent
1192 1378 1440 1462 impedimenta
1453 1377 1497 1442 Ad

234 1449 291 1554 lame
310 1463 387 1568 'm
412 1483 495 1551 lraec
510 1483 703 1548 amolienda
718 1500 854 1546 necesse
869 1490 920 1546 est
936 1489 973 1545 ut
996 1491 1166 1566 postrema
1186 1482 1368 1549 deleantur
1381 1481 1498 1566 vestigia

234 1568 387 1674 ‘35⁰⁸ssss
412 1587 636 1665 dissidiorum,
650 1607 738 1672 quae
753 1584 937 1652 catholicos
955 1587 1128 1670 Hispanos
1152 1587 1341 1654 miserrime
1355 1589 1497 1654 distraxe-

233 1685 386 1793 {mm
411 1702 499 1772 runt,
512 1704 547 1759 et
561 1711 648 1776 quae
663 1690 815 1756 divulsae
829 1699 925 1754 erant
948 1689 1034 1754 vires
1045 1691 1254 1774 compositae
1268 1693 1498 1774 instructaeque

234 1805 314 1852 rens.
410 1793 610 1872 coalescant,
636 1813 702 1858 non
724 1794 828 1858 ductu
854 1792 1059 1875 privatorum
1085 1793 1269 1873 hominurn,
1298 1796 1419 1880 quibus
1433 1793 1497 1858 nihil

410 1899 454 1964 sit
469 1897 639 1980 antiquius
656 1895 806 1962 mortalis
832 1894 922 1960 vitae
946 1895 1134 1962 commodis
1157 1906 1193 1961 et
1217 1899 1368 1982 partium
1393 1896 1498 1971 studiis,
1581 1873 1582 1892 ¹

411 2002 469 2066 sed
495 2019 609 2065 eorum
636 2018 721 2083 quos
747 1999 874 2064 tutelae
901 2007 935 2062 et
961 1999 1133 2065 custodiae
1158 2001 1307 2084 religiosi
1327 2011 1362 2068 et
1387 1998 1497 2067 moralis

233 2117 385 2178 Sreratsore
409 2105 537 2171 ordinis
549 2103 707 2188 praefecit
723 2104 827 2170 Deus.
849 2141 894 2154 -
911 2104 1002 2170 Hinc
1027 2103 1097 2170 iore
1120 2104 1327 2172 confidimus
1353 2117 1390 2172 ut
1413 2105 1495 2172 etiam

233 2181 269 2280 ii
287 2176 384 2282 'm
411 2211 508 2294 pauci
527 2210 574 2274 illi
599 2209 656 2294 qui
681 2219 799 2274 contra
824 2208 979 2274 hortatus
1004 2207 1149 2274 Nostros
1175 2209 1286 2274 adhuc
1313 2212 1496 2284 obnituntur,

233 2309 384 2366 '‘⁹¹⁸0''ss
411 2335 472 2379 nec
488 2334 524 2378 se
546 2314 660 2379 sinunt
685 2313 741 2396 agi
768 2313 886 2396 spiritu
914 2311 1081 2378 fraternae
1106 2315 1319 2394 concordiae,
1344 2337 1410 2400 quo
1430 2311 1495 2380 ninii

232 2369 256 2400 lt
325 2369 384 2402 ml·

228 2413 309 2472 iim·
411 2417 517 2501 magis
535 2417 758 2483 necessarium
768 2427 821 2481 est
833 2437 894 2482 nec
906 2416 1015 2482 Nobis
1027 2417 1185 2500 optatius,
1194 2417 1323 2484 dociles
1335 2421 1461 2484 demum
1471 2433 1497 2480 se

410 2523 600 2604 praebeant,
627 2521 675 2587 uti
706 2521 781 2604 pios
807 2519 905 2586 decet
933 2519 1104 2586 Ecclesiae
1132 2519 1227 2599 lilios,
1253 2532 1289 2587 et
1304 2525 1377 2588 acie
1391 2519 1496 2588 conier·
1580 2513 1581 2534 ¹

408 2625 538 2689 tissima
560 2626 821 2708 congrediantur
845 2643 944 2708 opem
971 2621 1070 2689 laturi
1097 2625 1227 2706 parenti
1253 2623 1496 2696 amantissimae,

409 2727 579 2793 Ecclesiae
596 2729 694 2794 minis
710 2729 859 2814 undique
874 2738 909 2793 et
924 2728 1000 2794 telis
1015 2727 1165 2791 hostium
1191 2728 1377 2812 impetitae.
1393 2729 1492 2812 Spera·

408 2853 484 2898 mus
498 2833 624 2898 scilicet
650 2853 708 2898 eos
735 2854 771 2898 re
785 2842 819 2897 et
835 2832 945 2898 verbis
969 2841 1173 2911 ostensuros,
1197 2851 1233 2898 se
1257 2833 1302 2898 ab
1329 2854 1370 2898 ea
1396 2830 1495 2898 semita

407 2937 589 3012 recessisse,
612 2955 680 3019 qua
706 2946 832 3002 temere
861 2935 1054 3020 gradientes
1078 2953 1139 2998 nec
1166 2935 1230 3000 sibi
1257 2937 1436 3019 proderant
1448 2949 1495 2996 nec

406 3059 543 3106 caussae
561 3039 740 3119 Ecclesiae,
756 3041 815 3104 sed
833 3039 988 3123 improbo
1004 3037 1147 3105 coniecti
1163 3039 1278 3106 labore
1290 3042 1420 3106 tristem
1431 3035 1494 3102 utri·

406 3166 472 3232 que
486 3145 654 3230 parabant
670 3145 860 3229 perniciem.

274 3261 381 3331 ,Lauda
448 3251 503 3316 Tu
518 3269 606 3327 vero,
620 3248 742 3312 dilecte
768 3245 814 3312 tili
843 3245 977 3325 Noster,
1004 3257 1038 3312 et
1064 3246 1120 3312 alii
1147 3247 1293 3332 Hispani
1322 3244 1495 3316 Antistites,

228 3321 364 3441 2}pr
405 3353 526 3439 quibus
535 3360 708 3436 comperta
724 3361 775 3416 est
791 3351 917 3416 invicta
943 3351 993 3416 vis
1017 3351 1185 3434 perfectae
1201 3354 1402 3417 concordiae
1422 3364 1495 3434 quae

405 3465 534 3523 mentes
550 3465 584 3521 et
599 3455 701 3520 corda
726 3455 845 3538 iungit,
870 3455 1080 3537 praeclarum
1107 3455 1292 3538 sapientiae
1319 3466 1356 3520 et
1379 3449 1494 3520 virtutis

403 3560 543 3626 dedistis
559 3558 754 3642 exemplum
768 3577 896 3641 vosque
911 3577 1008 3641 pares
1036 3558 1136 3622 titulo
1162 3559 1359 3624 ostendistis
1374 3553 1494 3621 illustris
1578 3611 1579 3630 ,

402 3664 528 3747 gloriae
551 3683 572 3726 a
598 3661 780 3727 maioribus
806 3660 950 3726 traditae
977 3680 1082 3744 quum
1113 3661 1249 3744 auspice
1275 3661 1415 3745 Virgine
1440 3653 1493 3722 Dei
1578 3643 1579 3706 l

401 3775 549 3849 parente,
563 3784 665 3848 quam
689 3765 816 3848 pietate
839 3763 999 3848 singulari
1030 3783 1113 3847 gens
1139 3764 1294 3848 Hispana
1318 3763 1407 3842 colit,
1426 3777 1492 3826 con·

401 3868 623 3935 sociatissima
647 3867 821 3934 voluntate
846 3868 880 3931 in
906 3867 1006 3934 istam
1032 3869 1202 3934 civitatem
1226 3867 1436 3934 convenistis.
1457 3895 1492 3910 -

235 3989 376 4080 ‘rumpatque
402 3975 534 4058 Pergite
549 3990 630 4055 ergo
646 3991 770 4054 magno
793 3971 963 4056 alacrique
987 3973 1103 4036 animo
1127 3991 1167 4036 ea
1182 3989 1285 4056 quarn
1300 3969 1419 4035 iniistis
1429 3967 1492 4032 via:

224 4047 375 4155 {illim
400 4077 477 4162 plus
492 4094 592 4160 quam
609 4095 671 4159 pro
686 4075 771 4140 virili
792 4085 896 4160 parte,
922 4076 950 4138 si
976 4073 1045 4140 fieri
1071 4075 1188 4160 possit,
1211 4074 1403 4140 contendite
1425 4085 1490 4134 con·

217 4152 304 4209 'm'
399 4181 548 4246 cordiam
564 4191 599 4244 et
614 4199 731 4263 pacem
748 4178 870 4246 lovere.
900 4179 976 4244 Hac
1002 4181 1152 4246 maxime
1179 4180 1213 4244 in
1237 4197 1392 4263 praesens
1417 4171 1490 4241 indi·

400 4300 457 4373 get
473 4286 623 4352 Ecclesia
636 4307 644 4364 ;
659 4284 745 4352 hanc
762 4307 782 4350 a
798 4284 903 4365 vobis,
918 4286 1005 4352 hanc
1033 4308 1052 4351 a
1079 4285 1234 4352 fidelibus
1261 4305 1357 4352 curae
1372 4291 1486 4349 vestrae

399 4389 595 4467 commissis,
616 4390 675 4472 qui
699 4391 743 4454 ab
768 4387 887 4454 officiis
917 4391 1138 4456 sanctissimis
1169 4389 1301 4474 penitus
1329 4384 1483 4453 discedere
