3172 4874
405 345 476 416 218
640 367 856 420 annocurro
878 353 897 384 ‘⁸
916 367 1029 420 urum
1048 368 1117 420 ssu
1134 369 1266 431 orus„

226 543 338 648 tami-qt
293 543 375 588 mrsu
401 542 549 606 caritatis
580 544 697 626 spiritu
724 553 799 609 acta
829 545 982 627 pervadit
1006 543 1135 621 alacris,
1159 544 1211 608 vel
1244 553 1281 606 ut
1306 541 1475 606 catholicam

228 663 290 708 cr
293 669 322 706 m
402 645 501 712 fidem
518 647 689 731 provehat,
703 648 755 714 vel
772 657 809 714 ut
823 649 992 714 humanae
1001 650 1089 714 vrtae
1106 649 1329 715 incommodis
1340 646 1476 712 solatiaac

225 781 267 826 ι,
228 735 376 840 Ἕω
400 751 549 817 remedia
563 749 691 829 afferat,
706 754 748 818 ad
759 755 919 831 cavenda,
933 754 1215 838 adpropulsauda
1224 751 1371 836 pericula
1380 753 1476 834 ubrqne

227 841 376 945 wag?
401 857 552 940 gentium
578 875 709 941 semper
734 857 892 923 adiutrix
917 857 1043 924 Munus
1067 858 1279 944 quippeeius
1306 859 1477 941 itemqueet
1543 851 1544 932 ζ

402 959 508 1043 gloria
527 960 610 1024 haec
630 971 691 1040 est,
705 961 805 1026 saluti
821 962 997 1028 hominum
1013 963 1106 1028 omni
1130 961 1368 1028 beneficiorum
1385 976 1477 1045 genere
1543 1005 1544 1008 ,

402 1073 565 1147 perpetuo
581 1065 752 1130 inservire:
768 1067 857 1149 quod
881 1087 963 1130 sane
980 1065 1052 1132 Nos
1067 1067 1130 1149 ipsi
1149 1085 1211 1150 pro
1225 1066 1353 1133 viribus
1367 1065 1477 1130 efficies·

401 1167 482 1232 dum
504 1187 610 1252 nuper
633 1172 830 1248 curavimus,
852 1189 939 1248 curn,
959 1171 1047 1237 datis
1070 1172 1113 1237 ad
1141 1171 1317 1236 universae
1344 1167 1478 1234 Ecclesiae

404 1269 590 1355 Episcopus
607 1273 734 1349 litteris,
744 1273 944 1358 deopificrrm
952 1274 1131 1340 conditum
1142 1275 1281 1358 egimus

226 1361 377 1480 {ffflss
445 1374 495 1439 At
516 1377 543 1439 si
559 1395 604 1440 ex
629 1377 785 1462 Europae
811 1375 933 1442 finibus
948 1390 983 1444 et
1008 1379 1135 1462 asperis
1150 1379 1283 1444 rebus'
1272 1398 1310 1444 ru
1326 1375 1477 1444 aliasorbis

221 1481 342 1600 ὤας
343 1553 360 1584 s·
401 1493 504 1546 terras
517 1481 653 1548 oculos'
644 1501 734 1564 rpsos
746 1493 980 1548 convertamus
982 1483 1295 1567 ‚proiectocaussae
1312 1503 1377 1548 non
1388 1483 1477 1546 desunt

400 1604 487 1670 quae
517 1596 726 1670 praesentem
755 1588 858 1651 animi
885 1587 1129 1671 aegritudinem
1161 1586 1290 1652 leniant
1322 1587 1478 1668 bonamque

401 1687 545 1753 felicium
562 1699 742 1753 eventuum
760 1709 854 1772 spem
871 1691 1084 1772 portendant

240 1799 270 1842 1¹¹
253 1798 374 1903 ’Ἤρ
443 1791 501 1856 Ad
527 1791 744 1857 tollendam
734 1813 768 1857 ιιι
794 1793 918 1858 Africis
945 1793 1053 1878 plagis
1085 1795 1295 1878 Nigritarurn
1319 1793 1477 1858 servitutem

221 1863 317 1976 gnrssr
316 1931 348 1962 m
354 1871 473 1960 Nos
489 1897 624 1980 quidem
653 1899 772 1962 misera
799 1917 915 1963 eorum
931 1899 1125 1965 conditione
1141 1899 1285 1984 permoti
1304 1899 1391 1964 ultro
1410 1913 1478 1961 cuns

224 1977 361 2082 ssssss‘ss‘m
400 2011 435 2065 et
449 2001 560 2065 studia
576 2001 788 2068 contulimus.
807 2003 845 2066 ln
861 2003 1026 2068 eiusmodi
1048 2024 1128 2068 vero
1144 2014 1215 2069 tarn
1238 2003 1357 2068 nobile
1375 2013 1479 2082 tamque

229 2097 320 2156 ‘'dim''
400 2105 570 2171 excellens
579 2106 726 2171 caritatis
742 2125 837 2191 opus,
851 2107 986 2186 alacres,
1005 2120 1041 2172 ut
1053 2129 1114 2192 par
1128 2120 1209 2186 erat,
1226 2118 1300 2173 tum
1320 2107 1477 2189 Principum
1544 2191 1545 2204 ,

400 2210 683 2294 tumpopulorum
693 2211 948 2276 christianorum
959 2231 1115 2276 exarsere
1126 2211 1240 2290 animi,
1249 2211 1477 2295 pulcherrimum

400 2323 557 2398 putantes
570 2313 696 2396 ingenti
714 2315 984 2398 miserrimaeque
1000 2315 1174 2380 hominum
1189 2315 1398 2380 multitudini
1407 2327 1478 2394 opem

399 2417 516 2482 afferro
538 2417 791 2499 coniunctisque
804 2417 1002 2483 adlaborare
1015 2417 1152 2498 viribus,
1166 2430 1203 2484 ut
1218 2439 1238 2482 a
1262 2418 1418 2483 maximis
1431 2414 1479 2477 rin·

399 2522 500 2587 dicati
513 2523 640 2586 iniuriis
651 2531 878 2606 opportunum
891 2523 954 2606 ipsi
970 2523 1120 2588 levamen
1131 2522 1336 2606 divinaeque
1352 2515 1478 2587 beneficia

399 2627 640 2709 redemptionis
653 2627 932 2709 experiantur-
949 2627 1051 2694 Haud
1068 2628 1147 2694 estis
1163 2629 1276 2706 nescii,
1291 2619 1479 2692 Venerabile

400 2731 621 2814 Fratres,quid
632 2731 804 2814 hucusque
815 2751 929 2796 eorum
940 2733 1105 2796 caussasit
1117 2731 1479 2811 actum;ineamdemque

398 2853 550 2900 caussam
568 2835 675 2900 Nobis
691 2836 830 2899 omnino
845 2835 1055 2918 propositum
1071 2844 1131 2913 est,
1145 2835 1227 2900 dum
1253 2837 1326 2898 vita
1342 2833 1477 2916 suppetet

399 2937 480 3002 nihil
508 2938 623 3022 reliqui
652 2939 759 3004 iacere
785 2941 875 3022 quod
902 2939 945 3004 ad
970 2959 1086 3004 eorum
1112 2938 1308 3004 allevandae
1332 2948 1478 3004 aerumnas

398 3041 563 3125 pertinere
576 3041 850 3108 intellexerimus.

245 3175 279 3229 n,
333 3161 370 3230 nt·
444 3145 482 3210 In
500 3145 661 3227 Iaponico
687 3146 844 3229 Imperio,
861 3147 936 3210 Deo
960 3145 1047 3210 votis
1073 3145 1205 3210 Nostris
1231 3134 1477 3220 {assumtionis

219 3234 247 3321 “1-
260 3229 369 3324 :aqpqn
395 3251 513 3315 datum
552 3259 611 3328 est,
641 3251 883 3314 ordinariorum
924 3251 1168 3333 Episcoporum
1207 3237 1474 3313 hierarchiamad
1545 3319 1546 3330 2

218 3351 258 3441 ζῇς
269 3340 367 3448 „jz-“up
395 3352 580 3418 catholicae
611 3353 780 3436 religionis
814 3355 1028 3430 incrementa,
1059 3364 1223 3436 quantum
1261 3371 1323 3436 per
1352 3361 1475 3430 tempora

394 3454 496 3533 licuit,
518 3457 731 3536 constituere,
747 3459 795 3522 uti
810 3479 871 3522 vos
886 3479 930 3522 ex
946 3457 1154 3540 Apostolicis
1178 3457 1305 3532 litteris,
1321 3473 1402 3539 quas
1421 3465 1475 3532 pul

395 3568 487 3632 xime
497 3569 606 3634 daturi
622 3590 747 3648 sumus,
762 3570 966 3654 intelligetis.
981 3571 1083 3635 Haud
1094 3570 1167 3634 sine
1178 3589 1296 3634 caussa
1313 3569 1382 3632 iore
1395 3555 1473 3628 confi·

394 3672 514 3749 dimus,
529 3683 566 3737 ut
582 3675 667 3738 inea
684 3675 819 3756 regione
835 3676 867 3738 in
884 3693 951 3758 qua
967 3673 1048 3738 olim
1065 3683 1099 3736 et
1114 3684 1232 3738 contra
1244 3671 1368 3738 Christi
1384 3663 1473 3732 fidele

393 3775 512 3839 acerbe
527 3777 691 3842 saevitum
707 3785 767 3854 est,
794 3787 828 3842 et
853 3777 997 3860 plurium
1013 3778 1203 3842 constantia
1228 3775 1409 3856 Martyrum
1422 3763 1472 3830 eni·

393 3881 466 3956 tuit,
488 3881 673 3945 catholicae
702 3879 777 3945 fidei
805 3899 900 3964 seges
925 3879 1121 3957 efflorescat,
1137 3900 1181 3944 ex
1208 3881 1314 3962 etque
1341 3870 1471 3958 lapooica

392 4003 475 4066 gens
488 3983 606 4048 uberes
622 3983 739 4048 salutis
759 3984 886 4049 fructus
903 3985 1074 4068 percipiat.

239 4109 365 4156 aaran:
436 4086 491 4151 De
518 4087 677 4151 Brasilica
702 4089 848 4171 regione,
872 4107 973 4172 quarn
1001 4087 1226 4153 sollicitudine
1257 4085 1378 4149 Nostra
1401 4091 1468 4140 σθω·

214 4167 366 4285 [ᾖξ’,ξζῇζῖ
393 4191 578 4274 plectimur,
604 4192 685 4258 illud
719 4192 908 4256 timendum
933 4191 1006 4270 suit,
1022 4212 1064 4257 ne
1087 4213 1133 4256 ex
1157 4209 1266 4254 rerum
1291 4187 1466 4272 publicarum

216 4301 343 4390 ζηζζνώ
256 4292 328 4332 '¹⁶⁸‘
292 4294 364 4346 mpo-
357 4295 619 4382 tonversione,
642 4315 730 4377 quae
757 4295 913 4377 proxime
936 4296 1059 4378 elapsis
1084 4294 1290 4378 temporibus
1318 4289 1465 4354 consent&

218 4409 296 4447 ratur.
394 4405 453 4468 est,
469 4398 614 4460 rationes
631 4398 816 4462 catholicae
842 4399 1014 4464 Ecclesiae
1029 4399 1306 4482 perturbarentur
1323 4391 1385 4460 Sed
1398 4398 1463 4452 nuli
