3172 4874
117 368 166 418 DE
176 367 295 420 ussto
307 368 336 420 S.
353 367 507 421 IOSEPHI
519 369 560 420 IN
575 370 704 424 ITALIA
718 372 921 425 SUPERIORI
932 376 1128 430 AUGENDO.
1154 359 1218 430 161

120 477 1218 511 --——---—--—--------.-.„..„...

113 543 229 609 habita
256 545 385 611 ratione
409 545 595 630 regionum,
617 567 706 613 nunc
730 567 789 632 per
812 547 948 615 Italiam
964 559 1073 618 totam
1090 573 1135 618 ex
1150 553 1223 637 ipsa
1248 553 1401 674 ww

111 646 315 730 populorum
330 648 506 714 voluntate
521 650 593 733 pari
607 649 725 716 Sancti
744 650 879 736 Iosephi
895 651 999 718 cultui
1016 653 1223 721 instituendo
1249 679 1278 720 eu
1288 681 1402 733 superare

110 747 250 816 solerter
264 752 364 817 detur
387 771 497 836 opera,
525 750 626 818 Certe
653 751 746 818 nulla
769 753 915 839 pietatis,
939 755 1032 822 nulla
1052 757 1222 825 christiani
1250 733 1317 780 ''m''

107 851 288 919 cuiuslibet
304 852 405 920 officii
420 855 522 921 debet
537 875 610 921 esse
625 854 709 935 laus,
723 875 825 941 quam
842 856 905 922 sibi
918 880 998 943 prae
1013 862 1131 926 ceteris
1143 875 1224 946 geu*

108 955 201 1022 tibus
216 957 357 1042 adipisci
372 977 440 1023 non
457 958 665 1025 contendant
680 960 833 1044 regiones
850 960 981 1039 Italiae,
996 962 1030 1027 in
1050 983 1118 1048 qua
1130 965 1224 1030 Deus

109 1056 281 1142 singulari·
295 1059 459 1126 beneficio
475 1070 510 1126 et
525 1060 640 1127 sedem
666 1063 717 1128 sui
738 1061 772 1127 in
790 1063 885 1128 terris
901 1064 1025 1144 vicarii,
1041 1076 1075 1132 et
1090 1067 1225 1133 divinae

109 1163 262 1230 veritatis
277 1165 482 1244 cathedram,
496 1174 532 1230 et
547 1164 733 1232 catholicae
756 1167 896 1233 unitatis
911 1179 1062 1235 centrum
1082 1171 1225 1237 colloca·

111 1268 171 1336 vit.
187 1267 269 1346 Nos,
295 1271 352 1354 qui
379 1269 461 1334 dum
485 1269 630 1354 populns
658 1271 830 1336 universos
857 1282 891 1337 et
917 1273 1068 1356 singulos
1084 1285 1224 1358 paterna
1267 1295 1340 1366 'spo
1364 1302 1404 1362 ορ·Ι

110 1371 347 1437 benevolentia
362 1375 486 1458 pariter
502 1374 767 1456 complectimur,
783 1375 944 1458 singulari
960 1379 1109 1444 caritatis
1125 1400 1224 1446 sensu
1249 1360 1313 1461 ff
1326 1368 1404 1461 ,·„„‘,³f

109 1475 156 1540 ad
174 1474 279 1541 Italos
295 1478 501 1560 respicimus,
516 1497 612 1562 spem
627 1477 752 1543 bonam
777 1477 931 1545 fovemus
954 1479 1079 1547 forent
1100 1502 1224 1550 novum
1250 1479 1329 1579 w
1341 1474 1403 1579 ,²2²ss

110 1577 178 1643 hoc
192 1579 327 1664 pietatis
343 1581 476 1665 pignus,
500 1583 591 1666 quod
609 1581 642 1646 in
658 1602 760 1667 supra
783 1583 882 1648 dictis
908 1585 1102 1668 regionibus
1118 1587 1225 1653 Beato
1250 1593 1327 1640 retur.

110 1680 241 1747 Mariae
256 1683 408 1766 Virginis
424 1683 559 1767 Sponso
575 1682 791 1749 tribuendum
812 1694 874 1764 est,
899 1696 1077 1770 acceptum
1101 1688 1148 1753 illi
1173 1691 1225 1769 sit,

108 1784 165 1848 cui
179 1784 336 1864 defertur,
351 1787 390 1851 iis
406 1807 486 1852 vero
497 1787 555 1871 qui
566 1786 722 1851 deferunt
734 1786 950 1856 fructuosum.
965 1789 1059 1854 Nihil
1072 1791 1161 1856 enim
1174 1804 1225 1858 est
1280 1819 1362 1866 puta,
1373 1820 1400 1865 ,a

108 1887 315 1954 difficillimis
345 1890 437 1955 hisce
463 1890 672 1974 temporibus
697 1890 740 1954 ad
757 1891 959 1956 servandum
983 1893 1223 1976 patrimonium
1249 1879 1275 1926 ⁸·
1318 1881 1402 1926 Μ’

1248 1939 1311 1984 lt'anr
1338 1953 1403 1985 sum-

108 1989 198 2069 fidei,
214 1995 300 2058 etad
313 1995 418 2058 vitam
429 1995 610 2059 christiane
626 1994 793 2076 agendam
806 1993 981 2073 efficacius,
997 2017 1098 2079 quam
1111 2009 1223 2083 patro·
1250 2012 1317 2044 munz
1347 2011 1400 2044 Μ·

106 2094 235 2160 ciuium
253 2096 369 2163 Sancti
382 2097 517 2181 Iosephi
528 2096 701 2180 demereri,
713 2105 815 2180 atque
831 2097 917 2161 adeo
933 2101 1076 2180 gratiam
1095 2101 1222 2169 Mariae
1248 2063 1290 2162 {fl
1297 2065 1400 2186 '⁰⁷25ss

105 2195 177 2262 Dei
194 2199 314 2265 Matris
329 2201 509 2266 castissimi
524 2199 575 2266 sui
591 2199 706 2284 sponsi
718 2198 897 2264 clientibus
913 2203 1096 2268 conciliare
1108 2203 1221 2288 Quare
1249 2175 1388 2223 '‘mm''

103 2301 256 2368 admotis
281 2307 323 2370 ad
357 2305 430 2371 Nos
455 2303 609 2388 precibus
635 2303 791 2386 votisque
817 2302 963 2386 benigne
992 2306 1220 2376 obsecundare

102 2406 268 2487 volentes,
296 2411 380 2474 moti
406 2409 572 2492 suffragiis
596 2427 765 2472 sacrorum
795 2407 1010 2486 Antistitum,
1040 2411 1097 2494 qui
1119 2433 1221 2496 supra

103 2513 303 2578 memoratis
340 2514 550 2579 dioecesibus
587 2520 756 2597 praesunt,
789 2511 990 2595 Apostolica
1021 2514 1220 2583 auctoritate

103 2613 245 2694 Nostra,
268 2618 388 2683 harum
411 2617 597 2683 litterarum
624 2615 666 2695 vi,
692 2615 927 2700 praecipimus,
949 2619 1159 2688 decernimus
1183 2635 1220 2690 ut
1300 2635 1397 2706 Festum

102 2717 181 2784 dies
207 2721 480 2806 undevigesimus
517 2719 642 2786 mensis
671 2719 786 2785 Martii
819 2722 1001 2788 memoriae
1029 2723 1219 2792 Beatissimi
1244 2698 1390 2813 mxu

104 2819 321 2890 Patriarchae
339 2824 474 2908 Iosephi
484 2823 684 2889 recolendae
698 2843 792 2888 sacer
806 2823 840 2888 in
856 2825 1013 2890 omnibus
1029 2837 1062 2892 et
1079 2827 1220 2912 singulis
1244 2813 1397 2932 {zmssfff‘a

105 2925 335 3007 Pedemontis,
350 2929 516 3012 Liguriae,
533 2926 709 2993 Sardiniae
732 2946 878 2992 necnon
895 2927 1155 3012 Longobardiae
1169 2951 1220 2997 re·
1244 2933 1399 3037 malr·

105 3031 265 3114 gionibus
281 3033 315 3096 in
339 3033 469 3097 dicrum
495 3031 655 3096 festorum
683 3049 823 3096 nurnero
849 3031 912 3096 rite
932 3043 1116 3104 censeatur.
1139 3035 1218 3100 Pro·
1242 2999 1398 3110 eleachim

106 3145 225 3218 pterea
240 3135 411 3202 christiani
423 3157 541 3202 omnes
556 3155 660 3219 quum
676 3143 794 3200 sancto
809 3136 935 3202 Missae
950 3136 1112 3205 sacrificio
1123 3141 1219 3204 ades·
1244 3110 1396 3156 ⁵⁶'⁰⁰''‘¹¹¹''''

106 3249 239 3316 sctum
255 3240 351 3305 abiis
366 3240 534 3326 operibus,
548 3260 637 3323 quae
659 3239 792 3305 servilia
816 3239 883 3304 dici
909 3241 1028 3319 solent,
1052 3243 1220 3310 abstinere

107 3352 290 3426 praecepto
302 3345 436 3411 debent.
461 3345 539 3410 Non
553 3343 775 3421 obstantibus,
795 3344 949 3426 quamvis
967 3346 1103 3430 speciali
1119 3356 1221 3431 atque

107 3445 283 3513 individua
309 3449 481 3514 mentione
510 3469 548 3512 ac
573 3447 792 3530 derogatione
817 3447 939 3532 dignis,
954 3447 988 3512 in
1015 3451 1221 3518 contrarium

106 3547 307 3616 facientibus
330 3552 606 3637 quibuscumque.
627 3550 795 3616 Volumus
811 3559 924 3617 autem
941 3564 979 3618 ut
995 3555 1222 3636 praesentium

106 3653 292 3720 litterarum
308 3656 537 3740 transumptis
552 3675 610 3722 seu
626 3655 801 3739 exemplis,
817 3656 918 3721 etiam
929 3656 1109 3740 impressis,
1121 3679 1222 3725 manu

105 3758 246 3825 alicuius
279 3761 412 3826 Notarii
444 3760 570 3844 publici
596 3759 801 3844 subscriptis,
827 3770 861 3824 et
876 3757 988 3842 sigillo
1010 3781 1173 3846 personae
1189 3767 1222 3830 in

107 3863 331 3930 ecclesiastica
355 3865 526 3949 dignitate
551 3865 755 3929 constitutae
777 3863 916 3928 munitis
942 3864 1061 3930 eadem
1088 3886 1223 3951 prorsus

108 3963 192 4031 fides
201 3968 503 4052 adhibeatur,quae
516 3967 731 4032 adhiberetur
739 3964 821 4051 ipsis
832 3967 1104 4050 praesentibus,si
1115 3969 1224 4038 forent

109 4071 281 4139 exhibitae
296 4072 349 4137 vel
364 4082 532 4139 ostensae

155 4176 283 4242 Datum
307 4177 438 4242 Romae
454 4175 546 4257 apud
564 4173 598 4240 S.
616 4173 753 4238 Petrum
769 4173 832 4238 sub
848 4173 950 4239 anulo
975 4174 1152 4242 Piscatoris
1167 4178 1224 4244 die

114 4296 132 4362 3
149 4282 264 4347 Martii
284 4285 376 4364 1891,
393 4277 612 4345 Pontificatus
625 4279 740 4343 Nostri
756 4297 846 4343 anno
861 4279 993 4344 decimo
1008 4289 1135 4363 quarto.

565 4391 612 4455 M.
628 4389 743 4456 chun.
760 4387 1134 4458 LEDOCHOWSKI.

201 4579 277 4624 Acrn
295 4576 398 4650 Leonis
412 4572 484 4619 xm.
1058 4571 1100 4619 IV.
1113 4597 1141 4608 —
1154 4589 1187 4622 rr.
