3336 4870
329 377 380 428 DE
408 375 578 429 UNlTATE
603 375 762 429 ORDINIS
789 376 1056 430 PROCURANDA.
1175 379 1245 453 205

149 570 243 646 atque
266 579 380 624 earum
396 559 539 623 formam
566 559 609 624 ad
627 559 699 622 Nos
724 557 958 626 transmittant
983 557 1118 622 maioris
1141 559 1245 642 partis
1270 571 1422 653 arefiens

147 667 328 728 coeuntium
346 662 513 746 suffragiis
529 663 717 746 probatam.
733 661 848 746 Quum
865 683 943 726 vero
958 681 999 726 ea
1015 662 1152 744 scriptio
1168 661 1245 726 illuc
1315 659 1380 706 1888.

147 779 288 850 spectare
314 768 438 831 debeat
464 777 502 830 ut
533 768 641 850 magis
672 766 848 849 magisque
877 766 911 829 in
943 766 1101 830 domibus
1127 767 1245 830 vestris

146 873 295 954 regularis
310 871 487 955 disciplina
502 871 629 948 floreat,
644 872 704 935 vix
720 882 771 936 est
787 879 824 934 ut
846 890 906 933 vos
932 889 1139 948 moneamus,
1154 870 1245 934 lucu-

147 976 324 1040 brationem
342 983 488 1038 vestram
505 974 545 1037 iis
560 975 733 1059 principiis
760 993 833 1036 esse
849 971 1108 1052 informandam,
1123 975 1245 1058 quibus

147 1079 263 1162 legiferi
295 1077 404 1142 Patris
433 1079 533 1142 vestri
565 1078 681 1161 regula
712 1077 835 1142 nititur.
869 1075 970 1141 Tales
1002 1077 1115 1160 itaque
1144 1087 1247 1142 sunto

147 1184 405 1250 Constitutiones
421 1201 537 1260 novae,
549 1193 586 1247 ut
601 1182 780 1266 perfectior
796 1191 897 1264 atque
909 1183 1100 1264 expeditior
1114 1202 1174 1265 per
1189 1204 1245 1246 eas
1286 1205 1374 1263 orrares
1384 1211 1421 1274 op-

148 1287 198 1352 fiat
212 1287 424 1352 observantia
440 1296 604 1363 votorum,
620 1286 742 1370 quibus
757 1306 816 1350 vos
828 1285 904 1348 Deo
920 1285 1075 1348 devinxit
1091 1285 1245 1368 religiosa
1270 1265 1422 1369 {wlff}

146 1391 306 1472 professio.
320 1391 488 1474 Imprimis
504 1411 608 1475 quum
622 1390 703 1455 nihil
718 1390 826 1474 magis
839 1389 927 1452 obsit
943 1389 1132 1472 paupertati
1143 1410 1243 1473 quam
1269 1397 1313 1487 ἵζ’
1324 1383 1420 1428 ‘'mim“

146 1497 255 1578 privati
272 1493 394 1580 peculii
420 1494 567 1559 habendi
584 1495 736 1572 facultas,
751 1494 881 1558 naviter
905 1513 1022 1556 cavere
1044 1503 1188 1576 oportet,
1203 1515 1245 1558 ne
1298 1535 1424 1580 cmm,

147 1599 221 1664 haec
237 1599 326 1663 mala
343 1599 435 1662 labes
451 1599 620 1664 domicilia
637 1598 878 1664 monachorum
904 1595 1039 1662 inficiat.
1055 1597 1126 1661 Nec
1152 1619 1245 1681 prac-
1265 1594 1421 1712 gemigww

146 1704 299 1766 tereunda
314 1701 458 1786 diligens
474 1701 658 1766 officiorum
675 1703 855 1784 descriptio
871 1721 956 1784 quac
972 1721 1016 1764 ex
1033 1698 1244 1765 obedientiae
1269 1759 1282 1790 0
1305 1746 1344 1791 cia
1361 1687 1421 1792 {mi-
1453 1755 1455 1767 .

145 1807 255 1870 virtute
271 1814 421 1882 manant,
436 1824 479 1869 ne
505 1806 618 1889 segnis
643 1806 769 1870 incuria
793 1806 827 1869 in
854 1805 1033 1869 levioribus
1059 1805 1184 1869 sensim
1200 1806 1243 1869 ad
1268 1806 1421 1910 bamdfm·

146 1908 249 1992 lapsus
282 1910 453 1992 graviores
482 1909 629 1976 inducat.
661 1909 884 1974 Muniendum
916 1910 1040 1993 pariter
1069 1910 1244 1992 praesidiis
1360 1899 1365 1914 ⁸

143 2016 290 2079 omnibus
316 2022 433 2078 votum
458 2014 660 2091 stabilitatis,
682 2015 775 2077 cuius
802 2035 866 2096 ope
895 2015 1044 2078 maxime
1059 2013 1192 2078 sodales
1208 2016 1241 2078 in
1278 2023 1407 2094 stupratas.

144 2138 234 2182 unam
251 2119 321 2181 veri
348 2117 493 2180 nominis
509 2117 671 2181 familiam
698 2125 842 2181 coeunt:
859 2118 999 2199 proinde
1027 2137 1112 2180 unus
1128 2119 1242 2182 devin-
1277 2090 1418 2194 emir,

141 2224 199 2286 ciat
213 2243 332 2286 omnes
348 2221 513 2285 fraternae
524 2222 672 2286 caritatis
688 2242 806 2299 nexus,
817 2241 878 2304 par
893 2222 936 2285 sit
948 2220 1099 2285 omnium
1109 2223 1242 2286 vivendi
1283 2202 1400 2314 wlff

143 2327 323 2409 agendique
335 2326 428 2402 ratio,
440 2326 611 2390 communi
624 2345 741 2389 omnes
755 2333 891 2388 utantur
901 2345 1026 2404 mensa,
1036 2325 1242 2390 coniunctim
1290 2321 1405 2424 qujan-

143 2429 295 2510 precibus,
312 2427 533 2508 meditationi,
548 2429 712 2510 spirituali
728 2428 864 2492 lectioni
881 2439 1010 2507 vacent,
1021 2429 1187 2512 simulque
1197 2431 1242 2493 ad
1363 2413 1369 2426 ⁸

144 2532 319 2597 laxandum
337 2553 357 2596 a
373 2532 543 2596 laboribus
558 2535 708 2596 animum
737 2534 945 2597 conveniant.
964 2533 1041 2616 Quo
1066 2532 1243 2616 perfectior

142 2647 245 2701 autem
263 2638 411 2702 familiae
429 2639 541 2721 imago
557 2640 610 2716 sit,
622 2639 778 2702 extrariis
794 2637 928 2702 famulis
940 2639 1052 2702 aditus
1065 2660 1107 2704 ne
1119 2648 1244 2722 pateat,
1298 2663 1357 2711 roco
1374 2675 1419 2724 sa.

142 2762 176 2803 ac
188 2742 304 2806 fratres
322 2743 396 2805 laici
412 2743 459 2806 sic
475 2742 706 2821 admittantur,
719 2751 755 2806 ut
772 2743 978 2826 simplicibus
989 2745 1139 2810 obstricti
1155 2751 1242 2814 votis
1281 2724 1404 2829 'Jffssa'li'ss

140 2845 296 2925 spirituali
323 2846 455 2909 subsint
482 2848 653 2929 magistro,
679 2848 799 2930 Neque
827 2868 905 2910 vero
929 2869 1014 2930 opus
1041 2861 1091 2914 est
1118 2860 1155 2915 ut
1181 2872 1242 2916 vos
1259 2843 1419 2959 mm&

142 2965 341 3026 moneamus,
356 2949 402 3012 nil
429 2951 641 3014 tolerandum
668 2971 740 3014 esse
767 2970 835 3033 quo
863 2953 1013 3015 turbetur
1039 2953 1186 3022 solitudo
1203 2981 1241 3023 ac
1272 2962 1407 3008 tamar.

139 3048 310 3130 silentium,
326 3073 385 3135 per
411 3073 498 3136 quae
524 3054 699 3136 potissime
727 3053 895 3137 perficitur
912 3076 1041 3120 morum
1059 3063 1241 3140 conversi0,
1282 3070 1417 3117 Silentium

140 3154 282 3238 adeoque
310 3156 482 3220 clausurae
507 3157 607 3240 leges,
624 3159 744 3240 quibus
773 3178 812 3220 ea
838 3159 933 3240 quasi
962 3167 1036 3222 tuto
1063 3160 1152 3226 vallo
1169 3183 1239 3226 sae·
1265 3131 1416 3236 milla

140 3257 276 3337 piuntur,
292 3261 398 3343 rigide
414 3281 486 3324 esse
502 3261 693 3325 servandas.
710 3261 866 3343 Denique
883 3281 1015 3326 summa
1030 3263 1166 3329 Patrum
1182 3269 1239 3350 qui

140 3358 168 3421 in
184 3381 284 3425 unum
302 3365 519 3426 convenerint
534 3385 612 3428 cura
628 3364 680 3441 sit,
693 3373 729 3428 ut
746 3364 890 3446 religiosi
908 3365 1039 3428 sodales
1057 3367 1138 3432 nihil
1154 3373 1239 3434 anti-

139 3463 228 3543 quius
244 3465 401 3543 habeant,
417 3486 519 3548 quam
537 3477 573 3530 ut
589 3469 643 3550 pie
668 3467 795 3551 riteque
812 3469 912 3532 sacris
927 3480 1114 3550 operentur,
1131 3493 1239 3556 neque

141 3565 323 3632 alaudibus
351 3571 491 3652 agendis
508 3571 583 3636 Deo
600 3573 633 3634 in
651 3570 749 3636 Odeo
765 3574 935 3636 communi
961 3594 1108 3657 unquam
1136 3579 1238 3641 absti-
1296 3601 1416 3659 opusDei

140 3683 242 3737 neant.
270 3673 361 3738 Sane
387 3676 414 3737 si
445 3696 489 3738 ex
520 3677 612 3740 hisce
641 3676 814 3759 principiis
839 3696 946 3740 novae
973 3678 1238 3745 Constitutiones
1263 3675 1353 3764 {22:2¹⁸
1380 3673 1414 3706 ‘⁰'

139 3773 305 3856 ducantur,
315 3778 421 3861 iisque
438 3781 594 3844 monachi
612 3781 764 3862 religiose
775 3782 954 3862 paruerint,
964 3801 1031 3845 non
1045 3784 1238 3848 dubitamus

139 3880 212 3958 quin
230 3882 389 3947 illustrius
406 3884 526 3950 Ordini
543 3887 646 3950 decus
662 3887 706 3949 sit
721 3904 942 3964 accessurum,
957 3895 991 3950 et
1007 3888 1140 3952 utiliora
1158 3886 1237 3952 fide·

139 3981 218 4048 libus
234 3985 344 4052 futura
360 3990 426 4052 sint
453 3990 620 4054 exteriora
648 3989 841 4066 ministeria,
857 4009 943 4072 quae
970 3990 1126 4053 monachi
1142 4009 1238 4053 exer·
1293 4013 1335 4057 Ex
1376 4011 1416 4058 ars

138 4098 216 4152 cent.
233 4089 411 4173 Ampliora
438 4091 527 4156 enim
554 4091 737 4174 gratiarum
763 4092 912 4156 subsidia
927 4112 1043 4156 eorum
1068 4092 1238 4156 laboribus
1263 4073 1414 4177 ,mla

139 4189 299 4272 impertiet
315 4195 419 4274 Deus,
434 4205 467 4260 et
492 4195 679 4260 saeculares
703 4195 856 4260 homines
873 4195 1047 4259 dociliores
1064 4196 1129 4260 illis
1144 4217 1237 4281 prae·
1262 4189 1415 4354 wlff}

138 4292 258 4361 bebunt
288 4318 393 4379 aures,
423 4320 566 4384 quorum
598 4301 756 4365 virtutem
787 4300 931 4364 solidam
961 4299 1083 4366 clarius
1114 4301 1239 4366 enitere
1263 4307 1415 4428 fflupfmg·

139 4405 353 4482 suspexerint.
1263 4425 1332 4472 irent.
