3230 4874
194 413 245 463 DE
264 413 446 465 STATUTIS
465 413 666 464 SEMINARII
684 413 872 466 COMILLAS
892 411 1116 466 PROBANDIS.
1164 412 1227 481 131

120 587 277 662 oportere
291 579 503 657 videbuntur,
526 579 648 644 certior
663 580 786 663 petitor
802 578 867 659 fiet,
883 579 964 664 quid
980 580 1043 645 sibi
1059 587 1231 663 praestan·
1266 587 1401 687 orc¹a⁶un

118 684 203 748 dum
219 683 269 748 uti
285 681 337 746 sui
363 681 634 765 experimentum
659 682 819 765 praebeat
840 683 930 766 apud
956 682 1106 748 delectos
1130 684 1173 746 ad
1197 682 1230 745 id
1301 696 1368 756 1890.
1399 674 1407 689 “

120 787 268 852 muneris
283 786 380 850 viros
396 823 440 836 -
453 803 483 865 4
502 784 763 870 supellectilem,
788 784 899 866 libros,
922 786 1049 851 victum
1074 796 1108 853 et
1122 797 1233 852 vestes
1323 813 1350 864 ,ο
1394 864 1400 876 ι

119 888 336 955 seminarium
353 889 585 973 suppeditabit
600 908 646 952 ex
668 908 737 972 quo
762 889 817 952 die
840 891 884 954 ad
908 889 1142 956 educationem
1159 911 1232 974 gra·
1258 865 1409 977 stiffi}

119 992 243 1058 tultam
258 1001 438 1076 cooptatus
463 992 561 1056 luerit
586 991 763 1072 alumnus;
787 991 1002 1058 solummodo
1024 992 1181 1076 exigetur
1197 1003 1234 1058 ut
1257 985 1377 1089 {ij

120 1093 284 1178 oppidum
306 1094 469 1162 Comillas
493 1095 653 1160 adveniat
679 1093 821 1160 honesta
848 1096 986 1161 indutus
1001 1105 1095 1162 veste
1111 1107 1145 1162 et
1160 1106 1234 1161 tan·
1293 1077 1310 1098 ”

103 1210 194 1266 -tum
211 1198 329 1266 afferat
343 1201 515 1284 pecuniae,
527 1209 693 1285 qnantum
710 1200 792 1264 satis
808 1203 871 1265 erit
887 1210 924 1266 ut
938 1203 1079 1267 domum
1096 1210 1236 1285 repetat,

122 1303 152 1368 si
178 1303 211 1367 id
239 1301 326 1368 forte
356 1304 518 1388 expedire
548 1302 773 1382 indicabitur;
803 1303 868 1369 hae
896 1325 976 1369 vero
1007 1305 1170 1389 pecuniae
1201 1306 1234 1369 in

121 1407 281 1473 thesauro
295 1406 517 1490 deponentur,
544 1407 624 1471 data
649 1405 741 1488 prius
757 1407 952 1489 parentibus
967 1406 1131 1473 cautione.
1147 1445 1191 1456 —
1209 1422 1235 1488 5.

123 1509 349 1576 Seminarium
373 1509 531 1593 ingressis
547 1527 730 1592 nunquam,
747 1509 810 1572 nisi
834 1511 1031 1592 gravissima
1053 1531 1097 1574 ex
1117 1530 1236 1575 caussa
1323 1539 1353 1592 5⁰
1386 1545 1388 1550 ·

123 1613 331 1697 superiorum
347 1612 473 1677 iudicio
488 1612 710 1691 aestimanda,
725 1631 785 1696 per
800 1621 910 1679 totum
927 1615 1136 1680 educationis
1151 1623 1236 1679 tem·
1261 1592 1413 1698 immi„

122 1738 188 1802 pus
203 1716 296 1783 exire
311 1717 433 1784 licebit
450 1717 487 1785 Si
503 1719 561 1802 qui
588 1737 667 1782 vero
693 1719 737 1782 ad
754 1717 910 1784 militiam
926 1719 1091 1804 proficisci
1112 1739 1236 1801 cogan·
1261 1711 1411 1766 ⁸⁶''¹⁵”⁰'⁷'⁰›

122 1830 186 1900 tur,
201 1819 378 1904 praefectis
401 1821 569 1904 integrum
590 1840 725 1904 prorsus
741 1822 803 1886 erit
819 1822 903 1885 alios
927 1823 961 1886 in
985 1842 1101 1888 eorum
1124 1821 1234 1888 locum

123 1923 283 2004 sufficere,
297 1925 379 2007 quin
396 1944 548 2008 egressos
561 1944 673 1989 rursus
686 1925 865 1990 admittere
877 1925 945 1990 ulla
957 1927 1087 1992 ratione
1098 1935 1235 1992 tenean-

123 2037 185 2093 tur.
195 2064 239 2076 -
250 2030 279 2091 6.
297 2025 430 2110 Quibus
448 2027 571 2092 mentis
586 2027 757 2110 animique
771 2028 908 2092 dotibus
923 2029 1033 2095 aDeo
1045 2029 1144 2094 ditati
1160 2029 1235 2106 sint,
1275 2020 1410 2140 ὤρη

124 2151 192 2215 qua
206 2129 308 2196 etiam
324 2131 501 2196 vocatione
517 2131 659 2216 praediti
677 2130 800 2196 luerint
824 2131 867 2196 ad
892 2150 1013 2196 munus
1029 2131 1235 2198 sacerdotale
1259 2139 1363 2185 buffones

123 2236 378 2319 capessendum,
393 2235 522 2301 alumni
537 2235 618 2300 totis
644 2234 778 2301 duobus
798 2235 916 2318 primis
930 2235 1028 2299 annis
1044 2235 1233 2320 probabun-
1260 2199 1400 2251 ‘'ma''

123 2353 198 2406 tur:
214 2358 316 2424 quare
331 2360 391 2424 per
405 2339 470 2405 hoc
486 2349 620 2425 tempus
636 2339 765 2405 facilius
780 2339 906 2405 dimitti
921 2349 1088 2424 poterunt.
1106 2340 1143 2406 Si
1155 2360 1234 2405 vero

124 2444 356 2510 sexdecimum
388 2444 562 2527 attigerint
592 2445 713 2511 aetatis
751 2465 887 2525 annum,
921 2455 1101 2530 menteque
1138 2445 1234 2510 firma

122 2546 380 2614 deliberaverint
395 2548 438 2612 ad
465 2547 706 2614 sacerdotalem
732 2549 932 2632 dignitatern
958 2548 1021 2613 sibi
1036 2568 1233 2634 comparan-

123 2653 203 2718 dam
234 2651 321 2716 serio
350 2650 548 2716 adlaborare
578 2659 616 2717 ut
644 2651 813 2718 vocationi
845 2653 979 2718 divinae
1009 2652 1112 2718 talem
1142 2653 1231 2718 viam

124 2754 369 2821 demonstranti
395 2755 631 2837 respondeant,
655 2765 737 2821 tunc
760 2757 897 2838 quidem
925 2756 1001 2820 Deo
1025 2759 1233 2840 promittent,

123 2860 315 2944 scriptoque
329 2860 524 2925 testimonio
539 2861 743 2944 promissum
759 2859 949 2939 firmabunt,
965 2880 1001 2924 se
1028 2871 1104 2945 post
1121 2881 1231 2927 sacros

122 2963 258 3030 ordines
271 2971 428 3046 acceptos
439 2983 498 3046 per
511 2972 656 3047 quatuor
667 2963 787 3030 saltem
800 2983 906 3029 annos
919 2964 1073 3048 propriae
1088 2965 1231 3031 dioecesi

123 3066 355 3135 inserviendae
370 3063 440 3132 lore
455 3067 609 3133 addictos
629 3068 677 3133 sic
692 3077 730 3133 ut
746 3088 806 3151 per
820 3067 884 3131 hoc
909 3069 1069 3151 temporis
1085 3071 1231 3152 spatium

124 3169 209 3238 nulli
222 3169 331 3236 ordini
356 3169 512 3254 religioso
537 3189 660 3237 nomen
676 3172 756 3237 dare
780 3173 909 3255 possint
932 3171 1003 3236 sine
1018 3172 1177 3255 peculiari
1193 3191 1232 3237 ac

125 3293 288 3358 expressa
301 3271 492 3338 dioecesani
518 3273 661 3339 Praelati
687 3273 847 3339 facultate
873 3273 907 3338 in
931 3273 1021 3338 hunc
1037 3273 1137 3338 finem
1154 3293 1232 3340 con·

126 3397 229 3442 cessa
243 3413 287 3426 -
301 3392 331 3457 7.
363 3373 559 3441 Studiorum
590 3377 685 3456 ratio,
714 3376 876 3460 temporis
905 3376 1052 3460 partitio,
1080 3376 1165 3440 ordo
1194 3397 1233 3441 ac
1325 3403 1351 3456 7⁰

126 3479 313 3546 domestica
348 3477 525 3561 disciplina
554 3478 778 3563 singularibus
810 3487 999 3544 statuentur
1029 3477 1158 3562 legibus
1189 3481 1232 3545 ad
1275 3456 1410 3564 ,·,„‘,¹,',¹,⁸{¹,{j

127 3581 303 3666 exemplar
317 3580 449 3665 collegii
465 3581 665 3660 Germanici,
681 3601 822 3667 quarum
839 3581 954 3647 crebra
966 3581 1104 3648 violatio
1116 3602 1234 3648 caussa
1258 3576 1353 3629 ἥρω’·

126 3686 304 3754 habebitur
318 3687 407 3750 insta
422 3693 459 3750 ut
473 3685 698 3764 dimittantur,
711 3695 797 3770 quos
812 3685 1033 3751 dimittendos
1049 3687 1234 3769 superiores

125 3788 380 3856 existimabunt.
394 3824 438 3837 -
454 3789 487 3854 8:
507 3791 650 3872 Aequae
676 3790 793 3855 itidem
818 3789 1043 3854 censebuntur
1069 3787 1233 3855 dimissio·
1301 3785 1365 3892 aas,
1373 3845 1410 3891 d,-

126 3894 180 3959 nis
195 3910 341 3971 caussae,
356 3891 384 3956 si
400 3890 474 3974 quis
489 3890 533 3956 ad
549 3890 661 3957 studia
677 3892 787 3956 minus
802 3891 942 3955 idonens
958 3891 1192 3974 comperiatur,
1207 3893 1235 3957 si
1261 3861 1400 3955 misnam.

126 3997 172 4062 ad
186 3993 411 4060 sacerdotium
426 3992 587 4058 divinitus
603 4013 670 4058 non
686 3993 798 4057 vocari
814 3993 974 4072 videatur,
995 3995 1022 4058 sl
1038 4012 1149 4058 mores
1164 4013 1235 4058 cor·

127 4098 228 4184 rupti,
256 4097 309 4163 vel
339 4105 497 4162 constans
531 4097 675 4180 ignavia,
704 4097 757 4162 vel
789 4095 913 4161 ribellis
943 4097 976 4162 in
1009 4098 1236 4163 moderatores

129 4203 263 4270 animus
294 4208 485 4286 appareant
516 4236 560 4249 -
589 4217 619 4280 9.
650 4199 793 4264 Biennio
823 4211 901 4264 ante
931 4199 1086 4265 absoluta
1116 4201 1237 4281 studia,
1328 4219 1353 4274 φ

128 4307 369 4390 doctrinaeque
392 4302 631 4388 experimentis
658 4303 749 4386 prius
773 4301 906 4381 habitis,
929 4303 1056 4370 alumni
1071 4305 1113 4368 ad
1131 4324 1237 4368 sacer·
1263 4273 1411 4388 &3:2⁰8ssss

132 4411 264 4479 dotium
288 4407 382 4475 evehi
398 4415 564 4492 poterunt,
586 4407 615 4472 si
641 4408 783 4493 propriis
809 4425 925 4474 eorum
942 4407 1119 4494 Episcopis
1134 4428 1237 4493 expe·
