3230 4874
541 523 863 604 marnam:
899 521 1343 606 APOSTOLICAE

485 711 549 770 ns
574 709 852 771 Pnoanums
875 711 1106 771 srnrurrs
1129 709 1397 771 ssurunnrr
1458 626 1481 807 {l

530 869 583 926 ru
608 866 792 929 oanrno
815 867 1072 942 columnas,
1098 867 1354 929 moscssrs
1460 811 1485 933 ²ss]

612 1031 1069 1094 SANTANDERIENSIS
1094 1031 1280 1092 ERECTI.

386 1037 445 1260 Q

272 1407 302 1453 1⁶
582 1378 912 1444 EMPITERNAM
943 1379 1103 1445 dominici
1141 1381 1251 1464 gregis
1281 1380 1425 1446 salutern
1463 1392 1495 1447 et

220 1467 361 1575 Dfffiffi'
386 1377 573 1752 ΞΞῙΞ
602 1482 786 1567 spiritualia
817 1503 856 1546 ac
894 1484 1093 1567 temporalia
1124 1485 1194 1550 eius
1230 1487 1421 1562 commoda,
1451 1507 1494 1550 cx

602 1587 808 1650 demandato
824 1585 983 1652 divinitus
1007 1586 1116 1652 Nobis
1140 1586 1217 1651 licet
1240 1589 1494 1652 immerentibus

211 1677 365 1782 Afflss‘ss‘u'
536 1682 573 1752 i&
603 1689 821 1772 Apostolicae
833 1691 1001 1754 servitutis
1013 1690 1122 1755 officio
1134 1691 1192 1755 diu
1205 1702 1375 1774 noctuque
1389 1692 1493 1756 inten-

204 1795 365 1915 ffcrmlf
387 1798 514 1872 dentes,
540 1794 662 1871 omnia,
686 1814 773 1876 quae
798 1795 831 1858 in
858 1793 1008 1857 Domino
1033 1796 1076 1858 ad
1102 1795 1134 1858 id
1162 1793 1271 1860 iacere
1295 1796 1494 1870 noverimus,

212 1913 250 1958 dtr
290 1913 364 1982 copas
387 1899 504 1965 libenti
529 1898 642 1962 animo
670 1899 860 1981 probamus,
887 1907 920 1962 et
943 1918 1100 1980 suprema
1123 1901 1240 1982 quain
1257 1899 1413 1964 universa
1432 1899 1491 1962 Dei

212 1973 364 2078 Ζαῗοξῖἷῦἷιῖ
389 2004 540 2070 Ecclesia
552 2003 714 2086 pollemus
727 2002 926 2066 auctoritate
936 2001 1183 2080 confirmamus,
1193 2002 1387 2086 electosque
1399 2005 1492 2076 viros,

209 2091 285 2196 mr
312 2105 363 2136 Μ’·
387 2109 444 2190 qui
460 2108 585 2189 pietate
600 2116 634 2171 et
649 2106 830 2170 christiana
854 2106 993 2170 caritate
1009 2107 1085 2181 acti,
1100 2106 1220 2189 opibus
1244 2107 1312 2170 suis
1328 2107 1492 2181 salutaria,

332 2165 363 2194 SC-

211 2208 339 2314 mmm
388 2212 482 2277 utilia
498 2231 536 2274 ac
553 2209 709 2292 frugifera
724 2208 993 2274 christifidelibus
1009 2230 1111 2292 opera
1132 2209 1348 2287 instituerint,
1364 2210 1491 2292 publice

341 2302 347 2314 ’
387 2328 421 2382 et
437 2317 547 2399 palam
564 2316 656 2379 omni
672 2313 771 2377 laude
786 2313 916 2396 dignos,
926 2335 965 2378 ac
977 2313 1063 2378 bene
1076 2317 1117 2377 de
1130 2335 1165 2378 re
1181 2314 1344 2380 catholica
1359 2315 1490 2379 meritos

388 2421 501 2486 testari
517 2429 648 2502 gratum
667 2417 774 2482 Nobis
801 2427 853 2481 est
879 2427 912 2482 et
940 2418 1132 2482 iucundum.
1150 2418 1204 2483 De
1218 2419 1381 2482 acerrimo
1397 2415 1491 2492 bello,

386 2528 495 2607 deque
510 2523 619 2606 pravis
632 2521 810 2604 impiorum
823 2521 998 2586 hominum
1011 2523 1173 2605 sacrilega
1184 2523 1269 2586 inter
1284 2541 1320 2585 se
1336 2523 1492 2586 societate

387 2628 616 2693 devinctorum
633 2627 665 2688 in
683 2625 795 2688 Deum
819 2627 902 2689 etin
921 2624 1107 2690 Ecclesiam
1125 2625 1364 2702 molitionibus,
1380 2625 1489 2706 deplo-

387 2753 463 2797 rans
478 2729 705 2812 pientissimus
719 2731 769 2792 vir
784 2729 956 2822 Antpnius
974 2729 1088 2812 Lopez
1104 2737 1138 2794 et
1159 2729 1273 2812 Lopez
1290 2729 1439 2793 marchio
1452 2728 1490 2788 de

387 2831 555 2909 Comillas‚
567 2841 601 2896 et
612 2831 812 2896 existimans
829 2831 1005 2895 sacerdotii
1023 2831 1244 2896 ministerium
1261 2829 1294 2894 in
1312 2821 1485 2913 profligan·

385 2939 447 3002 dos
469 2954 603 3013 errores,
627 2933 660 2997 in
687 2933 884 2999 evertendas
906 2935 1031 2998 inimici
1057 2934 1202 2998 hominis
1228 2934 1484 2998 machinationes

386 3051 419 3104 et
450 3037 591 3113 fraudes,
621 3038 653 3099 in
681 3037 786 3100 civilis
811 3039 980 3102 societatis
1005 3035 1236 3100 informandos
1263 3055 1372 3100 mores
1397 3046 1429 3100 et
1455 3036 1483 3097 in

385 3143 640 3229 prosperitatem
659 3139 828 3205 Ecclesiae
844 3139 1022 3224 praecipue
1037 3159 1076 3204 ac
1093 3139 1305 3223 potissimum
1334 3139 1484 3214 conferre,

385 3259 422 3313 ut
449 3245 662 3331 quamplures
684 3244 786 3309 etiam
804 3243 930 3308 institui
949 3253 1085 3325 possent
1109 3243 1310 3318 sacerdotes,
1325 3244 1381 3325 qui
1398 3241 1481 3304 sanis

384 3351 552 3426 doctrinis,
568 3347 706 3432 pollenti
723 3348 926 3431 robustoque
945 3345 1066 3428 pabulo
1082 3345 1227 3420 enutriti,
1242 3343 1367 3409 viribus
1378 3343 1483 3416 validi,

384 3453 591 3536 egregiisque
621 3451 722 3514 armis
750 3450 900 3515 instructi
928 3447 1097 3532 religionis
1121 3465 1273 3510 caussam
1298 3445 1425 3510 fortiter
1444 3465 1478 3507 ac

384 3558 552 3640 sapienter
566 3563 712 3638 agerent,
737 3553 870 3636 suisque
887 3552 1105 3617 Antistitibus
1133 3549 1185 3613 vel
1212 3551 1364 3614 maximo
1380 3558 1481 3613 esseut

385 3660 512 3723 auxilio
528 3669 562 3722 et
577 3657 751 3740 praesidio,
767 3657 933 3737 optimum
951 3655 1025 3718 iniit
1052 3653 1228 3719 consilium
1244 3650 1439 3717 aedificandi
1452 3653 1480 3716 in
1595 3725 1596 3728 Ἴ

386 3765 489 3829 natali
505 3764 614 3846 gentis
630 3781 709 3826 suae
725 3761 860 3844 oppido,
876 3759 966 3844 quod
994 3760 1026 3822 in
1057 3758 1331 3824 Santanderiensi
1347 3756 1481 3822 dioecesi
1595 3739 1596 3808 ἶ

385 3868 532 3951 positum
557 3865 684 3946 vulgari
710 3864 845 3928 nomine
873 3862 1103 3934 <Comillasr>
1127 3861 1324 3944 appellatur,
1339 3861 1479 3944 amplum

384 3970 599 4035 seminarium
615 3969 654 4030 iis
667 3965 935 4032 adolescentibus
950 3964 1210 4029 ecclesiasticam
1228 3965 1381 4029 militiam
1398 3984 1482 4047 prae·

384 4072 588 4155 optantibus,
603 4070 753 4133 omnium
771 4078 805 4133 et
820 4068 1027 4151 singularum
1054 4068 1257 4133 dioecesium
1288 4069 1484 4151 Hispanien-

384 4176 471 4238 sium
496 4181 529 4236 et
553 4171 755 4236 dioecesium
771 4169 949 4235 Americae
964 4169 1045 4235 olim
1075 4170 1251 4253 Hispanae
1273 4170 1484 4252 excipiendis,

384 4277 512 4342 alendis
537 4285 571 4340 et
595 4276 637 4337 ad
661 4274 874 4340 humaniores
889 4273 1017 4339 litteras
1033 4273 1278 4357 severioresque
1294 4273 1482 4356 disciplinas

385 4379 584 4455 crudiendis
600 4378 656 4459 qui
681 4378 824 4460 impares
849 4377 915 4440 sint
941 4378 1083 4442 serendis
1110 4378 1268 4460 expensis
1295 4377 1328 4440 in
1345 4376 1482 4459 propriis
