3172 4874
397 425 447 474 nn
466 422 707 474 coummonu
725 420 920 473 orrmcuu.
1144 398 1213 488 187

105 597 220 662 mm..2
238 615 321 677 quat
326 565 496 674 fraudata
510 602 559 658 est
571 614 594 657 a
609 591 706 670 uobis,
715 593 837 656 tinniat
844 613 860 666 ,·
871 599 903 655 et
920 589 1164 654 clamoreornm
1181 588 1216 652 in
1282 605 1364 696 Mtpu

104 718 201 763 aures
210 699 351 764 Domini
361 697 506 764 Sabaoth
522 695 698 780 introivit(
714 697 737 780 ).
748 733 791 746 -
802 696 977 759 Postremo
993 693 1146 776 religiose
1161 713 1216 758 ca·
1281 707 1350 766 1891.

104 803 250 867 vendum
261 800 483 883 locupletibus
497 821 539 865 ne
551 801 804 882 proletariorum
815 799 1024 884 compendiis
1035 799 1215 882 quicquam
1237 817 1269 883 γ)
1290 823 1395 875 compen-

105 916 248 970 noceant
263 926 325 969 nec
351 905 393 983 vi,
410 925 470 970 nec
494 903 583 983 dolo,
599 924 660 968 nec
685 902 875 968 senebribus
892 903 1041 967 artibus:
1058 903 1160 986 idque
1175 923 1224 967 eo*
1242 879 1395 996 ffml‘ss'

102 1007 154 1074 vel
172 1008 279 1092 magis
296 1008 386 1092 quod
403 1027 471 1072 uon
494 1008 577 1072 satis
592 1007 638 1070 illi
655 1016 734 1071 sunt
748 1015 867 1072 contra
882 1005 1019 1071 iniurias
1035 1015 1138 1088 atque
1153 1007 1216 1070 im·
1242 998 1328 1046 md*

102 1113 289 1198 potentiam
308 1113 438 1190 muniti,
454 1132 636 1196 eorumque
662 1133 724 1190 res,
739 1131 807 1195 quo
833 1111 963 1190 exilior,
980 1111 1044 1175 hoc
1071 1109 1217 1173 sanctior

102 1217 267 1283 habenda
284 1217 349 1281 His
359 1217 605 1298 obtemperatio
628 1216 758 1299 legibus
779 1235 890 1281 nonne
906 1223 1019 1299 posset
1036 1215 1105 1278 vim
1123 1232 1218 1277 caus-

102 1342 224 1405 sasque
239 1320 369 1386 dissidii
385 1321 436 1386 vel
453 1320 525 1384 sola
541 1320 769 1402 restinguere?

149 1425 217 1492 Sed
244 1425 395 1490 Ecclesia
418 1433 543 1502 tamen,
560 1425 648 1490 IESU
675 1425 845 1491 CHRISTO
872 1423 1035 1506 magistro
1064 1430 1097 1486 et
1122 1422 1219 1500 duce,
1258 1461 1284 1518 b)
1299 1469 1395 1508 cm,

102 1532 315 1614 persequitur
342 1530 488 1595 maiora:
513 1528 668 1594 videlicet
694 1529 873 1612 perfectius
898 1527 1062 1610 quiddam
1090 1525 1217 1608 praeci·
1243 1531 1323 1640 22¹5
1335 1521 1396 1638 ij·

102 1623 239 1719 piendo,
266 1634 343 1700 illuc
368 1643 508 1718 spectat,
531 1642 568 1698 ut
595 1634 737 1698 alterum
762 1634 915 1698 ordinem
941 1631 1115 1696 vicinitate
1141 1649 1217 1711 pro·
1242 1640 1397 1747 52⁶2&ss

104 1740 201 1804 xima
226 1739 441 1822 amicitiaque
471 1736 566 1802 alteri
596 1737 789 1820 coniungat
817 1774 861 1786 -
892 1734 1086 1818 Intelligere
1116 1742 1219 1817 atque
1244 1775 1291 1820 que
1332 1761 1395 1806 mr.

104 1845 284 1910 aestimare
315 1843 469 1908 mortalia
499 1864 543 1907 ex
574 1842 714 1906 veritate
741 1862 808 1906 non
840 1859 1026 1924 possumus,
1057 1838 1121 1902 nisi
1150 1838 1218 1901 dis·
1245 1821 1396 1936 fff'cm'

105 1949 240 2031 pexerit
267 1947 400 2012 animus
424 1948 529 2011 vitam
557 1946 696 2011 alteram
722 1964 865 2028 eamque
889 1943 1218 2025 immortalemzqua
1240 1939 1398 2045 ffimf'w

104 2053 244 2136 quidem
276 2053 423 2134 dempta,
453 2051 614 2115 continuo
643 2049 752 2113 forma
783 2069 821 2112 ac
852 2069 930 2112 vera
961 2047 1056 2112 notio
1085 2045 1218 2110 honesti
1245 2068 1271 2127 α)
1291 2081 1397 2114 omnes:

104 2155 280 2234 interiret;
305 2156 411 2219 immo
435 2162 507 2219 tota
531 2153 614 2216 haec
638 2171 748 2217 rerum
776 2151 975 2216 universitas
999 2151 1033 2214 in
1059 2169 1217 2214 arcanum
1241 2129 1397 2254 pagini?

106 2259 217 2324 abiret
263 2257 345 2322 nulli
385 2257 566 2322 'hominum
611 2256 861 2338 investigationi
906 2255 1066 2338 pervium.
1099 2253 1220 2336 Igitur,
1240 2253 1362 2359 grim.

103 2363 196 2449 quod
226 2373 345 2426 natura
371 2362 445 2445 ipsa
469 2363 673 2426 admonente
697 2361 885 2439 didicimus,
901 2360 991 2424 idern
1018 2358 1146 2441 dogma
1169 2367 1220 2422 est
1246 2373 1324 2418 veram
1346 2387 1398 2418 suc-

103 2465 335 2545 christianum,
344 2485 412 2549 quo
421 2465 507 2530 ratio
517 2473 551 2530 et
564 2464 761 2529 constitutio
773 2474 845 2529 tota
856 2463 1025 2546 religionis
1043 2471 1219 2544 tamquam
1245 2445 1396 2550 {issmass'm

105 2569 331 2634 fundamento
351 2569 501 2652 principe
523 2567 649 2645 nititur,
660 2587 737 2632 cum
754 2587 799 2632 ex
808 2566 872 2631 hac
883 2566 953 2630 vita
964 2563 1220 2641 excesserimus,
1246 2551 1396 2682 §imm

104 2684 180 2737 tum
196 2692 274 2737 vere
290 2693 352 2736 nos
367 2692 440 2736 esse
455 2672 607 2737 victuros.
624 2670 745 2754 Neque
771 2670 860 2736 enim
878 2671 972 2736 Deus
987 2668 1160 2732 hominem
1176 2667 1220 2731 ad
1245 2635 1373 2740 acquaint-

105 2779 190 2842 haec
203 2776 334 2860 fragilia
350 2778 530 2854 etcaduca,
542 2776 601 2842 sed
624 2776 667 2841 ad
687 2775 844 2841 caelestia
855 2783 1104 2858 atqueaetema
1119 2793 1219 2857 gene·
1244 2743 1398 2847 mciii

105 2882 203 2960 ravit,
227 2891 418 2966 terramque
442 2881 540 2946 nobis
564 2891 602 2946 ut
628 2880 790 2945 exulandi
817 2881 937 2957 locum,
954 2899 1021 2944 non
1050 2888 1088 2943 ut
1104 2878 1218 2943 sedem
1245 2867 1396 2967 iffi?

104 2985 283 3051 habitandi
299 2985 402 3051 dedit.
420 2985 556 3050 Divitiis
572 2985 757 3068 ceterisque
774 2984 882 3062 rebus,
898 3003 984 3067 quae
1008 2982 1220 3065 appellantur
1241 2979 1368 3088 {gfff

105 3088 460 3168 bona,affluas‚careas,
470 3090 513 3154 ad
526 3098 697 3155 aeternam
710 3089 954 3153 beatitudinem
967 3086 1050 3150 nihil
1060 3088 1198 3150 interest
1213 3107 1220 3149 :
1256 3101 1284 3176 γ)
1298 3109 1396 3160 praser-

104 3197 396 3281 quemadmodum
407 3205 510 3274 utare,
526 3197 560 3260 id
577 3217 655 3261 vero
672 3195 822 3261 maxime
840 3196 987 3260 interest
1006 3193 1220 3258 Acerbitates
1245 3161 1396 3269 §2232ssss

106 3308 227 3385 varias,
249 3307 370 3390 quibus
393 3305 462 3378 vita
489 3306 639 3371 mortalis
664 3306 731 3370 fere
757 3306 960 3382 contexitur,
982 3281 1220 3368 lusthCHRI-
1241 3281 1399 3388 ᾅξωζξςυ

106 3425 199 3478 STUS
210 3410 334 3494 copiosa
347 3411 560 3494 redemptione
570 3430 630 3474 sua
643 3430 855 3494 nequaquam
873 3406 1017 3484 sustulit,
1029 3403 1088 3471 sed
1106 3406 1140 3468 in
1156 3404 1220 3466 vir·
1241 3403 1367 3508 {mitt

105 3525 219 3582 tutum
246 3514 474 3593 incitamenta,
490 3515 732 3597 materiamque
757 3516 843 3578 bene
872 3511 1022 3578 merendi
1046 3508 1220 3574 traduxit:

106 3621 155 3684 ita
184 3619 284 3703 plane
315 3629 352 3683 ut
377 3638 479 3684 nemo
504 3619 695 3684 mortalium
723 3628 824 3701 queat
849 3615 999 3700 praemia
1016 3614 1220 3696 sempiterna

106 3743 281 3804 capessere
297 3724 360 3787 nisi
376 3722 521 3788 cruentis
549 3724 637 3789 lusu
656 3721 814 3812 CHRISTI
836 3719 989 3802 vestigiis
1006 3719 1221 3801 Ingrediatur.

108 3827 154 3895 Si
167 3828 408 3907 sustinebimus,
423 3838 454 3892 et
473 3828 739 3913 conregnabimus
756 3827 805 3911 (²).
823 3825 1013 3891 Laboribus
1028 3824 1084 3889 ille
1100 3833 1133 3888 et
1148 3845 1222 3887 cru-

107 3929 252 3996 ciatibus
268 3943 388 4016 sponte
414 3933 588 4016 susceptis,
611 3931 817 3996 cruciatuum
846 3940 879 3994 et
903 3930 1055 3995 laborum
1084 3926 1221 3993 mirifice

108 4034 178 4097 vim
205 4035 387 4100 delenivit:
412 4055 474 4100 nec
501 4036 609 4100 solum
637 4033 806 4116 exemplo,
822 4034 880 4096 sed
904 4034 1012 4116 gratia
1028 4052 1088 4096 sua
1104 4051 1221 4116 perpe·

107 4149 254 4223 tuaeque
288 4139 450 4203 mercedis
479 4160 539 4222 spe
568 4139 750 4222 proposita,
780 4136 1027 4222 perpessionem
1066 4135 1220 4199 dolorum

108 4235 220 4305 effecit
251 4239 453 4304 faciliorem:
470 4239 510 4302 id
530 4239 628 4316 enim,
641 4237 730 4323 quod
753 4238 788 4304 in
795 4237 967 4322 praesenti
978 4247 1027 4302 est
1042 4245 1219 4301 momenta·

132 4475 162 4514 1.
179 4467 242 4520 lac..
254 4476 281 4520 v,
292 4479 314 4525 4.
327 4489 356 4499 -
367 4478 389 4512 a.
402 4465 433 4511 ΙΙ
445 4462 519 4518 Tin..
533 4473 561 4518 ιι,
576 4475 611 4509 ra.
