3250 4876
170 365 223 416 DE
241 365 460 416 PRAECIPUIS
479 366 616 417 ClVIUM
635 367 955 420 CHRISTIANORUM
973 367 1145 419 OFFICIIS.
1180 363 1223 435 17

114 559 183 623 que
213 539 311 608 Sedis
345 540 564 624 Apostolicae
593 542 664 625 regi
694 561 730 606 se
760 543 1005 625 gubernarique
1042 542 1222 625 patiantur.
1251 552 1396 650 Mffisffl

114 643 217 726 Quod
242 643 379 727 quidem
410 664 511 728 quam
539 646 583 709 sit
608 655 882 723 consentaneum,
897 645 1054 729 perfacile
1069 656 1223 731 ¹apparet.
1289 650 1358 709 1890-

112 741 205 807 Nam
235 761 322 826 quae
351 744 473 808 divinis
502 743 643 810 oraculis
659 745 881 819 continentur,
905 764 945 808 ea
969 745 1082 810 Deum
1098 747 1221 830 partim
1264 812 1267 822 ,

110 849 297 930 attingunt,
312 847 434 932 partim
450 849 561 932 ipsum
576 847 749 913 hominem
767 847 914 932 itemque
930 868 980 914 res
995 848 1039 914 ad
1049 849 1223 933 sempiter-
1247 817 1400 938 ᾇῗῖἷεμῖᾇῖ

113 971 196 1016 nam
211 951 358 1017 hominis
374 949 515 1018 salutem
533 953 745 1018 necessarias.
764 953 918 1016 Iamvero
932 952 976 1018 de
1002 963 1144 1037 utroque
1167 975 1226 1038 ge·
1250 943 1303 975 ''¹²''
1340 929 1400 988 ap,-

115 1073 205 1132 nere,
216 1054 375 1120 nimirum
390 1067 425 1121 et
440 1056 521 1140 quid
551 1056 686 1121 credere
716 1063 873 1138 oporteat
887 1065 922 1121 et
936 1055 1018 1140 quid
1047 1077 1158 1140 agere,
1182 1058 1226 1121 ab
1251 1047 1404 1166 ggffssjiffi

119 1155 271 1222 Ecclesia
286 1157 356 1222 iure
370 1159 486 1224 divino
500 1159 712 1242 praecipitur,
728 1159 776 1224 uti
791 1158 951 1236 diximus,
977 1169 1079 1244 atque
1104 1162 1138 1226 in
1163 1161 1227 1225 Ec·
1251 1168 1345 1213 stolicae·

118 1258 220 1323 clesia
235 1280 256 1323 a
272 1260 433 1326 Pontifice
449 1263 609 1327 maximo.
622 1259 851 1346 Quamobrem
869 1262 1015 1326 iudicare
1025 1283 1124 1346 posse
1140 1263 1228 1328 Pon-

119 1362 207 1427 tifex
222 1383 284 1447 pro
298 1366 497 1431 auctoritate
513 1366 614 1430 debet
630 1365 711 1448 quid
728 1364 861 1448 eloquia
891 1366 1006 1431 divina
1022 1369 1229 1446 contineant,

115 1485 297 1548 quaecum
313 1469 361 1532 eis
372 1469 856 1552 doctrinaeconcordent,quae
867 1469 1078 1553 discrepent:
1095 1472 1230 1536 eadem·

116 1589 185 1654 que
201 1571 329 1637 ratione
346 1575 522 1638 ostendere
537 1593 624 1658 quae
639 1573 782 1638 honesta
798 1573 877 1652 sint,
896 1594 984 1657 quae
1001 1576 1132 1660 turpia:
1148 1577 1230 1658 quid

114 1694 228 1760 agere,
243 1677 324 1761 quid
340 1677 463 1760 lugere,
478 1678 597 1743 salutis
613 1677 851 1760 adipiscendae
867 1697 993 1757 caussa,
1010 1699 1145 1744 necesse
1161 1681 1205 1745 sit
1223 1705 1231 1747 ε

114 1777 216 1844 aliter
230 1780 320 1845 enim
336 1800 398 1844 nec
407 1780 615 1866 eloquiorum
635 1780 701 1846 Dei
719 1791 830 1846 certus
842 1781 1014 1866 interpres,
1025 1803 1086 1846 nec
1102 1783 1175 1846 dux
1186 1783 1230 1846 ad

115 1881 301 1948 vivendum
311 1893 405 1949 tutus
417 1884 472 1949 ille
484 1905 557 1950 esse
566 1885 832 1968 hominiposset.

160 1985 277 2052 Altius
292 1999 464 2072 praeterea
479 1991 672 2055 intrandum
686 1991 718 2053 in
731 1989 903 2054 Ecclesiae
915 1999 1069 2055 naturam
1083 2015 1091 2054 :
1103 1991 1231 2073 quippe
1292 1996 1407 2050 Ecclesia,

118 2110 208 2175 quae
223 2111 291 2156 non
308 2100 359 2157 est
381 2093 647 2172 christianorum,
671 2103 708 2158 ut
731 2092 800 2158 lora
817 2092 905 2170 tulit,
920 2113 1011 2157 nexa
1026 2095 1230 2171 communio,
1246 2063 1407 2178 morgen:

115 2196 176 2260 sed
194 2194 373 2261 excellenti
400 2199 644 2280 temperatione
673 2196 834 2262 divinitus
864 2198 1050 2262 constituta
1076 2196 1228 2276 societas,
1254 2175 1407 2281 ,ww

116 2319 204 2382 quae
219 2297 297 2364 illuc
313 2310 404 2366 recta
427 2301 649 2385 proximeque
675 2309 815 2384 spectat,
842 2309 879 2366 ut
909 2318 1027 2382 pacem
1043 2301 1165 2364 animis
1188 2321 1227 2365 ac
1254 2293 1336 2340 ’Μ

121 2403 335 2469 sanctitatem
350 2402 487 2470 afferat:
502 2424 647 2489 cumque
662 2424 714 2469 res
740 2405 784 2468 ad
812 2403 846 2468 id
878 2404 1082 2468 necessarias
1112 2405 1227 2469 divino

123 2525 259 2572 munere
274 2508 347 2573 sola
356 2509 536 2592 possideat,
546 2517 654 2572 certas
670 2508 773 2573 habet
789 2506 890 2591 leges,
901 2516 994 2572 certa
1005 2505 1227 2592 officia,atque

117 2610 151 2675 in
166 2611 301 2695 populis
317 2612 505 2678 christianis
521 2613 736 2677 moderandis
753 2613 917 2677 rationem
944 2613 1102 2696 viamque
1117 2613 1227 2696 sequi·

115 2722 171 2780 tur
185 2726 326 2781 naturae
340 2732 421 2780 suae
431 2725 755 2782 consentaneam-
772 2716 841 2782 Sed
853 2716 1042 2781 istiusmodi
1055 2716 1227 2799 regiminis
1253 2713 1404 2772 Wlfflin

1273 2773 1386 2826 subditos,

114 2816 260 2882 difficilis
275 2829 326 2884 est
341 2829 375 2883 et
390 2839 466 2884 cum
482 2819 647 2903 frequenti
663 2817 850 2884 offensione
861 2838 987 2885 cursus.
997 2818 1124 2884 Gentes
1136 2819 1225 2883 enirn
1252 2832 1328 2902 cique
1346 2839 1404 2902 prp-

117 2921 272 2988 Ecclesia
297 2925 383 3006 regit
408 2943 468 3007 per
493 2934 632 2992 cunctos
648 2933 811 2988 terrarum
836 2932 963 2989 tractus
978 2923 1226 3000 disseminatas,
1249 2897 1407 3010 ζᾞῖοῗζὲἶ

116 3048 239 3111 genere
253 3026 446 3094 differentes
474 3029 697 3113 moribusque,
718 3048 812 3112 quas,
830 3047 907 3093 cum
931 3028 964 3092 in
990 3047 1052 3092 sua
1075 3047 1227 3111 quaeque
1251 3010 1405 3116 ζ’ζξωηύζξζ

116 3130 287 3215 republica
302 3132 371 3196 suis
387 3131 516 3216 legibus
531 3132 656 3210 vivant,
665 3131 754 3196 civili
769 3131 869 3196 simul
885 3151 924 3196 ac
940 3151 1054 3194 sacrae
1066 3131 1226 3214 potestati
1253 3135 1293 3176 ‘0³-

116 3234 262 3302 officium
278 3245 331 3300 est
345 3235 490 3301 subesse.
502 3233 600 3318 Quae
615 3233 724 3300 officia
734 3236 767 3299 in
780 3235 907 3299 eisdem
920 3235 1072 3318 personis
1087 3234 1226 3299 coniun-

115 3349 170 3406 cta
186 3339 405 3422 reperiuntur,
431 3357 498 3402 non
524 3357 603 3403 vero
630 3338 826 3421 pugnantia,
850 3339 900 3404 uti
926 3337 1087 3416 diximus,
1117 3354 1227 3418 neque

114 3444 266 3520 confusa,
275 3443 353 3528 quia
368 3442 510 3507 alterum
526 3462 633 3525 genus
645 3444 688 3507 ad
705 3443 962 3526 prosperitatem
979 3441 1125 3524 pertinet
1148 3439 1227 3504 civi-

113 3547 356 3625 tatis,alterum
370 3547 412 3612 ad
429 3567 609 3612 commune
627 3547 798 3610 Ecclesiae
812 3547 951 3623 bonum,
964 3557 1143 3627 utrumque
1167 3565 1226 3627 pa-

113 3652 253 3716 tiendae
262 3651 437 3716 hominum
450 3651 646 3736 perfectioni
657 3661 783 3715 natum.

159 3753 238 3840 Qua
254 3756 364 3840 posita
390 3756 511 3820 iurium
541 3766 576 3820 et
605 3753 790 3819 officiorum
818 3753 1064 3831 terminatione,
1087 3754 1228 3819 omnino
1291 3758 1403 3861 ‘asarota

112 3860 221 3942 liquet
236 3879 308 3924 esse
324 3857 444 3922 liberos
460 3860 503 3923 ad
520 3879 571 3922 res
587 3879 664 3922 suas
683 3859 848 3941 gerendas
864 3866 1009 3921 rectores
1025 3854 1200 3920 civitatum
1220 3879 1227 3920 :
1253 3829 1404 3946 'fv‘effa'funff'

113 3961 218 4046 idque
233 3982 300 4027 non
317 3962 420 4026 modo
436 3981 502 4025 non
519 3963 632 4038 invita,
647 3961 705 4025 sed
722 3961 824 4044 plane
849 3961 1031 4024 adiuvante
1048 3960 1201 4024 Ecclesia
1220 3983 1227 4024 :
1253 3937 1404 4065 122¹&ssss

115 4087 204 4152 quae
217 4067 378 4151 quoniam
395 4066 544 4129 maxime
559 4065 720 4148 praecipit
738 4075 775 4129 ut
789 4063 919 4128 colatur
939 4065 1058 4146 pietas,
1073 4083 1160 4146 quae
1176 4072 1228 4127 est
1248 4054 1364 4174 {m

115 4171 244 4235 iustitia
258 4171 418 4235 adversus
434 4169 557 4248 Deum,
578 4169 643 4232 hoc
671 4169 744 4251 ipso
770 4169 813 4232 ad
842 4166 1005 4232 iustitiam
1032 4175 1132 4232 vocat
1147 4187 1227 4250 erga
1356 4149 1361 4160 ¹

116 4274 292 4357 principes.
304 4273 432 4337 Verum
448 4272 548 4355 longe
565 4271 728 4335 nobiliore
744 4271 899 4336 instituto
909 4278 1062 4353 potestas
1075 4290 1170 4334 sacra
1186 4289 1227 4334 eo

116 4387 257 4460 spectat,
276 4388 313 4440 ut
337 4385 431 4458 regat
445 4377 619 4440 hominum
647 4376 778 4440 animos
793 4373 921 4440 tuendo
947 4395 1083 4459 regnum
1108 4375 1178 4438 Dei
1197 4385 1229 4440 et

179 4487 255 4534 Acta
269 4487 371 4536 Lsorus
387 4487 458 4532 xlll.
1050 4487 1091 4534 lv.
1105 4501 1164 4536 -2.
