3310 4868
441 367 492 415 DE
524 365 736 414 LlBERTATE
765 363 940 415 llUblANA.
1197 361 1245 433 97

151 567 295 615 novarum
311 550 415 616 libido
430 551 533 616 nimia
550 569 717 634 peperere.
729 583 773 596 -
785 549 853 615 Sed
863 550 1024 634 quoniam
1045 560 1124 614 sunt
1136 551 1247 634 plures

152 652 179 715 in
201 653 258 718 hac
278 655 437 738 opinione
451 656 649 738 pertinaces,
666 664 703 718 ut
727 674 786 718 eas
811 653 993 734 libertates,
1017 655 1050 718 in
1076 673 1117 720 eo
1144 655 1245 719 etiam
1290 641 1422 762 msa*

149 760 227 839 quod
243 761 413 825 continent
428 761 509 838 vitii,
523 775 694 824 summum
711 759 832 824 aetatis
845 769 981 824 nostrae
992 760 1094 824 decus
1110 769 1144 824 et
1168 778 1247 823 con·
1283 761 1414 885 mag

149 863 375 929 stituendarum
391 865 566 930 civitatum
591 865 849 928 fundamentum
874 866 1096 928 necessarium
1120 872 1249 946 putent,
1272 880 1409 938 opportuni-

150 966 191 1031 ita
218 979 260 1046 ut,
280 969 422 1034 sublatis
449 969 499 1046 iis,
520 968 704 1052 perfectam
741 967 1021 1050 gubernationem
1046 967 1248 1051 reipublicae
1274 953 1317 985 '⁰⁵'

149 1071 271 1151 cogitari
295 1093 395 1156 posse
423 1081 556 1156 negent,
587 1071 712 1136 idcirco
728 1073 869 1148 videtur,
892 1071 1026 1153 publica
1053 1072 1247 1136 Nobismet·

150 1172 220 1255 ipsis
240 1177 382 1241 utilitate
404 1177 586 1260 proposita,
601 1175 766 1239 eiusmodi
792 1185 1029 1258 argumentum
1053 1177 1248 1260 pertractari
1320 1209 1386 1246 pars

149 1282 312 1360 separatim
328 1293 497 1365 oportere.
523 1361 527 1366 Ι
1300 1269 1394 1306 aaran.

1295 1355 1406 1384 muneras

186 1383 385 1452 Libertatem
412 1385 569 1451 moralem
584 1395 676 1450 recta
702 1385 941 1469 persequimur,
953 1385 1024 1448 sive
1040 1385 1073 1448 in
1098 1385 1249 1467 personis
1282 1395 1421 1428 curuum

1289 1494 1302 1518 ο
1313 1482 1427 1526 Libertas

1288 1533 1411 1577 naturalia

144 1593 225 1656 iuvat
258 1595 385 1679 aliquid
407 1596 450 1659 de
475 1595 630 1660 libertate
669 1593 820 1658 naturali
843 1592 988 1657 breviter
1025 1593 1145 1670 dicere,
1169 1595 1249 1677 quia

144 1715 333 1782 quamquam
354 1719 374 1764 a
391 1699 508 1764 morali
524 1699 665 1764 omnino
681 1697 908 1779 distinguitur,
919 1695 994 1761 lons
1010 1707 1124 1762 tamen
1147 1709 1250 1781 atque

144 1802 330 1884 principium
357 1815 417 1882 est,
433 1804 523 1868 unde
549 1823 655 1886 genus
672 1823 773 1867 omne
800 1801 964 1866 libertatis
991 1823 1053 1866 sna
1067 1803 1099 1867 vi
1122 1823 1249 1886 suaque

143 1917 252 1984 sponte
263 1908 420 1972 nascitur.
439 1907 538 1972 Hanc
555 1907 692 1988 quidem
708 1907 862 1970 omnium
879 1905 1039 1970 iudicium
1066 1926 1251 1989 sensusque
1298 1920 1429 1990 laeenam

143 2012 330 2088 communis,
350 2033 438 2096 quae
460 2013 648 2076 certissima
664 2021 804 2074 naturae
830 2031 900 2074 vox
927 2020 988 2088 est,
1012 2011 1108 2074 iniis
1139 2010 1249 2076 solum
1296 1981 1406 2084 ἱζῖἷῖἷῗᾶ

147 2116 297 2195 agnoscit,
325 2116 383 2200 qui
410 2117 478 2180 sint
505 2115 748 2198 intelligentiae
776 2114 828 2177 vel
849 2115 990 2180 rationis
1015 2126 1199 2198 compotes,
1216 2117 1249 2180 in
1277 2099 1428 2217 qssfffffi

145 2233 239 2298 eaque
255 2219 329 2302 ipsa
344 2238 497 2284 caussam
515 2220 623 2282 inesse
639 2230 789 2300 apparet,
806 2237 865 2280 cur
879 2227 997 2282 auctor
1021 2238 1148 2295 eorum,
1164 2238 1251 2300 quae
1280 2231 1429 2334 lgm&

143 2319 233 2386 abeo
248 2333 404 2406 aguntur.
426 2323 598 2387 verissime
621 2322 785 2387 habeatur
801 2323 912 2387 homo
931 2322 976 2388 Et
989 2331 1078 2386 recte
1094 2323 1230 2405 quidem
1244 2357 1251 2397 :
1292 2335 1408 2394 famare

145 2441 214 2488 ”²¹1¹
229 2429 368 2509 quando
383 2428 484 2504 ceteri
501 2429 691 2492 animantes
707 2427 790 2491 solis
805 2428 975 2491 ducuntur
990 2427 1153 2504 sensibus,
1164 2425 1250 2490 solo·
1313 2395 1395 2446 '‘aa'’

143 2547 202 2608 que
215 2540 356 2596 naturae
371 2531 517 2615 impulsu
529 2531 707 2614 acquirunt
722 2551 810 2614 quae
825 2530 889 2593 sibi
903 2531 1040 2613 prosint,
1053 2529 1252 2613 fugiuntque

144 2637 309 2714 contraria,
332 2635 436 2700 homo
452 2637 588 2720 quidem
619 2635 653 2699 in
680 2634 820 2717 singulis
848 2635 937 2699 vitae
967 2634 1064 2698 lactis
1087 2633 1251 2698 rationem

144 2735 236 2802 habet
248 2740 379 2804 ducem.
399 2740 501 2804 Ratio
518 2748 641 2816 autem,
659 2757 894 2822 quaecumque
905 2737 1084 2802 vhabentur
1107 2739 1253 2800 interris

144 2837 231 2919 bona,
257 2843 374 2907 omnia
399 2853 432 2907 et
460 2841 591 2925 singula
607 2861 706 2923 posse
723 2841 849 2906 iudicat
874 2861 956 2918 esse,
979 2851 1013 2906 et
1029 2861 1136 2924 aeque
1156 2861 1255 2924 posse

144 2963 203 3006 non
219 2967 313 3011 esse:
331 2957 364 3011 et
380 2947 444 3011 hoc
457 2947 531 3030 ipso
547 2944 676 3009 nullum
702 2965 818 3009 eorum
843 2945 1026 3010 decernens
1042 2965 1115 3008 esse
1143 2964 1255 3008 neces-

145 3049 225 3114 sario
244 3053 461 3128 sumendum,
486 3059 690 3134 potestatem
708 3029 951 3132 optionemque
981 3049 1149 3114 voluntati
1176 3048 1257 3115 lacit

144 3161 176 3214 ut
193 3153 306 3239 eligat,
321 3156 413 3239 qnod
438 3153 613 3218 lubeat—
630 3153 698 3218 Sed
715 3152 754 3215 de
768 3153 998 3234 contingentia,
1014 3163 1050 3215 ut
1074 3151 1256 3234 appellant,

143 3279 252 3326 eorum
269 3262 448 3338 bonorum,
472 3279 560 3341 quae
585 3257 745 3334 diximus,
761 3256 806 3320 ob
821 3255 908 3320 hanc
924 3275 1077 3321 caussam
1109 3255 1256 3318 iudicare

145 3363 240 3429 homo
285 3373 409 3448 potest,
449 3363 540 3446 qnod
583 3361 734 3425 animum
773 3360 875 3425 habet
903 3370 1022 3425 natura
1058 3359 1255 3443 simplicem,
1280 3359 1432 3464 mm

145 3469 347 3548 spiritualem
376 3467 658 3550 cogitationisque
692 3465 911 3549 participem:
935 3464 993 3548 qui
1024 3463 1253 3546 idcircoquod
1288 3477 1424 3535 contingen·

146 3582 190 3633 est
205 3572 381 3650 eiusmodi,
397 3591 464 3635 non
489 3570 624 3635 arebus
649 3571 818 3652 corporeis
840 3569 933 3634 ducit
956 3568 1131 3652 originem,
1146 3587 1254 3649 neque
1277 3537 1433 3656 mim

146 3677 263 3754 pendet
288 3699 334 3741 ex
358 3678 406 3742 eis
436 3676 470 3739 in
506 3674 761 3739 conservatione
776 3675 850 3753 sui;
881 3674 950 3751 sed,
981 3673 1073 3736 nulla
1096 3693 1131 3736 re
1154 3675 1254 3736 intes.
1280 3657 1431 3760 rsslflnu'a'r'a.

148 3781 291 3856 cedente,
325 3782 540 3863 ingeneratus
570 3798 589 3840 a
614 3777 715 3855 .Deo,
752 3796 1035 3859 communemque
1076 3795 1253 3857 corporum
1277 3774 1431 3892 {lsc'ssm'ffl'

145 3887 366 3950 conditionem
394 3883 497 3965 longo
522 3881 698 3946 intervallo
722 3881 981 3965 transgrediens,
996 3900 1094 3945 suum
1121 3891 1156 3944 et
1179 3900 1253 3961 pro·
1295 3866 1419 3944 neurim,

146 3990 248 4068 prium
283 3989 384 4053 habet
410 3987 544 4052 vivendi
576 4007 693 4069 genus,
716 4007 814 4050 suurn
845 3986 969 4068 agendi
996 4010 1003 4049 :
1041 4005 1109 4067 quo
1134 3983 1171 4048 fit
1208 3992 1253 4060 ut,
1276 3958 1432 4071 {fir'ffl

147 4091 405 4157 immutabilibus
428 4111 467 4154 ac
487 4090 680 4155 necessariis
697 4091 765 4154 veri
777 4091 924 4173 bonique
934 4088 1120 4154 rationibus
1130 4088 1254 4151 iudicio

147 4197 400 4278 comprehensis,
422 4194 512 4258 bona
529 4194 585 4258 illa
608 4177 791 4275 singularia
807 4212 1020 4276 nequaquam
1045 4212 1118 4256 esse
1141 4211 1253 4256 neces·
1335 4225 1337 4232 2

149 4299 229 4364 saria
244 4301 365 4366 videat.
383 4299 503 4382 ltaque
523 4317 600 4362 cum
618 4298 749 4361 animos
764 4297 940 4362 hominurn
961 4307 1157 4379 segregatos
1182 4315 1254 4359 esse

151 4405 300 4468 statuitur
308 4404 353 4468 ab
377 4404 469 4467 omni
484 4403 699 4466 concretione
716 4402 849 4466 mortali
865 4401 1070 4485 eosdemque
1095 4401 1254 4466 facultate

237 4557 311 4604 Aera
322 4557 423 4604 Laome
435 4557 506 4604 xlll.
1076 4557 1121 4602 111.
1134 4569 1193 4614 -7.
