3250 4876
190 383 341 438 arrasa.
370 385 497 438 nrosr.
530 373 551 403 ‘¹
572 389 711 442 aarum
728 391 931 445 sncnnnuu
950 391 1152 445 orscrnmu.
1173 429 1194 458 „
1226 365 1296 466 2'97

188 563 363 642 laetamur,
389 581 618 648 magnamque
641 563 729 629 hanc
755 585 829 630 esse
854 565 1009 631 ducimus
1039 565 1184 645 laudem,
1207 569 1297 632 unde
1363 593 1475 640 raram

187 667 316 733 illustre
342 667 425 733 illud
450 667 666 734 scientiarum
694 668 901 734 domicilium
928 671 1153 735 accessionem
1170 672 1296 754 gloriae
1321 653 1473 770 ssffifflj

186 779 223 838 et
246 772 393 838 nominis
415 773 529 858 capiat
554 792 621 837 non
649 772 861 838 mediocrem.
879 773 936 838 Ex
958 774 997 837 iis
1013 775 1102 839 enirn
1118 794 1205 859 quae
1228 795 1295 840 non
1321 775 1370 876 §gt
1391 772 1473 818 iim·

186 877 290 944 semei
307 880 351 943 ad
367 877 455 942 hanc
472 877 707 961 Apostolicam
725 877 849 944 Sedern
866 887 945 942 sunt
960 878 1099 962 perlata,
1108 880 1189 945 satis
1204 900 1296 944 com·

186 995 319 1067 pertum
334 994 385 1048 est
401 983 630 1047 moderatores
645 991 680 1046 et
696 983 851 1047 doctores
866 981 1015 1047 eiusdem
1031 983 1199 1049 Athenaei
1215 984 1296 1049 assi-

186 1089 288 1154 duam
305 1087 510 1172 impendisse
525 1107 673 1171 operam,
683 1097 721 1152 ut
732 1086 922 1170 theologica
931 1087 1074 1152 facultas
1086 1109 1166 1171 prae
1178 1090 1296 1152 ceteris

184 1191 372 1278 proliceret,
387 1191 436 1257 uti
463 1211 524 1275 par
550 1200 631 1269 erat,
646 1210 736 1256 nunc
761 1211 839 1256 vero
853 1192 902 1255 ita
925 1211 998 1255 esse
1013 1195 1243 1269 constitutam,
1260 1203 1296 1258 ut

186 1297 370 1362 canonicae
400 1295 577 1360 erectionis
607 1295 769 1360 honorem
801 1295 982 1377 promereri
1013 1297 1175 1361 videatur.
1203 1295 1296 1380 Qua·

185 1409 323 1484 propter
358 1418 463 1482 quum
494 1419 515 1462 a
544 1398 670 1464 dilecto
707 1397 776 1462 filio
808 1397 934 1462 Nostro
975 1398 1106 1463 Iuliano
1136 1399 1295 1466 Floriano

187 1504 222 1571 S.
245 1505 285 1569 R
310 1504 348 1568 E.
371 1503 575 1586 Presbytero
598 1503 769 1569 Cardinali
793 1502 944 1586 Desprez
970 1525 1015 1568 ex
1043 1503 1295 1587 dispensatione
1362 1521 1472 1590 Rogana

186 1607 387 1693 Apostolica
401 1606 670 1690 Archiepiscopo
685 1605 858 1670 Tolosano
874 1609 941 1672 sint
969 1627 1083 1690 preces
1101 1608 1209 1673 Nobis
1236 1610 1293 1673 ad·
1318 1581 1472 1698 «bimi

188 1723 310 1791 motae,
321 1720 358 1777 ut
373 1710 575 1776 recentiores
586 1710 768 1776 Athenaeo
783 1713 1042 1778 constitutiones
1058 1712 1294 1778 confirmemus
1315 1705 1347 1755 θ’
1385 1699 1470 1760 “mli'‘

1319 1761 1372 1803 mat
1384 1759 1470 1818 jacul-

186 1828 220 1884 et
235 1837 335 1903 supra
350 1817 476 1883 dictam
493 1815 719 1900 theologicam
736 1815 931 1882 facultatem
944 1817 1164 1901 Apostolicae
1179 1829 1294 1882 aucto·
1319 1819 1469 1936 “fflssjf

185 1924 293 1988 ritatis
309 1921 494 1986 munimine
510 1919 714 1998 roboremus,
728 1928 764 1985 et
778 1921 894 2004 gratiis
910 1921 1159 2006 privilegiisque
1173 1923 1293 1986 hones·
1319 1935 1406 1981 stiam
1423 1951 1470 1982 m-

184 2037 304 2103 temus,
329 2045 417 2110 quae
441 2024 711 2090 institutionibus
736 2043 755 2088 a
781 2024 871 2090 Sede
887 2025 1088 2108 Apostolica
1115 2027 1295 2110 praecipue
1317 2001 1388 2041 “a'‘

185 2132 380 2218 approbatis
403 2128 633 2195 abundantius
664 2139 883 2208 reservantur,
905 2129 988 2206 Nos,
1010 2134 1190 2215 perrogatd
1220 2152 1293 2195 sen-

183 2239 290 2303 tentia
313 2236 436 2302 Sacrae
451 2234 734 2318 congregationis
758 2235 879 2299 studiis
906 2235 1074 2318 regundis,
1100 2234 1294 2299 huiusmodi

184 2344 272 2407 votis
287 2341 432 2423 benigne
446 2339 664 2405 adnuendum
681 2340 882 2406 censuimus.
900 2340 1041 2416 Idcirco,
1056 2360 1125 2424 quo
1147 2339 1293 2405 Nostrae

183 2465 263 2530 erga
277 2444 482 2522 fundatores,
498 2443 736 2520 moderatores,
750 2443 917 2521 doctores,
932 2463 993 2508 nec
1010 2463 1077 2506 non
1104 2441 1291 2506 studiosam

183 2545 733 2616 iuventutemTolosaniAthenaei
743 2546 900 2611 catholici
911 2545 1145 2611 benevolentia
1155 2546 1292 2628 cognita
1318 2589 1322 2596 -

183 2654 291 2738 magis
305 2673 345 2718 ac
360 2660 537 2737 perspecta
561 2651 614 2728 sit,
629 2670 747 2716 omnes
772 2661 806 2715 et
830 2652 980 2735 singulos
1005 2651 1127 2734 quibus
1145 2651 1290 2714 Nostrae
1359 2683 1468 2730 ΜΝ,-

182 2757 246 2824 hae
259 2757 392 2822 litterae
407 2754 522 2820 favent
537 2755 696 2839 peculiari
712 2755 934 2820 beneficentia
957 2756 1113 2840 prosequi
1128 2754 1291 2833 volentes,
1314 2742 1470 2862 Jffjussffjffg

181 2871 215 2927 et
239 2882 261 2927 a
287 2858 462 2944 quibusvis
487 2859 852 2924 excommunicationis
878 2869 912 2924 et
944 2859 1123 2937 interdicti,
1149 2859 1290 2944 aliisque
1316 2862 1397 2922 empse,

181 2965 415 3032 ecclesiasticis
429 2963 588 3041 censuris,
602 2967 779 3030 sententiis
794 2974 829 3030 et
844 2967 961 3049 poenis
977 2966 1098 3050 quovis
1115 2965 1226 3044 modo,
1239 2966 1291 3030 vel

180 3068 300 3152 quavis
315 3069 358 3132 de
373 3087 491 3132 caussa
502 3066 589 3146 latis,
601 3067 628 3130 si
641 3086 725 3150 quas
737 3067 823 3133 forte
833 3069 1040 3147 incurrerint,
1050 3068 1149 3132 huius
1159 3078 1291 3133 tantum

179 3173 227 3236 rei
242 3171 353 3254 gratia
366 3169 579 3235 absolventes
595 3179 630 3236 et
651 3171 825 3237 absolutos
843 3170 912 3236 fore
936 3179 1122 3250 censentes,
1136 3171 1180 3236 de
1195 3170 1290 3255 Apo·

179 3274 298 3341 stolica
325 3275 526 3340 auctoritate
542 3273 678 3354 Nostra,
693 3276 726 3340 vi
751 3277 977 3359 praesentium
1006 3277 1231 3353 concedimus,
1255 3286 1291 3340 ut

180 3379 358 3444 memorati
384 3379 554 3444 Athenaei
582 3379 850 3458 constitutiones,
877 3381 1065 3446 dummodo
1095 3381 1193 3445 iuxta
1220 3383 1290 3445 ani-

179 3483 429 3548 madversiones
443 3502 464 3546 a
480 3483 653 3567 praedicta
669 3483 703 3549 S.
720 3483 993 3568 Congregatione
1019 3486 1153 3550 additas
1177 3505 1291 3549 emen-

177 3587 311 3665 dentur,
327 3599 420 3652 ratac
443 3587 511 3651 siut
536 3595 573 3651 et
595 3585 823 3667 confirmatae,
837 3599 872 3653 et
895 3589 1078 3673 privilegiis
1106 3591 1173 3654 iam
1190 3599 1290 3654 antea

177 3691 346 3755 concessis
372 3691 536 3756 canonica
560 3691 684 3754 erectio
707 3691 920 3776 theologicae
945 3691 1114 3757 facultatis
1141 3694 1290 3760 accedat.

177 3795 302 3878 Itaque
325 3794 480 3860 volumus
507 3803 545 3859 ut
575 3796 701 3859 exinde
728 3795 900 3860 Tolosana
929 3795 1121 3880 theologica
1147 3795 1289 3860 facultas
1314 3841 1369 3874 cua
1408 3828 1466 3887 su„

174 3900 388 3966 academicos
419 3899 553 3982 gradus,
577 3898 853 3966 baccalaureatus
879 3901 1048 3979 nimirum,
1072 3901 1228 3966 licentiae
1255 3914 1289 3966 et
1318 3887 1461 3994 {2252}chss

173 4005 310 4069 laureae
336 4000 527 4077 doctoralis,
550 4023 595 4066 ex
621 4003 798 4087 privilegio
813 4003 1035 4088 Apostolicae
1060 4003 1159 4070 Sedis
1184 4018 1218 4071 et
1244 4007 1286 4069 ad
1312 4006 1411 4064 grauns,

173 4107 276 4174 Sedis
292 4106 396 4191 ipsius
423 4105 670 4188 beneplacitum
699 4107 761 4172 rite
784 4128 823 4171 ac
839 4107 950 4173 valide
966 4108 1116 4172 conferre
1131 4110 1238 4192 possit
1254 4119 1288 4174 et

169 4213 295 4292 valeat,
321 4213 438 4277 sedulo
464 4214 711 4298 diligenterque
738 4214 878 4278 servatis
905 4214 1225 4298 praescriptionibus
1248 4235 1287 4279 ac
1337 4273 1439 4320 senam

171 4317 308 4401 regulis,
319 4335 407 4400 quae
422 4316 455 4380 in
472 4317 608 4381 statutis
618 4317 842 4392 continentur,
852 4335 994 4399 quorum
1008 4316 1184 4399 exemplar
1195 4318 1285 4400 apud
1311 4332 1410 4378 seruus
1447 4349 1462 4378 a

172 4422 330 4487 eamdem
363 4419 395 4486 S.
428 4419 734 4504 Congregationem
774 4421 895 4483 studiis
933 4421 1091 4502 regundis
1129 4421 1286 4484 iussimus
1311 4391 1455 4510 {iim}
