3230 4874
306 431 357 483 DE
375 429 700 483 CONGREGATIONE
717 432 1136 489 aucto-Burtumcnun.
1205 441 1269 492 101

163 607 335 690 pendebat
347 607 453 673 rectio
463 625 531 672 non
541 606 650 671 solum
668 606 709 671 de
722 609 877 674 custodia
887 609 1058 694 legitimae
1070 611 1275 698 disciplinae,
1303 619 1441 713 §3325AE

164 732 281 777 verum
306 713 408 777 etiam
433 713 477 777 de
501 709 619 776 officiis
646 711 689 776 ad
715 713 903 779 animorum
928 717 1070 780 salutern
1087 718 1273 800 explendis.
1334 721 1402 780 1890·
1440 699 1445 711 ¹

164 815 222 884 Sic
238 815 409 882 enimvero
424 824 587 880 statuerat
604 813 637 881 S.
655 814 846 900 Gregorius,
862 817 1017 883 alumnos
1038 819 1275 888 Benedictinos

163 918 264 983 simul
280 917 452 1003 apostolos
467 917 566 982 simul
584 917 768 982 monachos
784 939 892 1003 agere,
913 929 950 984 ut
967 923 1169 986 monasteria
1190 931 1275 988 tam-

162 1041 266 1104 quam
283 1022 379 1087 sedes
394 1021 559 1106 quasdam
575 1020 786 1104 apostolatus
802 1023 987 1106 haberent;
1006 1025 1145 1090 abbates
1161 1038 1274 1090 autem
1309 1031 1312 1038 “

162 1126 433 1208 procurationem
458 1142 595 1190 omnem
622 1145 737 1208 gerere
763 1127 979 1193 ecclesiarum
1007 1148 1091 1212 quas
1119 1130 1277 1195 monachi

162 1227 393 1314 (nequeenim
408 1227 466 1293 alii
482 1247 542 1311 per
556 1247 614 1292 eas
630 1231 783 1314 regiones
799 1241 895 1295 erant
910 1231 1036 1316 clerici)
1050 1253 1111 1317 pro
1127 1232 1276 1299 fidelium

165 1333 411 1399 accessionibus
434 1341 547 1398 essent
570 1335 748 1400 condituri.
762 1371 807 1386 -
823 1335 880 1399 Ex
905 1355 946 1400 eo
973 1336 1084 1422 fiebat,
1100 1345 1138 1402 ut
1160 1357 1278 1422 quarn·
1312 1387 1454 1448 ΟΜΝ

165 1456 266 1521 quam
292 1436 449 1502 monachi
474 1455 533 1521 per
556 1437 671 1502 omnia
695 1439 874 1504 sacerdotii
902 1435 1017 1504 munia
1033 1441 1278 1506 studiosissime
1303 1450 1427 1494 monachos

164 1549 383 1620 versarentur,
395 1549 509 1607 tamen
526 1559 635 1606 rerum
652 1541 805 1607 omnium
822 1561 956 1608 summa
969 1551 1005 1609 et
1027 1543 1228 1628 gubernatio
1243 1547 1277 1611 in
1300 1505 1435 1624 mii?

164 1645 376 1711 monasteriis
406 1665 510 1729 penes
544 1644 686 1711 abbates
717 1646 925 1712 consisteret.
957 1646 1064 1712 Erant
1095 1649 1128 1712 in
1161 1647 1278 1733 insula,
1297 1625 1454 1746 Mansa*

162 1757 285 1814 octavo
300 1748 434 1814 saeculo
450 1749 597 1829 ineunte,
613 1750 818 1815 monasteria
833 1769 939 1833 eaque
956 1749 1069 1835 ampla
1084 1760 1184 1817 octo:
1200 1751 1278 1818 inde
1301 1743 1454 1852 {ffgjuffssgj

162 1851 410 1935 quaerebantur
425 1850 598 1937 Episcopi,
613 1853 671 1936 qui
688 1854 826 1937 quidem
843 1853 933 1937 apud
950 1854 1023 1938 ipsa
1039 1855 1279 1922 convenienter
1299 1868 1353 1924 its

161 1953 372 2032 habitabant,
381 1957 439 2020 sed
453 1957 585 2041 integra
600 1957 633 2020 in
650 1955 837 2022 monachos
854 1957 1082 2022 missionarios
1098 1957 1278 2025 abbatibus

165 2059 326 2126 manebat
341 2062 524 2127 auctoritas
535 2061 584 2146 (¹).
595 2061 673 2126 Tali
685 2060 885 2145 disciplinae
901 2063 1032 2128 ratione
1048 2062 1278 2148 congregatio
1301 2067 1304 2074 ’

163 2164 272 2249 magis
287 2153 446 2251 deinceps
462 2168 638 2250 magisque
655 2165 775 2244 floruit,
797 2174 836 2231 ut
850 2166 986 2230 saeculo
1009 2165 1129 2250 quinto
1145 2167 1278 2234 decimo
1365 2178 1453 2247 Qualis

160 2266 314 2333 abbatias
328 2268 553 2352 quadraginta
568 2267 663 2346 duas,
671 2268 845 2352 prioratus
858 2269 945 2334 duos
963 2277 997 2333 et
1012 2268 1132 2350 viginti
1146 2268 1278 2335 obtine·
1295 2237 1398 2350 mi
1410 2244 1456 2296 μ’

161 2380 235 2437 ret:
258 2380 361 2456 atque
386 2392 456 2438 uno
484 2381 716 2457 perpetuoque
745 2381 862 2438 tenore
892 2373 936 2436 ad
967 2371 1139 2437 excidium
1170 2392 1276 2457 usque

162 2483 298 2558 postero
312 2474 447 2541 saeculo
463 2473 595 2541 illatum
611 2476 845 2558 perseveravit.
861 2513 905 2524 -
922 2475 1077 2540 lamvero
1100 2495 1188 2561 quae
1215 2475 1276 2541 ibi·
1347 2489 1406 2536 raus
1415 2489 1453 2536 ur-

161 2579 240 2644 dem
254 2597 342 2644 nunc
358 2587 409 2645 est
426 2579 605 2659 sodalitas,
629 2580 748 2644 eadem
764 2580 904 2644 omnino
927 2579 1084 2644 habenda
1106 2589 1158 2647 est
1174 2589 1276 2666 atque
1301 2551 1453 2677 mma

160 2679 229 2760 illa,
243 2681 370 2767 quippe
384 2701 471 2766 quae
486 2703 507 2748 a
523 2682 691 2748 monacho
711 2693 862 2749 veterum
884 2683 1064 2767 superstite
1090 2683 1134 2748 sit
1149 2683 1276 2750 instau·
1296 2671 1382 2726 W·

161 2793 243 2863 rata,
258 2784 445 2871 eodemque
460 2785 625 2865 intendat,
639 2789 684 2853 ad
699 2785 917 2862 christianam
934 2785 1127 2872 Anglorurn
1143 2787 1275 2852 institu-

159 2888 308 2955 tionem:
335 2889 502 2974 siquidem
529 2891 620 2975 quod
647 2901 778 2957 veteres
803 2890 835 2956 in
861 2911 919 2957 eos
943 2891 1060 2972 secere,
1082 2891 1127 2957 ab
1141 2892 1276 2958 ethnica

160 2991 347 3076 ignominia
377 3002 411 3058 et
441 2992 679 3078 superstitione
716 2995 927 3074 deducendo,
942 2994 1020 3061 'boc
1050 2996 1129 3062 novi
1168 2995 1276 3062 lacere

161 3094 332 3176 insistunt,
346 3097 390 3163 ad
405 3097 608 3163 catholicam
625 3097 727 3164 fidem
744 3098 944 3165 reducendo.

208 3199 285 3264 Hac
300 3200 334 3264 in
350 3220 470 3265 caussa
478 3202 678 3267 'decessores
692 3200 820 3284 Nostri,
835 3201 982 3269 fautores
998 3203 1148 3271 ciusdem
1166 3204 1274 3271 Soda·
1310 3231 1451 3278 ramerus.

161 3301 266 3368 litatis
280 3303 489 3388 amplissimi,
505 3303 587 3370 nibil
612 3325 693 3370 sane
709 3305 778 3372 ullo
805 3316 957 3391 ternpore
972 3307 1192 3373 decreverunt
1206 3328 1275 3392 quo
1298 3291 1452 3396 {affl

162 3404 195 3471 in
212 3405 320 3491 ipsam
337 3407 441 3474 alium
458 3414 578 3474 natura
596 3411 736 3476 modum
751 3410 1005 3495 gubernationis
1021 3409 1107 3477 velle
1122 3409 1274 3476 videren·
1302 3407 1414 3516 {ms

162 3517 216 3575 tur
230 3509 407 3576 inducere:
429 3521 532 3596 atque
547 3512 653 3579 immo
676 3532 723 3579 ex
738 3513 812 3598 ipsa
836 3513 1088 3581 Constitutione
1103 3515 1276 3592 Plantata,
1306 3525 1375 3575 7111.

161 3613 219 3696 qui
234 3622 323 3680 recte
339 3615 540 3699 penitusque
557 3617 776 3702 inquisiverit,
790 3618 995 3685 contrarium
1018 3617 1181 3702 quiddam
1205 3638 1273 3684 non

160 3719 301 3785 obscure
316 3720 501 3802 apparebit.
511 3757 555 3772 -·-
568 3720 668 3804 Quod
684 3722 786 3801 eninr,
795 3723 983 3788 interdictis
995 3742 1054 3806 per
1066 3742 1107 3789 ea
1121 3733 1275 3808 tempora

162 3823 373 3888 monasteriis
390 3823 423 3888 in
441 3823 578 3908 Anglia,
593 3843 703 3910 neque
728 3827 912 3911 praepositi
939 3826 1075 3910 quidem
1094 3827 1275 3892 monacho·

160 3943 235 3989 rum
251 3933 407 4008 poterant
422 3925 469 3992 rbi
484 3947 567 4008 esse,
583 3949 726 4014 quorum
742 3929 918 4015 vigilantia
933 3929 1147 4015 consiliisque
1169 3929 1275 3996 Bene·

159 4025 279 4093 dictini
309 4029 520 4111 missionarii‚
551 4043 587 4098 ut
616 4033 805 4118 oportebat,
838 4044 1040 4117 regerentur,
1069 4034 1194 4101 idcirco
1231 4034 1276 4099 ab

164 4129 305 4197 Urbano
319 4141 456 4198 cautum
472 4144 533 4214 est,
545 4145 584 4202 ut
598 4135 669 4201 bini
685 4135 719 4201 in
736 4156 810 4202 eam
826 4156 941 4202 curarn
957 4138 1125 4222 designati
1141 4139 1275 4223 provin·

162 4236 262 4302 ciales
277 4237 518 4308 incumberent.
540 4241 580 4307 ld
595 4251 721 4323 autern,
736 4262 803 4308 non
821 4242 864 4307 ad
887 4243 1148 4328 perpetuitatem
1172 4243 1274 4312 luisse

162 4343 298 4424 lactum,
322 4345 383 4412 sed
406 4367 465 4431 per
491 4349 729 4434 exceptionem
755 4349 957 4429 dilatoriam,
978 4351 1097 4416 tandiu
1120 4350 1275 4419 videlicet

193 4490 214 4525 1.
233 4477 359 4534 Mabillon‚
372 4481 468 4531 Annal.
481 4483 602 4540 benedict,
615 4498 653 4533 an.
667 4453 774 4547 731·qu
