3230 4874
185 373 236 423 oa
255 372 437 426 svnvums
457 373 659 425 senrnnnn
678 373 864 426 conruens
884 374 1111 428 vaoenums.
1163 375 1230 446 133

123 539 274 624 superius
289 541 323 606 in
338 541 391 606 his
407 541 525 608 iisdem
553 543 672 608 litteris
699 544 859 626 inscripta
874 552 961 623 sunt,
977 552 1071 608 motu
1087 544 1234 628 proprio,
1266 551 1400 655 Mggm

122 654 213 709 certa
239 644 379 710 scientia
402 654 435 712 et
464 655 594 710 matura
618 645 858 711 deliberatione
883 646 1009 711 Nostra
1025 646 1058 711 in
1075 647 1231 711 omnibus
1296 663 1362 721 roera
1399 641 1407 655 '

120 758 196 814 rata
220 749 393 828 habemus,
419 752 600 834 probamus
631 761 664 815 et
695 771 850 834 suprema
880 751 1080 816 auctoritate
1106 751 1232 816 Nostra

119 851 304 930 firmamus,
314 853 483 918 sancimus
495 863 528 918 et
539 853 775 918 inviolabiliter
789 855 912 918 servari
929 855 1093 931 volumus,
1102 855 1231 919 omnia-

117 976 187 1040 que
213 956 527 1022 eidem-seminario
554 957 624 1022 iura
649 969 682 1023 et
710 957 886 1022 facultates
913 957 1035 1042 quibus
1059 969 1169 1024 cetera
1197 957 1230 1020 in

120 1059 298 1142 Hispaniis
314 1061 474 1126 canonice
489 1062 643 1126 instituta
658 1063 845 1142 seminaria,
868 1083 913 1126 ex
936 1061 1015 1141 iure,
1030 1062 1082 1127 vel
1098 1062 1232 1145 privile-

118 1164 187 1247 gio,
203 1174 261 1230 aut
276 1168 518 1232 consuetudine
544 1176 683 1231 utuntur
698 1165 860 1246 fruuntur,
881 1165 1079 1232 auctoritate
1105 1165 1229 1231 Nostra

116 1269 239 1332 harum
256 1268 440 1334 litterarum
457 1271 489 1336 vi
505 1272 720 1336 concedimus
747 1281 850 1354 atque
865 1270 1075 1354 impertimus
1090 1294 1097 1335 ε
1114 1291 1229 1354 supra-

116 1371 248 1436 dictum
273 1381 386 1436 autem
411 1374 626 1438 seminarium
654 1393 674 1438 a
703 1373 737 1440 S.
752 1373 905 1440 Antonio
923 1375 1085 1438 Patavino
1106 1373 1139 1438 in
1157 1373 1227 1436 No-

115 1483 225 1538 strum
249 1483 283 1539 et
309 1493 538 1541 successorum
564 1477 764 1541 Nostrorum
796 1495 1008 1541 romanorum
1027 1474 1227 1540 Pontificum

113 1577 306 1644 dominium
333 1599 392 1661 per
422 1589 613 1663 praesentes
644 1579 772 1645 litteras
798 1581 991 1662 accipimus,
1017 1579 1166 1662 itemque
1192 1579 1225 1641 in

114 1679 258 1744 tutelam
289 1702 329 1746 ac
365 1682 587 1766 patrocinium
625 1704 685 1766 per
717 1683 953 1766 Apostolicum
983 1681 1017 1746 in
1052 1681 1226 1765 Hispaniis

114 1781 266 1848 Sanctae
292 1784 390 1850 Sedis
416 1785 581 1850 Nuntium
612 1788 838 1851 exercendum
869 1788 1008 1852 omnino
1039 1786 1224 1869 recipimus.

112 1887 273 1970 Denique
298 1889 474 1953 memorati
503 1889 672 1953 seminarii
699 1891 911 1970 moderatori,
941 1889 1223 1974 praeceptoribus,

113 1989 272 2068 alumnis,
287 1990 473 2076 ceterisque
487 1991 596 2057 eidem
614 1992 768 2056 instituto
788 1993 941 2071 addictis,
956 2013 1017 2057 nec
1034 2012 1101 2057 non
1117 1992 1224 2056 omni-

112 2093 179 2158 bus
200 2091 364 2158 scdelibus
390 2095 448 2178 qui
468 2096 523 2160 die
549 2093 635 2159 sesto
663 2094 779 2160 Sancti
802 2095 944 2161 Antonii
970 2095 1122 2160 Patavini
1148 2115 1224 2158 vere

111 2195 328 2277 poenitentes
343 2207 377 2263 et
396 2197 550 2275 confessi,
565 2217 604 2262 ac
629 2217 653 2262 s.
669 2199 906 2264 communione
929 2196 1042 2263 resecti
1065 2197 1223 2261 sacellum

112 2299 255 2363 huiusce
271 2301 438 2366 seminarii
454 2321 475 2365 a
490 2302 606 2385 primis
622 2302 767 2384 vesperis
784 2302 947 2384 usquead
964 2320 1119 2365 occasum
1144 2301 1223 2364 solis

111 2401 184 2465 diei
215 2401 405 2469 huiusmodi
429 2404 569 2487 singulis
594 2405 690 2467 annis
715 2405 769 2487 pie
796 2403 1002 2468 visitaverint
1029 2411 1063 2467 et
1089 2401 1135 2464 ibi
1163 2420 1224 2483 pro

109 2504 371 2572 christianorum
389 2507 581 2590 Principum
598 2507 786 2584 concordia,
796 2507 972 2571 haeresum
988 2505 1223 2587 extirpatione,

110 2618 328 2692 peccatorum
345 2610 571 2688 conversione,
586 2629 625 2674 ac
642 2609 674 2674 S.
692 2609 812 2674 Matris
830 2609 1000 2674 Ecclesiae
1016 2607 1223 2672 exaltatione

111 2710 189 2794 pias
205 2712 248 2776 ad
264 2713 376 2778 Deum
393 2735 507 2798 preces
523 2713 712 2792 effuderint,
727 2714 911 2796 plenariam
937 2712 1088 2776 omnium
1105 2731 1222 2796 pecca-

110 2823 226 2880 torum
242 2835 379 2882 suorum
395 2817 639 2901 indulgentiam
664 2825 698 2882 et
720 2816 950 2882 remissionem
967 2816 1223 2882 misericorditer

111 2919 149 2982 in
168 2919 318 2984 Domino
338 2923 508 3004 perpetuis
526 2920 644 2986 suturis
671 2919 878 3005 temporibus
893 2920 1118 2984 concedimus.
1141 2917 1220 2984 Non

111 3021 338 3102 obstantibus,
367 3024 445 3089 licet
474 3025 609 3108 speciali
643 3034 745 3108 atque
777 3024 950 3089 individua
980 3024 1151 3088 mentione
1181 3041 1221 3086 ac

110 3126 333 3208 derogatione
355 3129 475 3212 dignis,
499 3130 533 3194 in
559 3129 763 3193 contrarium
781 3127 980 3193 iacientibus
1007 3127 1220 3210 quibuscum-

110 3248 191 3312 que.
207 3229 302 3296 Haec
318 3231 496 3297 statuimus
518 3242 552 3297 et
569 3235 802 3298 concedimus:
819 3240 996 3314 propterea
1011 3229 1220 3294 decernimus

111 3331 176 3396 bas
191 3332 318 3399 litteras
334 3335 476 3400 Nostrae
492 3336 614 3415 firmas,
630 3348 727 3417 ratas,
743 3335 892 3401 efficaces
909 3338 957 3401 uti
973 3344 1052 3401 sunt
1063 3335 1097 3398 in
1110 3341 1222 3418 poste·

112 3455 188 3500 rum
211 3455 454 3518 permansuras,
475 3449 577 3522 atque
600 3440 729 3504 irritum
756 3448 791 3503 et
815 3441 914 3504 inane
943 3458 1016 3503 esse
1042 3439 1070 3501 si
1093 3436 1174 3520 quid
1202 3454 1223 3499 a

112 3559 284 3624 quoquam
301 3553 417 3608 contra
431 3563 490 3608 eas
504 3545 682 3628 contigerit
698 3545 865 3610 attentari.

158 3644 287 3711 Datum
320 3647 451 3730 Romae
474 3648 564 3731 apud
591 3649 625 3714 S.
651 3651 786 3712 Petrum
817 3650 880 3713 sub
909 3646 1012 3712 anulo
1043 3644 1222 3710 Piscatoris

111 3750 169 3814 die
197 3751 235 3814 16
250 3751 448 3816 Decembris
467 3755 559 3832 1890,
587 3751 805 3817 Pontificatus
830 3751 946 3817 Nostri
971 3769 1062 3814 anno
1088 3749 1222 3814 decimo

111 3853 190 3918 terti
214 3901 222 3920 .

192 3874 213 3919 0
549 3967 597 4031 M.
621 3965 735 4032 Cnnn.
760 3963 1136 4033 LEDOCHOWSKI.
