3250 4876
350 339 423 412 312
704 350 825 406 INDEX
852 353 1099 407 ANALYTICUS.

1153 561 1161 576 ‚
1289 563 1296 576 ,
1377 511 1462 575 ‚Pto

417 555 584 615 adhortatur
605 573 678 628 7
702 564 729 619 Α
754 579 811 636 quo
836 564 1059 636 gubernaculum
1084 563 1161 619 Petri
1186 574 1319 634 suscepit,
1332 575 1385 620 etn

416 641 543 698 omniurn
567 659 665 702 curam
678 663 779 718 gerens
795 649 954 712 nationum,
973 647 1101 704 italicum
1125 657 1222 704 tamen
1247 648 1384 718 populum

415 720 508 789 magis
531 721 679 793 amplexus
712 735 765 796 est,
790 737 890 800 utpote
928 724 1067 784 Ecclesiae
1091 735 1229 796 centrum,
1252 725 1387 796 Patrique

415 798 579 858 christianae
608 802 724 860 familiae
753 807 1003 877 proximum8.-
1018 807 1201 880 Quamquam
1222 817 1253 862 ut
1271 805 1388 863 deficiat

414 877 452 934 ab
464 879 622 938 hereditate
631 882 698 940 fidei
710 885 877 942 calamitose
886 896 1012 956 vexatur,
1025 884 1185 958 praesertim
1208 887 1301 942 Roma
1309 883 1385 940 Petri

415 957 508 1027 sedes,
520 961 605 1016 sectis
617 962 759 1022 diabolice
779 964 937 1022 furenfibus
954 966 1021 1022 8.-
990 964 1171 1037 -Queritur
1182 982 1300 1036 gregem
1312 966 1386 1037 peri·

415 1037 570 1110 clitantem,
583 1058 712 1114 seseque,
724 1059 761 1099 ne
773 1044 829 1115 ipsr
821 1044 1001 1114 ⁸,medeatur
1016 1045 1203 1104 constrictum
1216 1046 1241 1102 8.
1253 1074 1290 1086 -
1300 1046 1385 1101 Adsit

417 1117 543 1188 proinB.
552 1119 585 1176 V.
598 1120 801 1179 Orentomnes
814 1123 1038 1182 bonicoelestem
1048 1124 1204 1180 Dominam
1206 1143 1275 1198 ,pro
1296 1123 1388 1180 fratri-

418 1198 473 1252 bus
496 1198 664 1266 errantibus,
676 1231 709 1242 -
723 1219 776 1272 pro
790 1203 928 1261 Pontifice
952 1220 1093 1276 oppresso
1106 1219 1181 1276 9
1201 1205 1258 1260 Tot
1276 1203 1389 1275 abipsa

419 1277 500 1332 relati
519 1277 655 1351 triumphi
667 1281 923 1354 renovabuntur,'
901 1301 925 1340 su
937 1283 1057 1355 antiqua
1074 1283 1131 1340 ad'
1124 1301 1218 1356 ipsam
1240 1283 1387 1340 reviviscat

418 1355 512 1428 pietas
532 1373 604 1427 o·
629 1359 724 1430 Quare
745 1363 894 1432 augendus
916 1363 1048 1436 ejusdem
1069 1363 1133 1422 festi
1156 1364 1227 1420 ntus
1247 1378 1322 1433 9
1286 1363 1388 1420 -Ad

417 1453 547 1494 mensem
572 1438 706 1495 Octobris
724 1441 865 1498 accedant
891 1443 955 1500 Itali
977 1443 1086 1500 fervido
1105 1443 1201 1514 corde,
1221 1443 1389 1536 prenitentia

417 1517 591 1586 mundato,
583 1535 643 1574 rmo
664 1519 720 1576 lide
742 1519 897 1594 intrepida,
920 1523 958 1580 ab
978 1523 1056 1580 omni
1081 1525 1207 1580 humano
1231 1524 1334 1580 timore
1357 1525 1388 1582 li

416 1597 486 1652 bera
497 1610 571 1665 9·1o.
584 1627 616 1638 -
629 1598 757 1655 Recedat
779 1599 873 1672 proin,
887 1601 999 1658 funeste
1022 1619 1149 1673 serpens,
1161 1601 1274 1660 animus
1294 1603 1332 1658 ad
1343 1618 1389 1658 res

417 1675 1136 1746 religiosasindifferens10.-CurentPraesulesut
1158 1681 1260 1754 sopitae
1278 1693 1388 1740 mentes

417 1756 583 1828 elanguere
603 1759 781 1816 excutiantur
796 1775 836 1817 ιο.
847 1792 883 1802 -
897 1762 1004 1818 Fausta
1016 1761 1109 1818 futura
1121 1779 1139 1818 a
1161 1763 1289 1835 Deipara
1306 1779 1388 1835 expe·

417 1847 507 1907 ctans,
521 1837 652 1895 Pontifex
664 1838 895 1898 benedictionem
909 1841 1099 1914 apostolicam
1118 1843 1244 1914 impertit
1260 1858 1299 1898 ιο.

382 1955 412 2007 5.
427 1955 633 2008 urrunnu
647 1957 926 2012 APOSTOLICAE
939 1961 981 2012 do
991 1961 1210 2025 indulgentiis
1218 1961 1388 2012 occasione
1620 1983 1621 2052 p

346 2035 557 2088 neerdotalis
572 2035 702 2098 jubilaei
712 2037 919 2090 sanctissimi
931 2039 1055 2092 Domin
1065 2041 1075 2091 i
1086 2040 1199 2091 Nostri
1207 2038 1386 2091 lucrandis

348 2114 416 2163 -1
442 2115 583 2168 octobris
608 2116 688 2167 1887
1433 2129 1463 2169 ιι

454 2211 623 2282 Gregemde
631 2212 756 2270 instante
768 2214 950 2272 solemnitate
960 2217 1134 2286 gestientem
1142 2214 1240 2270 laudat
1249 2215 1388 2284 Pontifex,
1622 2199 1623 2254 i

421 2291 542 2364 Deoque
553 2292 639 2364 refert
652 2309 683 2348 se
696 2293 800 2349 solanti
813 2294 921 2364 gratias
935 2309 1013 2352 11.-
1026 2297 1098 2366 Quae
1111 2293 1265 2352 Festivitas
1287 2294 1389 2364 Patris,
1623 2307 1624 2374 i

420 2381 450 2428 ut
473 2369 589 2428 familia
613 2371 778 2428 coelestibus
797 2371 943 2429 favoribus
966 2373 1066 2445 prosit,
1090 2373 1223 2430 omnibns
1257 2373 1389 2430 fidelibus

419 2467 538 2522 corpore
556 2451 594 2506 ad
606 2467 638 2506 se
650 2452 785 2521 venturis,
798 2469 910 2508 necnon
931 2461 1027 2510 mente
1041 2452 1080 2508 ad
1092 2470 1124 2508 se
1137 2454 1174 2510 de
1185 2454 1270 2522 longe
1283 2469 1387 2508 conro-

419 2531 552 2600 lantibus,
566 2531 652 2587 modo
665 2549 716 2604 per
726 2531 928 2590 novendialem
938 2533 1178 2605 supplicationem
1185 2533 1301 2605 jubilaeo
1323 2549 1388 2590 sese

419 2613 692 2684 conjunganasemel
703 2612 746 2668 uel
755 2612 870 2683 pluries,
880 2611 973 2669 solitis
982 2613 1195 2670 conditionibus
1203 2611 1391 2680 satisfaciant,

421 2691 549 2748 debitum
570 2689 722 2746 ecclesiam
740 2689 864 2761 visitent,
883 2691 1041 2763 plenariam
1063 2689 1270 2762 indulgentiam
1290 2707 1389 2748 conse·

421 2770 565 2842 quendam
577 2768 709 2826 concedit
721 2787 728 2836 3
741 2769 867 2842 insuper,
875 2789 927 2842 pro
940 2771 1041 2844 quovis
1060 2769 1240 2829 novendialis
1250 2771 1391 2842 supplica·

422 2849 508 2908 tionis
528 2850 584 2918 die,
604 2859 794 2907 trecentorum
818 2851 929 2907 dierum
954 2852 1171 2924 indulgentiam,
1184 2882 1219 2893 -
1240 2862 1390 2922 utramque

422 2930 571 2986 animabus
584 2929 782 2986 defunctorum
794 2929 996 3001 applicabilem
1012 2947 1053 2988 ra.

386 3051 416 3104 8.
438 3048 680 3102 ALLOCUTIO
699 3051 742 3102 ad
763 3051 940 3181 operarios·
946 3053 1082 3182 Ι381108
1082 3054 1226 3105 Romam
1247 3051 1392 3116 peregri-

351 3134 534 3182 nantes-
556 3129 592 3181 18
612 3129 754 3181 octobris
775 3129 890 3182 1887
1088 3167 1106 3181 ..
1288 3165 1319 3180 ...
1434 3139 1469 3194 ¹3

459 3224 589 3282 Pontifex
607 3225 754 3282 sodalibus
775 3224 945 3282 societatum
966 3226 1166 3298 operariorum
1187 3225 1344 3295 gratulatur
1355 3223 1393 3280 de

424 3304 564 3377 frequenti
580 3319 727 3374 concursu,
739 3304 835 3376 deque
856 3305 916 3361 zelo
941 3321 993 3377 pro
1009 3305 1216 3362 instauratione
1238 3303 1337 3360 sociali
1352 3317 1363 3358 ι
1367 3318 1391 3372 a

425 3416 461 3428 -
474 3384 605 3440 Ecclesia
622 3397 736 3455 semper
746 3382 865 3455 opifices
874 3383 1006 3440 doctrina
1018 3384 1119 3452 evexit,
1134 3399 1184 3438 eos
1196 3399 1215 3438 a
1227 3381 1392 3454 potentiori·

425 3466 479 3521 bus
492 3472 597 3534 tutans,
606 3463 739 3534 olimque,
748 3463 818 3520 dum
839 3462 902 3534 ipsa
925 3461 1015 3520 libera
1028 3464 1206 3531 audiebatur,
1218 3461 1393 3530 muneribus,

424 3542 535 3617 juribus
542 3541 619 3599 auxit
640 3557 679 3608 ιι,
691 3571 725 3583 ·-
740 3543 813 3614 Quae
822 3541 894 3612 jura,
904 3542 1019 3613 publica
1038 3542 1102 3612 lege
1123 3541 1243 3610 sancita,
1255 3539 1394 3608 nonnihil,

426 3633 546 3696 urgente
569 3622 726 3694 praesertim
745 3621 880 3694 periculo,
889 3621 928 3678 ad
951 3637 1051 3678 eorum
1063 3621 1171 3678 bonum
1188 3620 1338 3676 conferunt
1354 3637 1393 3687 ιι.

425 3739 462 3750 -
475 3704 586 3762 Eadem
606 3718 689 3772 nuuc,
711 3718 762 3773 pro
786 3701 902 3770 viribus,
928 3699 1110 3774 prosequitur
1133 3700 1283 3768 Ecclesia;
1308 3711 1394 3772 atque

425 3787 487 3859 ipse
501 3781 631 3840 Pontifex
642 3782 681 3837 ad
692 3783 745 3838 has
763 3797 846 3837 curas
868 3797 932 3836 sese
950 3797 1008 3838 non
1020 3781 1132 3837 destitit
1149 3779 1287 3850 conferre,
1300 3780 1394 3836 confe-

426 3876 526 3938 retque
546 3880 578 3919 se
600 3878 713 3933 semper
737 3875 776 3928 14
791 3891 825 3901 -
839 3860 967 3918 caveant
984 3858 1135 3931 operariia
1153 3858 1227 3930 lupis
1240 3859 1315 3930 pelle
1327 3858 1393 3914 ovili

334 3965 339 3976 ·
425 3943 572 4012 contectis,
587 3943 651 3998 Deo
659 3951 688 3997 et
698 3939 837 3997 Ecclesiae
850 3939 898 3994 lidi
908 3938 1089 3996 adhaerentes
1090 3937 1279 4010 ,Apostolica
1308 3937 1393 3993 bene·

425 4023 551 4081 dictione
563 4020 665 4076 muniti
681 4032 721 4089 ις.

389 4136 419 4187 7.
442 4130 680 4184 ALLOCUTIO
701 4129 744 4181 ad
757 4129 787 4179 S.
805 4130 844 4178 R.
860 4129 898 4178 E.
914 4128 1110 4180 cardinales
1123 4129 1163 4178 de
1175 4127 1321 4178 instante
1333 4125 1394 4189 lu-

354 4221 450 4271 bllaoo
462 4230 501 4268 ac
514 4217 554 4266 de
570 4215 668 4266 rebus
681 4214 797 4264 ltaliae.
812 4237 847 4248 -·
860 4211 903 4262 25
924 4211 1114 4262 novembris
1136 4209 1215 4261 1887
1219 4243 1391 4260 .........
1434 4205 1470 4261 16

462 4319 526 4372 Deo
546 4324 651 4385 gratus,
678 4312 807 4368 Pontifex
828 4322 977 4368 enumerat
1001 4309 1156 4366 multifaria
1184 4307 1391 4364 benevolentiae

425 4392 598 4462 testimonia,
611 4403 672 4446 tum
682 4391 801 4462 privata,
813 4400 873 4446 turn
884 4390 1007 4462 publica,
1017 4389 1071 4445 sibi
1085 4399 1253 4445 occurrente
1273 4386 1392 4459 jubitaeo
