3172 4874
294 1511 314 1558 s
442 1520 458 1537 ¹-
517 1520 531 1535 ··
556 1495 716 1560 *NTER
740 1515 858 1578 graves
879 1515 919 1559 ac
943 1494 1146 1579 multiplices
1171 1497 1358 1580 Apostolici
1378 1499 1466 1563 Nostri

256 1557 335 1667 falls
555 1584 565 1691 J]
605 1602 749 1665 muneris
764 1618 861 1664 curas
883 1608 919 1664 et
935 1599 1107 1664 molestias
1122 1620 1209 1684 quae
1231 1601 1267 1666 in
1283 1603 1346 1668 hac
1366 1613 1466 1686 tempo

251 1716 366 1785 pqnssex
402 1738 411 1767 .·
604 1723 675 1768 rum
693 1705 875 1768 acerbitate
893 1701 966 1768 Nos
986 1705 1135 1786 undique
1150 1717 1318 1787 premunt,
1332 1709 1466 1790 quaedam

214 1779 366 1904 lffllssd‘
409 1838 410 1843 ¹
555 1834 571 1843 ¹·
603 1827 843 1890 nonnunquam
872 1808 1012 1871 adversa
1034 1807 1239 1872 intercidunt
1254 1829 1341 1892 quae
1358 1811 1423 1876 licet
1442 1811 1466 1872 in

212 1899 365 2014 amm
390 1933 425 1976 se
436 1913 841 1997 parvipendenda,tamen
855 1911 945 1976 haud
956 1911 1028 1975 leve
1042 1911 1150 1976 Nobis
1159 1909 1305 1978 afferunt
1318 1915 1466 1990 fastidium,

389 2018 583 2099 praesertim
612 2035 713 2100 quum
732 2035 797 2080 non
831 2015 875 2080 ab
902 2015 1064 2092 hostibus,
1080 2017 1139 2080 sed
1156 2017 1199 2080 ab
1226 2018 1466 2084 inobedientibus

390 2119 561 2185 Ecclesiae
576 2119 650 2184 filiis
666 2119 927 2202 proficiscantur.
959 2119 999 2184 Id
1017 2140 1121 2202 genus
1147 2133 1227 2184 sunt
1242 2143 1330 2204 quae
1346 2125 1376 2187 in
1398 2141 1466 2206 pago

387 2235 465 2290 tuae
495 2225 666 2303 dioecesis,
691 2224 793 2308 vulgo
822 2223 956 2306 Lorssqny,
981 2225 1178 2305 iampridem
1204 2230 1363 2292 eveniunt
1388 2244 1465 2308 opera

385 2331 559 2396 cuiusdam
577 2329 753 2394 Mathildis
765 2329 927 2406 Marchat,
938 2348 1023 2410 quae
1035 2328 1101 2392 alio
1112 2350 1247 2414 quoque
1259 2333 1323 2398 sibi
1335 2331 1465 2398 divinitus

386 2434 553 2517 imposito,
578 2445 615 2499 ut
645 2436 701 2512 ait,
722 2434 858 2497 nomine
874 2433 1043 2515 gloriatur,
1068 2435 1207 2518 eiusque
1229 2433 1402 2512 fautorum,
1424 2431 1466 2518 qui

386 2539 449 2603 sub
469 2540 603 2622 pietatis
634 2549 668 2604 et
698 2538 758 2602 zeli
784 2557 863 2619 erga
890 2536 1086 2620 religionem
1112 2548 1145 2603 et
1173 2541 1317 2620 patriam
1334 2542 1465 2606 luconon

387 2643 489 2706 modo
504 2643 671 2720 ordinarii,
688 2661 799 2705 verum
825 2641 926 2704 etiam
947 2639 1093 2705 Nostrae
1107 2660 1286 2724 supremae
1305 2638 1466 2708 auctoritati

410 2747 599 2810 ertinaciter
610 2747 770 2810 obsistere
786 2744 858 2808 ausi
877 2755 963 2807 sunt.

209 2867 361 2938 accoron„-
385 2769 407 2831 p
431 2851 611 2914 Enimvero
627 2869 730 2932 quum
749 2849 867 2912 mulier
881 2847 1120 2914 illadictitaret
1134 2847 1361 2933 frequentibus
1370 2847 1467 2916 Christi

210 2928 360 3032 mm.
388 2953 527 3018 Domini
539 2972 577 3017 ac
594 2953 761 3036 Deiparae
774 2951 924 3034 Virginis
937 2952 1203 3034 apparitionibus
1213 2953 1333 3032 fruiae
1345 2953 1469 3038 supernis

209 3045 297 3091 ’Μὴ
386 3056 744 3122 communicationibus
754 3056 883 3133 donari,
896 3056 1029 3138 sibique
1040 3058 1281 3122 demandatum
1295 3079 1365 3122 esse
1374 3072 1469 3121 munus

209 3105 333 3155 Marakoi.

204 3164 362 3270 ζῇζύᾞξ
386 3181 509 3226 novum
526 3162 675 3244 erigendi
703 3161 893 3242 religiosum
925 3161 1089 3238 ordinem,
1115 3161 1271 3227 decessor
1285 3161 1469 3238 tuuqvene.

209 3287 279 3340 arque
318 3283 360 3328 ru-
385 3267 498 3332 rabilis
515 3267 641 3343 Frater,
655 3274 765 3330 totum
790 3265 854 3329 hoc
882 3266 1055 3348 negotium
1072 3266 1115 3329 ad
1133 3285 1278 3330 examen
1309 3263 1470 3338 revocavit;

209 3342 360 3460 Zsssllll-
385 3383 418 3436 et
443 3391 546 3455 quum
570 3371 599 3433 ei
624 3370 829 3434 constitisset
862 3369 1013 3434 adsertae
1041 3369 1186 3434 visiones
1212 3389 1251 3433 ac
1278 3368 1469 3435 revelationes

209 3472 249 3512 ‘⁶⁵'
385 3476 476 3538 omni
492 3475 713 3538 fundamento
728 3473 877 3548 destitui,
890 3473 923 3535 in
942 3472 1050 3554 iisque
1060 3472 1239 3537 desiderari
1255 3466 1469 3538 characteristi-

384 3599 439 3641 cas
456 3577 529 3640 illas
546 3586 651 3654 notas,
674 3575 796 3660 quibus
812 3574 1009 3640 huiusmodi
1025 3575 1291 3659 supernaturalia
1304 3578 1390 3640 dona
1409 3588 1467 3635 vera

383 3699 403 3743 a
419 3678 509 3743 salsis
535 3681 797 3764 distinguuntur,
812 3680 909 3762 plura
942 3681 1012 3743 iure
1033 3681 1219 3762 meritoque
1233 3680 1376 3744 decrevit
1388 3687 1468 3756 atque

382 3785 522 3848 sancivit
542 3786 594 3848 ad
626 3785 819 3848 earumdem
850 3784 1100 3866 evulgationem
1132 3803 1303 3867 novaeque
1325 3775 1466 3846 societatis

382 3873 581 3953 erectionem
594 3888 888 3972 praepediendam.
900 3925 943 3937 -
957 3889 1049 3952 Huic
1061 3888 1182 3952 iudicio
1192 3887 1308 3951 mulier
1322 3881 1466 3968 praedicta

382 3996 520 4076 eiusque
545 3990 737 4056 defensores
767 3990 1036 4074 haudquaquam
1068 3992 1323 4074 acquiescentes,
1337 3988 1377 4052 ad
1394 3985 1463 4048 hanc

381 4097 614 4180 Apostolicam
633 4096 755 4161 Sedem
767 4095 989 4177 appellarunt.
1003 4095 1070 4161 Sed
1082 4096 1316 4161 venerabilium
1334 4093 1463 4156 Fratrum

381 4203 580 4264 Nostrorum
612 4199 842 4264 Cardinalium
871 4199 1016 4265 Sanctae
1033 4201 1208 4264 Romanae
1234 4210 1266 4264 et
1283 4187 1462 4264 Universalis

383 4303 613 4386 Inquisitionis
639 4304 840 4382 Consilium,
857 4305 950 4368 cuius
978 4306 1223 4369 Praefecturam
1241 4305 1310 4369 Nos
1325 4299 1382 4382 ipsi
1394 4290 1460 4378 geri·

383 4427 466 4483 mus,
492 4407 647 4470 omnibus
679 4417 810 4472 matura
837 4410 1104 4474 consideratione
1120 4409 1297 4493 perpensis,
1313 4401 1460 4478 Noblsq⁰⁶
