3336 4870
475 397 526 448 na
551 397 642 450 vtra
668 387 814 451 sancus
840 400 1115 454 rusrrruauna.
1276 401 1341 471 197
1449 415 1457 467 ι

232 579 400 663 segnitiae
429 579 659 646 inertissimae.
690 581 883 666 Utrumque
919 582 1128 662 detestabile,
1165 593 1344 668 utrumque
1370 588 1521 662 „mim

233 681 314 762 tale,
329 692 368 746 ut
382 682 512 747 nullum
528 683 656 748 homini
682 686 808 751 malum
826 689 942 752 maius.
960 687 1138 770 Quaenam
1165 687 1255 752 enirn
1271 688 1346 752 reli·
1412 669 1478 716 ¹⁸⁸⁸·

234 806 305 869 qua
320 789 409 853 salus
425 799 522 866 esset,
537 800 597 855 aut
618 810 684 873 qua
707 812 767 875 spe
782 793 968 858 niterentur
982 792 1147 870 homines,
1167 792 1194 856 si
1210 793 1344 876 gloriari
1371 763 1523 868 duf‘vssss'o'}

234 893 273 954 in
290 893 425 956 nomine
443 894 530 959 IESU
556 893 716 960 CHRISTI
740 897 910 976 desierint,
926 897 954 959 si
969 897 1073 962 vitam
1091 918 1135 961 ex
1159 899 1345 980 praeceptis
1380 895 1523 986 cmx,

234 997 439 1082 evangelicis
455 1008 648 1064 constanter
663 1009 845 1084 aperteque
872 1020 971 1084 agere
998 1002 1210 1066 recusarint?
1232 1001 1347 1085 Vulgo
1418 1013 1481 1046 '¹⁶¹⁸-

234 1113 421 1183 queruntur
435 1103 513 1168 viris
538 1103 679 1176 sortibus
704 1105 816 1170 sterile
831 1106 1009 1170 saeculum.
1027 1107 1242 1172 Revocentur
1263 1105 1346 1169 chri-

234 1205 337 1270 stiani
363 1227 494 1272 mores:
524 1207 624 1271 simul
650 1207 713 1271 erit
742 1208 890 1291 gravitas
920 1219 955 1273 et
984 1210 1176 1274 constantia
1206 1209 1349 1292 ingeniis

235 1311 398 1376 restituta

282 1413 350 1480 Sed
366 1424 537 1481 tantorum
564 1417 789 1499 magnitudini
805 1419 1027 1502 varietatique
1042 1417 1227 1481 officiorum
1243 1418 1349 1482 virtus
1405 1429 1454 1475 Ser
1488 1428 1529 1497 ,aa

234 1517 410 1585 hominum
427 1541 488 1604 par
498 1541 572 1584 csse
595 1521 667 1586 sola
694 1543 760 1586 non
785 1533 906 1605 potest.
923 1524 1002 1607 Quo
1029 1523 1131 1587 modo
1156 1524 1296 1606 corpori,
1313 1534 1348 1584 ut
1375 1489 1528 1617 fflffal'f„

233 1624 354 1702 alatur,
369 1646 490 1709 panem
506 1625 751 1709 quotidianum,
767 1630 813 1692 sic
835 1631 978 1707 animae,
993 1637 1030 1692 ut
1046 1628 1089 1692 ad
1101 1627 1257 1691 virtutem
1270 1647 1348 1690 con·
1375 1607 1426 1722 ἒξ
1434 1607 1528 1652 “mh'‘

235 1727 395 1809 firmetur,
420 1749 539 1794 nervos
569 1739 671 1813 atque
698 1732 799 1797 robur
823 1735 1004 1817 impetrare
1030 1732 1190 1796 divinitus
1214 1751 1349 1795 necesse

236 1843 298 1896 est
323 1832 437 1915 Quare
456 1834 646 1898 communis
673 1835 731 1898 illa
746 1837 896 1902 conditio
921 1837 1046 1920 lexque
1062 1837 1161 1914 vitae,
1186 1855 1288 1918 quarn
1316 1835 1347 1898 in

238 1947 403 2019 perpetua
433 1937 579 2022 quadam
611 1939 761 2004 diximus
791 1943 1008 2006 dimicatione
1031 1939 1222 2019 consistere,
1253 1940 1348 2004 obse·

236 2043 354 2108 crandi
379 2044 489 2107 Deum
506 2042 609 2106 habet
625 2044 818 2110 adiunctam
836 2047 1079 2110 necessitatem.
1097 2044 1244 2120 Etenim,
1259 2045 1349 2126 quod

237 2157 292 2212 est
306 2169 383 2213 vere
401 2148 445 2212 ab
468 2147 665 2230 Augustino
688 2161 895 2234 venusteque
921 2152 1059 2227 dictum,
1075 2149 1282 2212 transcendit
1296 2147 1350 2229 pia

236 2254 390 2333 precatio
419 2250 595 2317 intervalla
629 2254 757 2331 mundi,
786 2255 1004 2337 divinamque
1035 2255 1177 2317 devocat
1208 2272 1227 2315 e
1257 2250 1351 2314 caelo

237 2359 509 2427 misericordiam.
532 2355 660 2422 Contra
680 2361 904 2441 cupiditatum
927 2359 1078 2423 turbidos
1101 2365 1350 2435 motus,c0ntra

239 2469 405 2534 malorum
431 2467 634 2541 daemonum
661 2465 808 2543 insidias,
831 2488 873 2531 ne
889 2467 1105 2530 circumventi
1137 2466 1171 2528 in
1198 2463 1350 2528 fraudem

239 2575 448 2646 inducamur,
463 2571 659 2635 adiumenta
675 2581 788 2654 petere
814 2580 915 2654 atque
932 2571 1059 2634 auxilia
1086 2568 1242 2633 caelestia
1260 2568 1352 2631 iube-

182 2663 191 2672 ·
238 2698 316 2742 mur
331 2674 467 2740 oraculo
482 2674 607 2752 divino,
624 2685 715 2740 orate
729 2687 767 2740 ut
781 2699 844 2740 non
860 2676 992 2741 intretis
1013 2676 1048 2739 in
1072 2674 1281 2739 tentationem
1297 2673 1310 2756 (
1327 2673 1349 2754 ).

237 2781 379 2864 Quanto
390 2779 424 2842 id
438 2779 660 2844 necessarium
674 2781 789 2864 magis,
800 2783 827 2844 si
845 2781 960 2845 utilem
977 2782 1058 2844 dare
1068 2799 1205 2861 operam
1221 2778 1349 2840 alienae

236 2903 375 2970 quoque
385 2882 485 2946 saluti
494 2883 650 2946 volumus
662 2889 676 2946 ?
687 2884 838 2950 Christus
852 2885 1030 2960 Dominus,
1041 2883 1234 2966 unigenitus
1245 2882 1350 2945 Filius

239 2989 317 3066 Dei,
336 2987 410 3052 lons
434 2988 544 3050 omnis
560 2989 691 3070 gratiae
715 3001 748 3053 et
765 2991 906 3066 virtutis,
931 2990 1021 3072 quod
1047 2989 1155 3052 verbis
1171 2987 1351 3072 praecepit,

237 3097 313 3177 ipsc
328 3093 420 3176 prior
429 3092 673 3159 demonstravit
688 3095 861 3178 exemplo:
876 3104 949 3159 erat
952 3102 1145 3176 pernoctans
1156 3092 1192 3155 in
1208 3093 1350 3158 oratione

235 3199 308 3264 Dei
320 3197 362 3280 (²)
376 3223 383 3262 :
398 3195 625 3281 sacrificioque
640 3200 817 3281 proximus
833 3197 1001 3282 proliritas
1014 3195 1131 3261 orabat
1144 3196 1156 3278 (
1174 3196 1196 3278 ).
1211 3233 1254 3245 -
1271 3197 1348 3259 Pro·

239 3301 330 3365 lecto
344 3301 445 3383 longe
462 3299 572 3365 minus
588 3314 675 3368 esset
687 3314 825 3367 naturae
835 3301 1088 3366 extimescenda
1100 3299 1272 3383 fragilitas,
1288 3322 1349 3364 nec

238 3405 403 3486 languore
431 3422 539 3466 mores
566 3404 763 3488 desidiaque
793 3405 992 3483 diffluerent,
1022 3405 1050 3466 si
1077 3402 1228 3467 divinum
1259 3403 1347 3467 istud

235 3514 455 3590 praeceptum
473 3505 584 3570 minus
609 3510 730 3574 iaceret
747 3511 874 3574 incuria
901 3530 941 3573 ac
966 3527 1070 3592 prope
1098 3505 1233 3570 fastidio
1248 3508 1349 3570 inter·

237 3610 390 3674 missum.
415 3607 477 3672 Est
492 3610 582 3673 enim
599 3613 782 3676 exorabilis
798 3613 903 3690 Deus,
917 3609 1096 3696 gratificari
1119 3609 1191 3673 vult
1207 3611 1350 3674 homini·

237 3716 313 3788 bus,
343 3723 458 3796 aperte
488 3713 666 3797 pollicitus,
691 3738 750 3783 sua
776 3739 812 3782 se
844 3737 982 3782 munera
1020 3716 1112 3796 large
1148 3717 1350 3799 'copioseque

236 3815 431 3899 petentibus
447 3818 613 3882 daturum.
630 3819 721 3903 Quin
745 3821 847 3886 etiam
879 3821 999 3885 invitat
1015 3818 1157 3900 ipsemet
1172 3827 1294 3899 petere,
1311 3838 1350 3880 ac

237 3915 310 3980 sere
325 3915 715 3987 lacessitamantissimis
739 3924 871 3989 verbis:
895 3945 951 4006 ego
976 3920 1048 3985 dico
1073 3919 1171 3997 vobis,
1190 3921 1292 4002 petite
1322 3930 1352 3984 et

235 4017 377 4082 dabitur
388 4019 487 4099 vobis,
500 4025 647 4105 quaerite
670 4036 702 4090 et
721 4026 905 4105 inveniere,
920 4027 1052 4108 pulsate
1066 4033 1098 4086 et
1123 4023 1351 4105 aperieturvo·
1380 4038 1522 4108 stimulante

237 4123 290 4187 bis
304 4119 357 4206 (⁴).
374 4122 476 4205 Quod
498 4137 536 4190 ut
551 4128 759 4195 confidenter
775 4153 813 4194 ac
837 4129 1043 4193 familiariter
1060 4127 1166 4190 lacere
1182 4147 1224 4190 ne
1240 4149 1352 4192 verea-
1385 4106 1515 4157 '’m''m'

237 4245 326 4304 mur,
352 4229 562 4295 maiestatem
591 4235 737 4298 numinis
764 4235 814 4300 sui
842 4233 1062 4299 similitudine
1088 4240 1190 4315 atque
1206 4232 1352 4314 imagine

237 4341 409 4414 temperat
423 4335 571 4416 parentis
588 4338 776 4402 suavissimi
804 4339 857 4401 cui
878 4336 960 4400 nihil
976 4336 1099 4415 potius,
1114 4354 1215 4416 quam
1232 4335 1352 4398 caritas

242 4441 416 4453 *ιη-..-

273 4482 293 4514 1.
309 4469 409 4526 Marta,
423 4483 498 4526 xxvr,
512 4489 590 4532 41·-
601 4491 621 4522 a
638 4478 707 4530 Luc..
720 4489 755 4530 vr,
770 4492 804 4523 12.
818 4503 847 4511 -
857 4492 879 4536 3.
893 4477 963 4528 Luc..
984 4486 1052 4528 xxrr.
1072 4489 1109 4534 43.
1123 4501 1151 4508 -
1162 4490 1184 4532 4.
1199 4475 1266 4528 Luc.
1280 4484 1318 4526 xr,
1329 4488 1352 4534 9.
