3194 4872
399 301 448 374 80
666 319 846 373 errsrom
875 309 896 338 ‘⁴
923 321 966 372 m
996 321 1174 375 mumius
1203 357 1223 387 „

221 518 376 623 Jmff
395 513 590 595 gentissime
613 513 709 589 cavit,
733 511 851 576 necubi
877 509 965 576 mala
988 511 1136 575 eiusdem
1159 512 1332 595 pravitatis
1347 515 1486 596 germina

222 643 293 706 raram
333 637 370 682 do-
396 617 635 680 reviviscerent.
667 616 723 681 Ad
753 615 904 696 regiones
934 613 1035 696 igitur
1065 635 1151 679 nove
1174 624 1321 697 repertas
1356 615 1488 692 Africae,

222 701 369 800 ,mm
395 720 509 796 Asiae,
525 721 711 796 Americae,
722 718 857 800 vigilem
872 717 1116 800 providentiam
1130 718 1292 783 intendit:
1308 718 1397 783 lama
1409 719 1486 780 enim

229 815 359 930 ‘mg‘
396 835 598 902 manaverat,
617 843 730 888 earum
756 826 859 886 duces
887 822 1151 905 expeditionum,
1171 822 1324 887 homines
1350 821 1488 886 christia·

220 931 363 977 visdicavr't·
395 945 465 1004 nos,
480 927 581 990 armis
596 927 797 1010 ingenioque
815 927 928 990 minus
944 934 1033 990 recte
1048 925 1107 1003 uti,
1122 927 1165 990 ad
1182 925 1377 990 struendam
1394 927 1487 1006 impo-

394 1033 606 1114 nendamque
632 1031 779 1094 innoxiis
805 1030 995 1094 nationibus
1021 1029 1223 1100 servitutem,
1239 1029 1353 1094 Cruda
1373 1030 1486 1092 scilicet

393 1146 511 1200 natura
526 1136 597 1213 soli,
612 1135 702 1218 quod
715 1143 785 1199 erat
797 1133 1029 1216 subIgendum,
1042 1153 1150 1216 neque
1160 1134 1270 1198 minus
1287 1133 1487 1198 metallorum

393 1260 473 1322 opes
499 1241 727 1322 explorandae
743 1237 962 1316 effodiendae,
977 1258 1080 1321 quum
1111 1259 1231 1320 operas
1260 1240 1346 1304 bene
1374 1239 1487 1302 validas

392 1345 608 1427 postularent,
631 1345 754 1408 iniusta
780 1342 878 1426 plane
902 1352 1058 1426 suscepta
1083 1355 1161 1408 sunt
1189 1353 1291 1428 atque
1316 1344 1488 1408 inhumana

392 1450 540 1513 concilia.
557 1447 643 1512 Fieri
659 1447 748 1510 enim
773 1455 893 1527 coepta
917 1457 967 1511 est
991 1445 1160 1528 quaedam
1187 1455 1382 1524 mercatura,
1397 1445 1487 1509 servis

393 1553 435 1616 ad
448 1553 481 1614 id
494 1571 578 1634 opus
594 1572 638 1614 ex
656 1549 837 1632 Aethiopia
852 1549 1078 1631 deportandis,
1089 1570 1185 1632 quae,
1204 1549 1379 1615 nomInata
1406 1549 1487 1614 dein·

236 1643 351 1688 am·
391 1675 470 1737 ceps
485 1656 518 1718 la
534 1665 638 1718 tracta
667 1655 721 1717 dei
739 1653 854 1736 Negn',
882 1654 1020 1717 nimium
1051 1663 1217 1735 quantum
1238 1673 1295 1718 eas
1318 1654 1486 1737 occupavit

218 1703 283 1746 cium
298 1703 369 1748 Indo·

219 1773 279 1865 ¹32¹?
294 1770 369 1879 ἓξὲξ
393 1759 548 1822 colonias.
566 1761 689 1825 Secuta
704 1776 838 1840 quoque
854 1765 912 1834 est,
928 1776 995 1820 non
1011 1757 1155 1828 absimili
1179 1756 1307 1832 Iniuria,
1323 1757 1486 1840 indigena·

229 1887 357 1967 pumma·
394 1883 466 1925 rum
496 1863 669 1926 hominurn
701 1860 771 1942 (qui
803 1859 953 1923 universe
982 1859 1063 1922 Indi
1086 1859 1260 1943 appellati)
1284 1861 1327 1924 ad
1358 1861 1487 1924 modum

220 1943 371 2043 mmm„
394 1966 560 2030 servitutis
582 1965 762 2047 oppressio.
783 1963 847 2025 His
862 1963 906 2026 de
930 1963 1026 2026 rebus
1052 1963 1107 2026 ubi
1134 1963 1212 2026 Pius
1239 1963 1273 2026 11
1299 1965 1420 2028 certior
1446 1973 1489 2025 est

219 2057 372 2160 {jg‘sssssnfff
394 2068 510 2148 sactus,
520 2073 613 2135 mora
626 2070 716 2134 nulla
726 2068 930 2149 interposita,
940 2066 994 2129 die
1005 2066 1222 2132 vnOctobris
1233 2080 1490 2138 anmcccctxu,

220 2180 320 2220 mml-
393 2175 569 2257 epistolam
582 2175 675 2238 dedit
691 2175 731 2238 ad
750 2173 943 2254 episcopum
959 2171 1193 2250 Rubicensem,
1208 2193 1276 2254 qua
1289 2183 1420 2236 tantam
1436 2172 1489 2234 irn-

393 2281 594 2362 probitatem
620 2277 788 2360 redarguit
815 2285 849 2340 et
872 2275 1054 2339 damnavit.
1080 2275 1208 2358 Aliquo
1235 2283 1312 2359 post
1338 2287 1490 2358 tempore,

395 2384 667 2467 Lequuaotum
679 2381 789 2463 potuit
799 2377 980 2443 officiorum
992 2388 1026 2443 et
1037 2379 1245 2444 auctoritatis
1255 2381 1345 2461 apud
1360 2397 1452 2462 reges
1461 2385 1490 2437 et

395 2489 587 2552 Lusitaniae
602 2498 636 2550 et
654 2485 894 2566 Hispaniarum
905 2483 1068 2560 adhibuit,
1078 2482 1133 2564 qui
1145 2502 1219 2546 eam
1232 2483 1413 2560 licentiam,
1424 2480 1489 2544 reli·

392 2594 482 2675 gioni
493 2593 615 2674 pariter
625 2587 935 2672 atquehumaoitati
947 2587 1159 2668 iustitiaeque
1169 2585 1489 2670 probrosamradici·

392 2707 446 2759 tus
458 2695 679 2759 excidendam
697 2701 857 2756 curarent.
874 2689 990 2753 Nihilo
1006 2691 1116 2754 minus
1127 2709 1167 2754 ea
1177 2691 1351 2756 calamitas
1379 2687 1489 2756 conlit-

393 2807 484 2862 mata
495 2795 663 2872 haerebat,
678 2804 835 2858 manente
851 2793 983 2873 impura
998 2812 1124 2872 caussa,
1141 2793 1337 2876 inexplebili
1349 2793 1487 2858 habendi

216 2917 370 2985 fauluslll
391 2899 673 2985 cupiditate.Tum
685 2896 923 2973 PaulusIIl,de
935 2897 1128 2961 conditione
1139 2899 1300 2962 Indorum
1312 2915 1490 2962 servorum-

216 2983 276 3080 {iiia
293 2981 366 3099 :415⁰ss
391 3027 456 3090 que
473 3023 661 3070 maurorum
680 3011 819 3083 paterna
834 3001 974 3064 caritate
989 3001 1122 3078 anxius,
1136 3004 1179 3068 ad
1196 3003 1260 3066 hoc
1276 3003 1369 3066 venit
1385 3011 1488 3066 extre·

216 3109 366 3200 ‘'⁰22'2'mj‘r·
393 3129 483 3171 mum
494 3106 631 3182 consilii,
644 3115 680 3170 ut
691 3104 831 3168 solemni
842 3103 986 3181 decreto,
1002 3106 1034 3167 in
1048 3103 1121 3167 luce
1137 3107 1231 3188 quasi
1245 3116 1489 3188 conspectuque

217 3227 363 3262 maurmu-
391 3213 541 3275 omnium
562 3209 722 3294 gentium,
752 3205 991 3289 pronuntiaret,
1015 3208 1154 3290 triplicis
1172 3209 1264 3272 modi
1291 3217 1488 3292 potestatem

391 3313 455 3376 illis
470 3313 583 3377 deberi
611 3312 771 3375 universis
787 3311 909 3374 iustam
937 3320 971 3373 et
998 3313 1166 3394 propriam
1180 3333 1188 3390 ;
1213 3331 1312 3394 posse
1337 3312 1488 3376 nimirum

390 3419 441 3480 sui
456 3437 622 3500 quemque
638 3435 710 3478 esse
719 3415 808 3490 iuris,
823 3433 921 3495 posse
931 3417 1140 3480 consociatos
1153 3417 1220 3479 suis
1233 3417 1363 3499 legibus
1374 3417 1490 3488 vivere,

389 3539 487 3602 posse
503 3540 571 3583 rem
588 3519 649 3582 sibi
663 3518 770 3581 facere
785 3527 819 3580 et
834 3517 964 3582 habere.
982 3518 1058 3580 Hoc
1074 3518 1228 3600 amplius,
1243 3519 1362 3583 litteris
1385 3518 1490 3582 missis

389 3627 431 3688 ad
450 3623 545 3689 Card.
562 3623 862 3704 Archiepiscopum
879 3621 1093 3700 Toletanum,
1108 3623 1164 3704 qui
1192 3623 1351 3689 iecissent
1377 3633 1491 3688 contra

388 3724 478 3788 idem
509 3724 689 3798 decretum,
719 3722 752 3781 in
783 3740 841 3783 eos
872 3721 991 3786 statuit
1020 3722 1289 3786 interdictionem
1314 3741 1490 3794 sacrorum,

388 3827 517 3907 integra
533 3844 671 3888 romano
689 3821 838 3886 Pontifici
857 3825 1090 3888 reconciliandi
1118 3824 1278 3890 facultate
1294 3824 1346 3908 (¹).
1364 3825 1489 3888 Eddem

389 3929 598 4011 providentia
610 3927 794 4007 eademque
810 3928 1007 4003 constantia,
1022 3927 1115 3992 Indis
1126 3939 1228 4012 atque
1240 3930 1375 4008 Mauris,
1385 3929 1489 4010 iisque

215 4051 364 4158 {illim
389 4033 440 4096 vel
457 4031 606 4095 nondum
623 4030 802 4092 christiana
815 4029 880 4092 fide
891 4030 1068 4108 Instructis,
1084 4032 1139 4095 alii
1156 4034 1298 4099 subinde
1316 4030 1490 4096 Pontifices

210 4167 284 4222 ficum
299 4179 361 4217 „m
390 4155 462 4198 sese
491 4143 669 4197 assertores
707 4131 868 4196 libertatis
893 4135 1071 4196 acerrimos
1098 4133 1302 4216 praestitere,
1334 4133 1489 4199 Urbanus

391 4236 493 4310 VIII,
508 4236 708 4298 Benedictus
725 4234 823 4310 XIV,
837 4234 914 4298 Pius
931 4237 1001 4298 Vll
1017 4258 1023 4315 ;
1046 4239 1103 4319 qui
1119 4247 1290 4318 praeterea
1314 4239 1347 4300 in
1370 4235 1488 4319 princi·

420 4381 439 4411 1.
459 4367 551 4410 Veritas
562 4367 620 4425 ipsa,
633 4380 647 4410 2
660 4367 711 4412 Iun.
728 4381 736 4410 ι
740 4380 791 4424 559.
