3230 4874
485 687 534 746 aa
562 687 777 764 Philippum
804 693 1136 769 arehiepiscopum
1164 693 1438 758 coloniensem.

553 863 618 924 oa
639 865 950 938 Quaasrroue
974 867 1179 942 sociam,
1204 867 1371 940 osona
1468 814 1497 997 ᾗῖ

1470 1028 1500 1077 rlg

652 1028 972 1092 MISSIONIBUS
997 1031 1271 1092 AFRICANIS.

259 1334 368 1423 mom
460 1324 474 1339 ··
498 1324 514 1341 ’·
535 1324 553 1341 ³-
574 1312 591 1403 f
607 1305 677 1370 EM
695 1305 808 1389 magni
824 1307 1023 1372 discriminis
1032 1307 1154 1372 versari
1167 1305 1259 1372 lraud
1276 1307 1412 1390 ignoras
1428 1309 1461 1371 in
1475 1327 1509 1370 ea

276 1432 342 1492 1890.
412 1410 428 1499 s,
573 1414 583 1499 ⁴J
620 1411 914 1494 quaestionequae
927 1411 1059 1476 socialis
1073 1412 1205 1488 dicitur,
1220 1411 1314 1476 cuius
1325 1421 1424 1476 tanta
1438 1431 1505 1494 gra·

269 1540 383 1612 nnn-sq
419 1546 428 1575 ι
572 1542 581 1573 2
621 1514 707 1578 vitas
725 1524 776 1579 est
796 1523 833 1579 nt
848 1533 906 1578 eos
922 1534 1055 1598 quoque
1069 1515 1225 1579 sollicitet
1236 1514 1293 1597 qui
1306 1515 1340 1580 in
1355 1513 1508 1579 maximis

230 1601 384 1706 22⁹&-
458 1638 472 1651 ··
495 1636 510 1651 ”
577 1644 587 1663 ··
620 1617 777 1702 Europae
787 1620 978 1703 regionibus
988 1638 1140 1685 summae
1149 1639 1194 1684 rer
1205 1629 1374 1704 praesunt
1391 1619 1505 1702 Neque

232 1718 343 1822 *αἰχ
407 1728 441 1783 te
457 1718 539 1784 latet
556 1740 598 1786 eo
613 1720 739 1786 iamdiu
749 1742 845 1788 curas
858 1723 1000 1788 Nostrae
1015 1721 1116 1788 luisse
1127 1741 1313 1802 conversas,
1328 1731 1367 1787 ut
1377 1742 1505 1806 perspe-

229 1784 369 1884 ffrcfrmsr.
407 1832 482 1887 ctae
507 1823 624 1889 fierent
648 1825 786 1890 intimae
806 1825 905 1890 huius
930 1825 1009 1892 mali
1033 1845 1180 1904 caussae,
1198 1845 1352 1911 quaeque
1377 1827 1447 1892 sint
1468 1825 1510 1889 illi

407 1926 583 2010 aptissima
598 1928 792 1995 adhibenda
807 1930 963 1996 remedia
972 1930 1064 2015 Quin
1080 1929 1207 1996 ctiam
1197 1950 1232 1995 tn
1248 1929 1369 1996 litteris
1386 1951 1454 1994 non
1471 1929 1511 1994 ita

406 2029 536 2111 primm
560 2031 649 2097 datis
686 2033 729 2098 ad
763 2033 1020 2100 Serenissimum
1041 2033 1243 2100 Germaniae
1260 2033 1512 2116 Imperatorem,

407 2132 584 2199 Borussiae
601 2135 741 2219 Regem,
770 2137 827 2219 qui
854 2135 1104 2220 perhumaniter
1133 2136 1242 2201 Nobis
1265 2135 1448 2220 scripserat
1471 2135 1510 2200 de

408 2235 527 2302 illustri
542 2249 710 2304 conventu
726 2241 784 2323 qui
800 2261 840 2304 ca
855 2259 955 2324 super
970 2260 1005 2305 re
1017 2239 1162 2304 Berolini
1178 2259 1284 2322 nuper
1298 2249 1352 2304 est
1365 2239 1510 2315 habitus,

409 2341 583 2426 perspicue
608 2343 853 2409 declaravimus
882 2344 1030 2409 studium
1054 2363 1123 2427 quo
1150 2343 1286 2408 ferimur
1314 2353 1352 2408 ut
1384 2343 1511 2408 miseris

406 2445 623 2528 opitulemur,
638 2447 695 2526 qai
712 2447 837 2512 victum
854 2447 967 2512 labore
982 2447 1172 2531 quaeritant
1184 2447 1290 2529 iisque
1299 2465 1441 2510 omnem
1457 2466 1513 2530 pro

406 2549 530 2614 viribus
540 2549 809 2614 benevolentiam
825 2560 1095 2635 praestemus-
1108 2550 1194 2614 lllud
1208 2569 1288 2614 sane
1299 2550 1513 2632 prudentiam

259 2703 305 2748 Ad
319 2703 382 2748 nanc
407 2663 501 2717 tuam
528 2653 632 2718 latere
660 2655 785 2737 nequit,
802 2657 892 2739 quod
910 2675 1034 2738 magna
1057 2654 1135 2720 licet
1154 2654 1511 2738 praesidiasintqueis
1598 2651 1599 2664 ¹

229 2763 366 2809 solvendam
410 2755 517 2819 civilis
529 2766 679 2838 potestas
695 2757 743 2821 uti
759 2757 849 2823 valet
865 2769 903 2824 ut
916 2759 1143 2844 operariorum
1168 2757 1318 2824 conditio
1343 2757 1513 2832 allevetur,

226 2821 331 2950 rare?
336 2878 382 2924 a
410 2859 557 2942 potiores
572 2869 686 2924 tamen
713 2861 815 2926 sint
805 2883 838 2926 ιιι
864 2883 905 2927 co
927 2863 1064 2929 salutari
1079 2883 1180 2946 opere
1196 2872 1308 2945 partes
1332 2863 1512 2927 Ecclesiae

231 2939 336 2985 ‘'m‘'
321 2942 380 2998 Ψ·
408 2963 545 3048 Quippe
559 2964 720 3028 divina
688 2986 739 3030 vrs
753 2987 820 3050 qua
835 2966 952 3050 religio
967 2967 1072 3050 pollet
1087 2976 1217 3032 mentes
1228 2965 1405 3030 hominum
1422 2965 1512 3050 peni·

407 3079 462 3133 tus
476 3077 511 3134 et
527 3069 630 3132 corda
645 3089 822 3150 permeans
837 3073 884 3135 sic
900 3093 940 3136 ca
955 3073 1070 3154 dirigit
1082 3092 1121 3136 ac
1137 3071 1250 3147 flectit,
1265 3080 1303 3134 ut
1317 3071 1396 3136 iusti
1414 3069 1508 3134 recti·

406 3193 472 3257 que
501 3173 591 3237 viam
615 3185 798 3257 sequantur
820 3176 983 3243 ultro.-
1014 3177 1076 3241 Est
1099 3176 1189 3240 enim
1213 3173 1366 3239 Ecclesia
1398 3173 1511 3237 nativo

298 3298 384 3403 quippe
407 3276 595 3358 quodam
587 3296 658 3340 rure
686 3277 853 3344 revelatae
883 3299 903 3342 a
935 3281 1010 3345 Deo
1039 3280 1190 3344 veritatis
1220 3277 1328 3342 fidelis
1358 3289 1512 3340 custosa

229 3370 322 3476 ἕξω
298 3359 383 3440 avae·
408 3378 544 3445 Christo
556 3379 706 3443 Domino
707 3382 783 3464 ,qui
796 3383 962 3466 sapientia
975 3384 1083 3447 Patris
1095 3391 1155 3459 est,
1172 3380 1368 3445 mandatum
1385 3379 1513 3444 habens

163 3491 168 3504 ¹
233 3477 383 3548 111111111111
407 3494 441 3548 et
456 3483 552 3547 heres
567 3483 715 3547 caritatis
729 3485 812 3549 Eius
813 3488 890 3570 ,qui
904 3497 1055 3569 «propter
1066 3507 1126 3551 nos
1137 3507 1256 3570 egenus
1254 3486 1373 3566 sactus
1382 3493 1431 3548 est
1440 3503 1512 3546 cunr

226 3538 289 3663 jetra
299 3551 383 3656 Zloffi-
406 3597 488 3651 esset
499 3586 619 3655 dives»
639 3600 676 3650 ut
692 3607 799 3672 aeque
814 3591 908 3654 dives
930 3612 968 3656 ac
986 3611 1112 3674 pauper
1128 3590 1240 3673 Ipsius
1256 3587 1441 3653 reserrent'
1431 3607 1511 3650 rma·

232 3653 441 3772 mffls‘w
408 3691 531 3773 ginem,
545 3692 877 3774 adeptidignitatem
896 3695 1039 3760 filiorum
1056 3695 1147 3759 Dei:
1163 3693 1328 3778 atqueita
1350 3709 1510 3776 pauperes

235 3773 305 3818 ’Μ’
408 3793 529 3858 dilexit
545 3803 583 3858 ut
598 3794 638 3858 iis
654 3796 855 3880 praecipuae
880 3800 1055 3880 praeberet
1069 3797 1218 3861 caritatis
1234 3795 1368 3862 indicia.
1390 3795 1448 3859 Ab
1471 3812 1511 3854 eo

409 3897 560 3981 proiecta
590 3909 641 3962 est
679 3900 891 3965 sanctissima
909 3901 1084 3985 Evangelii
1100 3900 1263 3978 doctrina,
1289 3919 1356 3983 qua
1388 3895 1509 3961 nullum

409 4001 621 4085 prestabilius
635 4022 756 4066 munus
769 4013 820 4068 est
831 4004 982 4071 humano
991 4007 1104 4088 generi
1117 4006 1235 4069 datum
1243 4024 1251 4084 ;
1262 4023 1340 4068 nam
1350 3999 1510 4080 descripta

409 4105 599 4188 praeferens
624 4105 850 4172 immutabilia
877 4109 1085 4192 singulorum
1111 4109 1181 4172 iura
1202 4115 1237 4172 et
1265 4103 1388 4182 officia,
1413 4097 1508 4166 nobili

410 4208 556 4272 iustitiae
574 4217 607 4270 ct
623 4209 772 4274 caritatis
810 4211 992 4295 complexu
1002 4213 1074 4278 sola
1089 4221 1202 4296 potest
1228 4207 1359 4274 efficere
1375 4227 1417 4271 ne
1434 4200 1507 4286 quid

410 4330 566 4395 asperum
580 4310 624 4373 sit
650 4311 684 4373 in
701 4333 740 4376 ea
766 4317 999 4380 conditionum
1015 4315 1203 4380 differentia
1219 4332 1321 4397 quam
1345 4319 1460 4392 suapte
1479 4303 1507 4366 vi

413 4423 532 4477 natura
566 4412 741 4479 hominurn
773 4418 890 4500 gignit.
922 4419 1035 4502 Quare
1064 4419 1267 4484 tutissimam
1301 4416 1399 4479 iniret
1427 4411 1505 4474 viam
