3250 4876
438 484 447 567 [¹
1476 492 1504 634 ιζ.

436 596 1505 825 :22-'251

657 863 876 938 episcopum
899 866 1298 942 caesaraugustanum.

433 825 1488 1143 -

301 1543 332 1588 ,9
613 1499 716 1566 UOD
739 1508 816 1564 tuae
844 1499 952 1564 Nobis
977 1502 1177 1569 nunciarunt
1208 1505 1339 1572 litterae
1370 1508 1510 1573 Ianuario
1595 1559 1596 1564 1

252 1587 384 1690 suffla.
633 1623 747 1668 mense
776 1611 923 1668 exeunte
949 1603 1049 1669 datae
1075 1607 1119 1671 de
1145 1608 1251 1673 altero
1291 1609 1508 1694 Hispanorum
1595 1609 1596 1692 f

472 1607 548 1788 Q
575 1653 601 1804 g
631 1705 1510 1796 catholicorumconventuCaesaraugustaehabendo,
1595 1695 1596 1718 ¹

239 1787 393 1909 raum&
415 1803 602 1880 &rueme
630 1810 770 1875 ducibus
801 1810 1059 1896 auctoribusque
1084 1813 1288 1880 dioecesium
1304 1819 1510 1900 praesulibus,

235 1908 341 1966 mim
357 1925 391 1956 ι’·
416 1917 449 1982 id
462 1919 535 1982 Nos
552 1901 755 1999 magnopere
771 1915 961 1982 delectavit.
984 1915 1220 1984 iucundiorem
1244 1921 1334 1987 hunc
1365 1925 1509 1989 nuncium
1595 1951 1596 1964 ι

239 1967 352 2014 lebrandi

176 2069 190 2096 ,
237 2026 390 2141 wanda:
416 2019 655 2087 secitofficium
684 2027 779 2083 tuum
805 2037 872 2100 quo
899 2017 1011 2083 lumen
1040 2021 1164 2102 petiisti
1186 2033 1219 2088 et
1247 2026 1509 2109 adprecatiooen
1595 2013 1596 2018 ζ

239 2146 337 2204 mulque
353 2161 390 2193 re-
414 2125 594 2210 propitiam
615 2123 659 2188 ab
683 2123 746 2187 hac
773 2122 973 2205 Apostolica
991 2122 1089 2202 Sede,
1104 2145 1173 2210 quo
1195 2129 1404 2211 auspicatius
1419 2150 1510 2196 eares

236 2203 390 2310 ffiffl'
413 2230 536 2314 suscipi
553 2229 660 2312 possit
675 2237 709 2292 et
725 2225 854 2292 felicius
868 2224 990 2310 perlici.
1001 2226 1179 2311 Inceptum
1191 2251 1271 2296 sane
1286 2240 1339 2298 est
1356 2233 1509 2299 eiusmodi

236 2323 390 2442 25⁶5&ng
413 2336 503 2420 quod
521 2333 629 2398 Nobis
654 2330 774 2396 solatio
795 2331 848 2406 sit,
863 2350 901 2393 ac
926 2349 1021 2414 spem
1055 2331 1180 2398 bonam
1205 2337 1364 2402 ostendat
1380 2363 1390 2422 ;
1405 2337 1510 2404 similis

235 2442 352 2492 mortun.
412 2439 501 2503 enirn
526 2446 711 2502 conventus
741 2434 870 2498 Matriti
894 2443 1030 2499 coactus
1054 2456 1146 2502 anno
1171 2441 1351 2522 superiore,
1380 2441 1509 2507 celebris
1594 2507 1595 2538 ,

409 2541 596 2628 frequentia
610 2541 755 2606 virorum
781 2531 938 2604 doctrina'
949 2548 982 2603 et
997 2539 1165 2622 dignitate
1194 2547 1449 2624 praestantium,
1463 2546 1507 2610 cui

409 2653 443 2708 et
457 2644 529 2726 ipse
559 2640 740 2725 praefuisti,
756 2639 925 2723 praeclara
949 2639 1055 2702 edidit
1079 2641 1272 2706 testimonia
1300 2643 1380 2711 fidei
1394 2657 1428 2712 et
1439 2667 1507 2710 con·

407 2747 552 2811 stantiae
567 2745 752 2829 singularis,
762 2763 865 2828 quum
882 2742 1076 2808 solemniter
1088 2743 1259 2810 Ecclesiae
1275 2747 1347 2814 iura
1363 2761 1400 2817 et
1415 2769 1506 2816 sanae

406 2850 579 2916 doctrinae
595 2851 662 2914 vim
678 2849 858 2912 salutarem
874 2847 1029 2912 adseruit
1046 2885 1088 2898 -
1106 2849 1211 2913 Laeta
1221 2851 1298 2916 hinc
1324 2873 1405 2936 spes
1420 2853 1506 2921 ailul-
1593 2923 1594 2942 ,

406 2965 464 3039 get
486 2955 557 3020 iore
572 2965 609 3019 ut
624 2963 739 3019 coetus
751 2951 812 3017 tibi
824 2953 1019 3016 adsessurus
1036 2951 1068 3016 in
1086 2953 1151 3018 ista
1165 2954 1310 3036 civitate,
1325 2959 1504 3041 praenobili

405 3059 451 3124 ob
475 3059 635 3142 pietatem
665 3057 798 3134 civium,
820 3075 923 3138 quarn
951 3055 1153 3120 ornatiorem
1181 3056 1309 3123 iaciunt
1324 3071 1503 3145 martyrum

404 3182 541 3228 suorum
559 3161 691 3245 palmae
707 3170 740 3224 et
768 3161 920 3242 Reginae
944 3178 1100 3241 superum
1124 3160 1228 3224 tutela
1243 3183 1414 3245 praesens,
1429 3166 1502 3230 nihil

403 3266 567 3332 concedat
606 3266 795 3331 Matritensi
829 3263 1009 3330 conventui
1036 3263 1214 3347 splendore
1241 3265 1445 3335 celebritatis
1473 3279 1502 3333 et
1592 3317 1593 3336 2

244 3427 291 3474 m
356 3393 376 3463 a·
403 3370 624 3454 amplitudine
650 3369 956 3452 congredientium;
972 3368 1040 3432 imo
1063 3367 1183 3432 clarior
1208 3388 1249 3433 eo
1264 3370 1309 3435 sit
1333 3382 1368 3436 et
1384 3371 1502 3438 inactus

226 3479 369 3592 {yffi-l
402 3476 510 3558 pariat
520 3475 695 3540 uberiores.
714 3472 817 3537 Plane
841 3481 1040 3555 argumenta
1056 3491 1165 3536 rerum
1181 3473 1224 3536 de
1239 3475 1362 3556 quibus
1377 3477 1500 3556 discep-

226 3591 358 3654 episcopos.
403 3578 542 3642 tandum
582 3578 653 3656 erit,
682 3597 769 3660 quae
800 3572 908 3640 Nobis
946 3574 1169 3658 obsequenter
1202 3573 1391 3658 significata
1421 3587 1501 3650 sunt,

224 3651 376 3760 maffia
400 3682 543 3748 scienter
569 3701 607 3746 ac
624 3681 822 3764 tempestive
842 3677 965 3743 selecta
991 3676 1213 3761 agnovimus;
1241 3679 1361 3744 merito
1392 3689 1498 3746 autem

224 3769 378 3890 afflui&
400 3785 598 3851 confidimus
615 3806 654 3850 ea
670 3785 769 3850 docte
784 3783 986 3866 copioseque
998 3781 1207 3863 explicatum
1224 3783 1273 3860 iri,
1294 3783 1499 3866 optimaeque

223 3895 363 3936 conventum
399 3891 524 3954 exinde
539 3891 658 3955 initum
675 3890 714 3952 iri
730 3889 876 3952 rationes
892 3897 925 3951 ct
951 3885 1092 3950 consilia
1103 3905 1191 3970 quae
1206 3887 1312 3952 civilis
1335 3887 1496 3952 societatis

223 3951 374 4054 mam
399 4002 432 4058 et
449 3993 619 4058 Ecclesiae
634 3991 842 4075 temporibus
867 3990 1016 4054 maxime
1043 3991 1236 4073 expediant.
1252 4028 1295 4040 —
1309 3991 1362 4055 Eo
1377 3989 1494 4056 firmius

399 4106 512 4162 autem
528 4096 591 4160 hac
614 4117 673 4180 spe
697 4095 842 4173 nitimur,
857 4093 948 4176 quod
979 4094 1136 4176 gravibus
1159 4093 1238 4157 viris
1252 4095 1494 4177 disputantibus
1590 4187 1591 4190 ζ

398 4219 437 4264 ac
452 4199 713 4266 deliberantibus
729 4199 853 4263 rectrix
864 4217 902 4261 ac
928 4197 1135 4263 moderatrix
1158 4197 1264 4262 aderit
1277 4201 1452 4282 prudentia
1462 4206 1492 4261 et

398 4303 577 4367 auctoritas
613 4303 869 4385 Episcoporum,
893 4309 1018 4384 tuaque
1068 4301 1272 4384 praesertim,
1297 4303 1418 4368 dilecte
1452 4299 1491 4364 fili

399 4402 529 4483 Noster,
541 4407 593 4469 cui
610 4415 721 4488 partes
737 4416 834 4470 erunt
849 4407 1000 4490 agendae
1013 4425 1110 4488 pares
1126 4405 1281 4488 dignitati
1309 4425 1376 4489 qua
1406 4423 1488 4489 prae·
