3250 4876
199 379 250 430 DE
269 377 489 430 PRAECIPUIS
507 377 644 428 ClVIUM
661 374 980 426 CHRISTIANORUM
998 375 1170 427 OFFICIIS.
1206 377 1251 446 23

143 554 232 634 pales
254 555 325 617 arti
347 575 436 618 ces...
466 555 501 618 in
532 553 679 637 aedificia
710 550 881 635 spirituali
902 551 954 634 (¹),
987 561 1088 634 atque
1127 552 1254 616 habent
1284 565 1428 662 Μέθῃ.

148 673 321 720 munerum
342 657 524 734 adiutores,
546 677 585 720 ae
602 657 772 726 ministros
787 654 1002 720 consiliorum
1030 653 1180 718 clericos.
1196 654 1253 718 Ad
1321 662 1391 722 189⁰·

147 758 231 824 hanc
257 761 430 826 Ecclesiae
466 762 753 838 constitutionem,
783 779 885 843 quam
922 780 1023 823 nemo
1061 759 1252 823 mortalium
1359 822 1365 832 ,
1388 821 1420 868 ra

148 873 275 928 mutare
305 875 426 946 potest,
452 867 542 930 actio
572 876 624 930 est
639 864 929 929 accommodanda
958 864 1056 928 vitae.
1074 864 1253 947 Propterea
1278 836 1431 928 ariamini

147 969 430 1050 quemadmodum
459 970 637 1053 Episcopis
665 969 852 1032 necessaria
878 977 930 1030 est
960 986 1037 1030 cum
1054 967 1255 1050 Apostolica
1278 945 1389 1060 ᾗῖἳζῗ

148 1071 234 1136 Sede
250 1073 283 1135 in
307 1074 456 1154 gerendo
471 1074 667 1156 episcopatu
690 1071 893 1148 coniunctio,
908 1071 956 1134 ita
982 1069 1120 1134 clericos
1137 1069 1254 1133 laicos-

146 1195 211 1258 que
236 1186 371 1258 oportet
394 1196 471 1242 cum
514 1177 692 1260 Episcopis
728 1176 796 1240 suis
831 1174 1104 1238 coniunctissime
1135 1173 1254 1250 vivere,

146 1299 311 1361 agere-
328 1281 482 1362 Ipsorum
505 1281 642 1364 quidem
672 1279 874 1344 Antistitum
904 1279 1018 1360 utique
1041 1285 1154 1360 potest
1181 1297 1255 1340 esse
1362 1360 1367 1370 Ι
1395 1359 1400 1369 Ι

145 1381 270 1466 aliquid
287 1393 346 1448 aut
374 1385 484 1448 minus
509 1385 677 1450 laudabile
703 1383 736 1446 in
769 1380 927 1460 moribus,
942 1389 1001 1444 aut
1028 1381 1061 1443 in
1078 1379 1254 1444 sententiis
1272 1359 1433 1477 juffljffm

146 1504 210 1550 non
235 1486 410 1570 probabile
425 1490 502 1552 :sed
521 1507 620 1552 nemo
651 1487 800 1570 privatus
825 1493 957 1567 arroget
984 1484 1047 1549 sibi
1075 1503 1253 1567 personam
1279 1491 1327 1524 '¹⁰⁸
1346 1478 1433 1537 ΜΝ·

145 1591 271 1670 iudicis,
293 1611 394 1674 quam
422 1592 574 1658 Christus
603 1591 771 1655 Dominus
795 1590 842 1652 illi
873 1589 1036 1672 imposuit
1059 1589 1126 1665 uni,
1152 1609 1253 1672 quem
1279 1541 1434 1656 :imperiii

145 1694 239 1776 agnis
253 1703 358 1777 atque
383 1695 502 1758 ovibus
527 1694 696 1777 praefecit
714 1693 881 1758 Memoria
905 1693 1047 1776 quisque
1072 1703 1186 1756 teneat
1203 1713 1254 1758 sa·
1282 1657 1397 1702 mm*

145 1797 390 1878 pientissimam
408 1796 559 1880 Gregorii
584 1797 699 1880 magni
714 1797 938 1861 sententiam:
953 1795 1166 1861 Admonendi
1177 1807 1256 1858 sarit

144 1901 276 1974 subditi,
298 1923 337 1964 ne
358 1902 618 1982 praepositarum
637 1921 771 1965 suornm
795 1901 899 1964 uitam
926 1909 1040 1965 temere
1066 1901 1217 1979 iudicent,
1225 1902 1258 1963 si
1333 1915 1436 1987 citatur

144 2005 227 2086 quid
243 2026 297 2070 eos
310 2005 457 2084 sortasse
475 2025 571 2087 agere
581 2004 872 2088 reprehensibiliter
881 2003 1002 2082 vi'dent,
1014 2027 1052 2068 ne
1072 2005 1256 2070 undcncala
1281 1975 1412 2095 ,fimf

145 2120 224 2174 recte
242 2109 457 2192 redarguunt,
470 2109 546 2173 inde
563 2121 624 2191 per
641 2109 792 2174 elationis
801 2109 979 2193 impulsum
994 2109 1030 2172 in
1035 2111 1256 2191 profundiora

145 2223 345 2298 mergantur.
368 2212 581 2277 Admonendi
602 2223 690 2291 sunt,
712 2235 751 2276 nc
773 2235 847 2276 cum
869 2213 981 2294 culpas
995 2215 1256 2295 praepositorum

142 2316 477 2394 considerent,c0ntra
493 2339 546 2380 cas
561 2317 753 2381 audaciores
761 2316 864 2400 fiant,
875 2315 936 2378 sca'
952 2316 1008 2394 sic,
1022 2316 1056 2378 si
1074 2337 1140 2398 qua
1161 2317 1256 2380 ualde

142 2432 341 2486 suntearum
353 2432 473 2502 prava,
485 2421 763 2503 apadsemctipsos
773 2419 962 2496 diiudicent,
973 2430 1127 2484 attamen
1143 2421 1258 2484 divina

144 2524 259 2586 timore
266 2524 433 2588 constricti
432 2525 528 2604 ferre
538 2526 597 2587 sub
611 2526 659 2588 eis
674 2526 790 2607 iugum
803 2521 1000 2586 reverentiae
1012 2543 1075 2586 nan
1087 2534 1257 2594 recusent...

142 2627 245 2691 Facta
265 2629 379 2710 quippe
392 2628 655 2711 praepositarum
680 2627 749 2690 aris
763 2625 879 2709 gladia
898 2625 1057 2706 ferienda
1084 2647 1145 2689 nan
1168 2637 1254 2690 sant,

140 2732 240 2795 ctiam
251 2753 324 2794 cum
341 2742 422 2794 recte
433 2731 692 2814 reprehendenda
704 2729 920 2813 indicantur(
938 2729 960 2813 ).

185 2835 431 2900 Verumtamen
454 2855 571 2918 parum
604 2847 683 2901 sunt
709 2846 832 2899 conata
853 2835 1036 2918 profutura,
1052 2836 1115 2899 nisi
1131 2838 1174 2900 ad
1192 2840 1256 2900 vir-

142 2947 254 3004 tutum
267 2939 523 3004 christianarum
536 2939 750 3023 disciplinam
767 2941 837 3004 vita
853 2939 1056 3005 instituatur.
1067 2975 1108 2988 -
1126 2940 1188 3003 llla
1204 2951 1255 3004 est
1303 2997 1431 3043 Summam

143 3062 313 3106 sacrarum
334 3042 538 3108 Litterarum
553 3046 596 3108 de
615 3045 817 3108 ludaeorum
844 3063 966 3127 genere
982 3045 1172 3110 sententia:
1194 3045 1255 3109 Us·
1281 3056 1422 3126 remensum.

141 3166 202 3226 qne
211 3145 293 3208 dnm
319 3166 382 3209 non
399 3157 569 3229 peccarent
590 3149 626 3210 in
651 3156 812 3230 conspectu
825 3146 893 3210 Dei
910 3145 1163 3223 sni‚crantcum
1187 3147 1255 3211 illc‘s
1280 3117 1431 3220 fi‘isiriii.

143 3249 225 3314 bana
235 3273 248 3313 .·
263 3249 355 3314 Deus
368 3251 456 3315 enim
469 3252 600 3316 citarum
616 3252 686 3316 odit
695 3253 944 3336 iniquitatem...
961 3251 1044 3316 Cum
1057 3253 1258 3317 recessissent
1279 3238 1341 3303 ''f“
1367 3235 1432 3280 ΕΜ·

1279 3298 1381 3348 strenas.

142 3375 164 3416 a
175 3355 243 3432 via,
262 3375 362 3436 qnam
381 3355 516 3419 dederat
533 3357 601 3419 illis
613 3357 713 3436 Dens,
725 3366 763 3421 ut
775 3355 983 3420 ambularent
999 3357 1033 3418 in
1049 3377 1096 3434 ea,
1104 3358 1253 3421 extermi-

144 3461 220 3524 nati
236 3472 317 3524 sunt
327 3461 468 3543 praeliis
481 3485 503 3526 a
523 3465 640 3528 multis
658 3463 847 3528 nationibus
858 3463 911 3546 (³).
926 3463 1033 3546 Atqui
1060 3465 1252 3528 inchoatam

145 3565 286 3629 sormam
304 3565 418 3648 populi
434 3567 606 3632 christiani
632 3571 770 3651 gerebat
803 3567 1006 3631 Iudaeorum
1023 3567 1136 3631 natio:
1152 3576 1253 3649 atque
1275 3557 1432 3674 mjjjmffl

145 3669 179 3732 in
203 3670 371 3734 veteribus
398 3692 513 3736 eorum
541 3673 674 3738 casibus
702 3693 803 3754 saepe
826 3673 940 3754 imago
966 3673 1073 3736 inerat
1104 3672 1252 3736 veritatis
1278 3674 1431 3731 uaesanae

145 3770 296 3836 suturae:
322 3773 383 3836 nisi
409 3775 501 3857 quod
539 3774 639 3858 longe
665 3775 847 3840 maioribus
872 3773 1042 3838 beneficiis
1063 3775 1161 3838 auxit
1191 3795 1253 3840 nos
1277 3737 1377 3782 constat.

145 3883 248 3957 atque
277 3878 408 3942 ornavit
435 3878 551 3941 divina
581 3879 780 3961 benignitas,
795 3878 841 3941 ob
871 3895 1013 3958 eamque
1035 3897 1104 3940 rem
1130 3877 1253 3960 ingrati

144 3978 248 4041 animi
264 3979 388 4044 crimen
407 3982 513 4046 multo
529 3980 629 4046 efficit
645 3983 901 4047 christianorum
919 3981 1073 4062 graviora
1088 3980 1221 4046 delicta.

189 4081 492 4184 Ecclesia·quidem
510 4084 603 4149 nullo
628 4095 779 4168 tempore
797 4085 956 4167 nulloque
973 4085 1075 4148 modo
1090 4085 1255 4150 deseritur

145 4202 166 4245 a
190 4183 286 4250 Deo:
305 4208 408 4269 quare
424 4189 506 4251 nihil
523 4199 582 4265 est,
597 4191 688 4272 quod
717 4191 778 4253 sibi
795 4189 839 4253 ab
855 4189 1029 4252 hominum
1047 4189 1170 4253 scelere
1186 4209 1255 4254 me-

177 4350 197 4382 1.
216 4339 241 4384 S.
259 4339 340 4388 Tana.
355 4343 464 4399 Quodlit.
480 4354 496 4396 ι,
508 4352 562 4389 xxv.
581 4367 610 4376 -
634 4357 654 4388 2.
669 4344 726 4403 Reg.
746 4343 838 4390 Pastor.
857 4345 895 4398 Ρ..
907 4355 946 4398 111,
957 4343 1017 4403 Cap.
1033 4353 1108 4390 1v.-—
1128 4359 1149 4404 3.
1162 4305 1253 4400 Indidi,

151 4427 174 4465 v,
180 4427 215 4464 21.
227 4429 260 4462 22.
