3140 4866
99 402 109 421 ‚t
138 414 142 419 =
176 416 185 425 μ
212 415 222 423 ιι
236 416 255 421 .»
287 415 297 423 v
325 416 333 421 ι.
368 418 371 421 .
398 416 402 421 =
435 415 445 424 η
471 396 478 424 Ὶι
511 416 520 425 u
547 416 558 425 .-
584 416 596 423 ν
622 416 631 424 ι,
645 392 668 423 1¹¹..
686 406 704 423 'a
731 390 744 421 ru
771 414 775 421 r
795 388 813 421 ἱ
842 392 850 422 1ι
882 414 886 421 -,
918 414 928 423 a,
954 392 966 423 ,v
992 414 997 421 i
1029 400 1039 424 ,ζ
1056 407 1062 417 ¹
1094 394 1113 427 'ry
1131 408 1146 425 υ,
1173 394 1188 423 ‘s‘

91 488 95 489 ⁷
105 468 109 483 Ᾰ
119 470 126 483 Ι
138 471 1146 486 m
1156 476 1163 490 ο
1174 476 1178 483 a

100 496 105 501 -
119 493 126 508 a
1156 499 1163 514 0
1178 495 1183 505 ·

119 518 125 532 ⁸
1157 525 1164 539 0

105 552 108 559 ι
119 543 125 557 Ι
1156 540 1179 565 Of

99 570 107 587 ὓ,
118 569 125 583 0
1157 556 1184 595 ..4

118 595 125 609 ⁸
1157 600 1164 614 e

1174 614 1179 633 l

99 644 105 653 μ
119 691 234 760 ad
256 689 568 762 archiepiscopos
588 693 626 747 et
649 689 853 762 Episcopos
874 688 1099 751 Lusitaniae.
1178 642 1184 653 ἰ

98 650 1185 952 -

89 1124 102 1149 ··
176 1140 189 1155 v·
212 1130 229 1153 ·-’
253 1110 560 1178 “ASTORALIS
542 1014 906 1193 vigilantiaeque
950 1110 994 1174 ad
1032 1111 1196 1176 tuendam
1282 1136 1311 1180 25

98 1210 108 1241 ·'
304 1215 551 1298 fovendamque
567 1213 762 1296 religionem
779 1213 1060 1293 viresintenditis,
1071 1232 1196 1278 novum
1246 1181 1367 1294 'ff

255 1371 262 1381 .
304 1337 342 1381 ac
381 1316 589 1399 praeclarum
627 1316 736 1380 Nobis
768 1325 1004 1398 argumentum
1043 1315 1198 1398 praebuit
1260 1341 1375 1402 pontific

140 1442 155 1460 ν
177 1442 196 1459 ·”
258 1440 269 1471 2·
306 1429 491 1486 conventus
522 1419 660 1484 illustris
691 1419 854 1484 Bracarae
884 1418 1063 1502 Augustae
1092 1438 1199 1502 nuper
1224 1403 1302 1508 ss‘ss‘da
1300 1406 1376 1508 {ffl-

87 1541 194 1608 actus,
209 1544 309 1611 quem
326 1523 464 1588 feliciter
479 1521 673 1588 absolutum
689 1522 898 1587 renunciavit
914 1521 1024 1587 Nobis
1049 1522 1199 1606 gratissi·
1223 1526 1341 1626 mig

88 1655 147 1700 ma
162 1629 304 1715 epistola
324 1627 405 1692 ab'
382 1647 478 1692 nsex
493 1628 590 1692 vobis
602 1629 683 1692 data
698 1627 804 1710 quiin
820 1646 861 1690 eo
876 1647 1036 1692 concessu
1053 1625 1198 1692 adfuere.
1224 1639 1311 1687 tarsa.

89 1737 259 1821 Equidem
276 1733 309 1796 in
331 1751 371 1796 ca
393 1731 597 1814 perlegenda
618 1730 776 1796 delectati
789 1749 904 1796 sumus
920 1741 992 1795 tum
1008 1730 1081 1795 zelo
1098 1740 1132 1794 et
1148 1751 1199 1794 se·

87 1840 232 1905 dulitate
243 1835 389 1900 Pastoris
399 1834 543 1900 civitatis
556 1854 643 1917 quae
658 1833 915 1918 congredientes
927 1833 1200 1916 excepit,quippe

87 1945 149 2028 qui
164 1943 210 2006 rei
221 1939 388 2024 gerendae
398 1939 596 2020 praecipuus
606 1948 724 2004 auctor
733 1937 795 2002 fuit
805 1938 983 2020 coetuique
995 1937 1041 2002 sic
1054 1937 1200 2021 praefuit

89 2056 128 2114 ut
145 2053 279 2129 optatos
288 2042 427 2108 haberet
443 2041 566 2119 exitus,
575 2051 647 2105 tum
664 2041 784 2105 studiis
795 2051 828 2106 et
844 2041 970 2122 pietate
993 2041 1199 2106 Antistitum

90 2151 149 2237 qul
162 2169 235 2214 sese
249 2147 357 2212 eidem
370 2148 555 2211 adiunxere
565 2147 683 2224 socios,
700 2146 750 2210 vel
767 2163 886 2228 graves
899 2145 1018 2209 misere
1026 2147 1115 2211 viros
1128 2146 1200 2209 vice

90 2276 152 2321 sua
167 2253 399 2338 perfuncturos
415 2250 449 2314 in
466 2270 505 2314 ea
528 2251 774 2332 congressione,
796 2260 868 2314 tum
885 2251 1030 2332 denique
1046 2249 1199 2332 frequen-

88 2361 139 2425 tia
151 2355 278 2439 ingeuti
294 2355 550 2419 lectissimorum
564 2356 740 2418 hominum
758 2375 776 2418 e
791 2354 880 2418 clero
890 2353 1084 2437 populoque
1100 2353 1201 2432 fideli,

89 2460 255 2536 doctrina,
269 2459 391 2522 virtute
406 2470 441 2522 et
456 2458 658 2522 auctoritate
678 2459 930 2539 praestantium.
946 2491 989 2503 -
1006 2455 1059 2520 Eo
1073 2457 1200 2540 gratior

92 2574 207 2630 autem
218 2570 402 2626 conventus
415 2561 477 2625 iste
491 2559 600 2624 Nobis
612 2561 733 2626 accidit
749 2561 841 2644 quod
859 2562 942 2626 mira
953 2559 1054 2624 fuerit
1070 2559 1199 2622 animo-

87 2687 163 2732 rum
179 2666 356 2730 consensio
372 2665 405 2727 in
422 2665 463 2728 iis
478 2665 698 2729 decernendis
720 2685 809 2748 quae
833 2664 1023 2730 conferrent
1050 2681 1199 2728 summo·

87 2790 169 2854 pere
180 2770 223 2834 ad
234 2768 405 2832 Ecclesiae
421 2768 679 2851 amplitudinem
695 2777 729 2833 et
745 2769 791 2833 rei
801 2767 987 2834 catholicae
998 2769 1199 2852 profectum.

87 2877 211 2958 Neque
226 2873 362 2937 reticere
376 2872 628 2952 volumus,inter
637 2873 703 2938 alia
713 2893 800 2954 quae
811 2884 1000 2957 opportune
1027 2874 1092 2938 sita
1118 2882 1199 2938 sunt

85 2973 256 3058 suffragiis
282 2974 503 3039 concordibus
529 2996 589 3058 pro
614 2974 775 3058 temporis
801 2974 932 3059 locique
958 2975 1098 3054 ratione,
1129 2994 1196 3039 non

87 3079 258 3146 mediocre
274 3078 382 3142 Nobis
402 3078 555 3142 attulisse
569 3078 728 3143 solatium
744 3098 785 3144 ea
799 3081 911 3163 capita
927 3099 1013 3163 quae
1037 3081 1196 3144 devotam

86 3204 223 3271 prorsus
262 3183 340 3247 huic
372 3183 592 3267 Apostolicae
616 3183 697 3250 Sedi
737 3184 955 3250 declarabant
985 3183 1196 3248 voluntatem

87 3287 281 3354 co‘e'untium
296 3293 331 3350 et
346 3286 495 3351 studium
507 3306 576 3370 quo
588 3285 781 3368 flagrant,ut
801 3287 935 3353 debitus
950 3286 997 3350 illi
1010 3307 1071 3368 pro
1086 3285 1197 3367 digni·

87 3402 158 3458 tate
173 3391 337 3456 habeatur
351 3390 467 3470 honor,
483 3411 567 3456 neve
589 3391 727 3475 quidde
744 3393 920 3458 maiestate
932 3402 964 3458 et
982 3391 1108 3455 iuribus
1124 3390 1197 3454 eius

89 3495 269 3562 minuatur.

132 3599 230 3664 Bona
248 3597 398 3681 profecto
414 3598 523 3663 Nobis
538 3621 614 3684 spes
631 3602 719 3667 inest
742 3601 812 3665 fore
838 3609 876 3664 ut
892 3618 1032 3683 eaquae
1048 3597 1197 3662 conscita
1269 3607 1330 3652 Inde
1340 3621 1373 3653 oc·

89 3707 123 3770 in
140 3723 182 3768 eo
197 3712 294 3768 coetu
313 3712 347 3768 et
362 3704 545 3768 constituta
560 3715 648 3783 sunt,
663 3727 766 3790 quum
784 3705 913 3769 naviter
938 3711 1198 3784 constanterque
1222 3679 1276 3771 sis
1274 3681 1376 3771 penem

90 3816 226 3892 peracta
237 3807 359 3871 fuerint
361 3807 508 3890 ,largam
521 3809 697 3875 effundant
709 3809 905 3875 salutarium
921 3807 1088 3872 fructuum
1102 3808 1197 3872 uber·
1223 3785 1312 3890 'm
1303 3845 1323 3890 L
1326 3786 1375 3890 ,ff

90 3921 218 3991 tatem;
240 3919 275 3975 at
297 3908 406 3974 facere
422 3931 488 3975 non
505 3931 684 3994 possumus
699 3914 780 3997 quin
809 3931 1032 3976 memoremus
1048 3911 1196 3993 amplam
1223 3904 1373 4022 {Jtfignjtm

91 4015 201 4082 adhuc
217 4024 367 4097 prostare
382 4026 531 4097 segetem
548 4035 634 4099 quae
660 4036 797 4099 operam
813 4016 922 4099 poscit
948 4023 982 4078 et
997 4015 1196 4082 industriam
1224 4023 1289 4068 Ant
1291 4021 1355 4067 sitn-

92 4129 248 4184 vestram.
263 4117 319 4185 Ob
335 4138 408 4182 eam
426 4138 495 4182 rem
512 4121 574 4184 etsi
591 4120 721 4185 nonita
743 4122 873 4204 pridem
897 4121 987 4184 datis
1004 4119 1121 4184 litteris
1137 4139 1197 4186 vos
1223 4083 1253 4128 bu
1238 4086 1341 4142 'Maga'

92 4223 257 4306 alloquuti
272 4243 388 4286 sumus
402 4225 445 4288 de
461 4233 551 4290 statu
569 4226 614 4289 rei
639 4225 823 4290 catholicae
839 4226 977 4308 eiusque
992 4225 1198 4289 necessitati·

93 4331 157 4393 bus
182 4327 215 4390 in
244 4325 407 4392 Lusitano
431 4348 535 4412 regno
559 4330 667 4414 deque
692 4331 820 4395 ratione
836 4329 983 4394 ineunda
998 4339 1035 4394 ut
1052 4330 1092 4393 iis
1106 4347 1198 4394 com-

96 4432 196 4497 mode
222 4431 450 4514 prospiciatur,
473 4432 584 4515 placet
606 4444 720 4500 tamen
747 4435 866 4500 iisdem
891 4433 1010 4499 litteris
1036 4434 1198 4500 nonnulla
