3336 4870
384 359 453 428 242
527 353 708 408 nprsrocn
738 343 758 372 “
778 355 887 408 srcur
914 355 1115 410 accersunt
1146 356 1319 410 sruuruu
1339 391 1360 420 „

381 554 499 618 porum
516 543 550 596 et
566 533 715 598 locorum
731 533 901 598 varietate.
919 533 1093 598 Praeterea
1116 536 1159 600 ad
1175 535 1302 600 tuenda
1319 533 1483 600 Ecclesiae

225 633 354 738 §gx-2³⁴²
381 643 453 703 iura
468 637 501 701 in
519 637 682 700 Bavarico
698 655 802 718 regno
817 636 900 700 illud
917 658 1131 724 summopere
1146 639 1257 705 valere
1272 639 1383 718 debet,
1396 640 1482 722 quod

209 751 340 822 ‚arveruo
382 741 540 808 solemnis
556 741 736 805 conventio
762 741 844 805 inita
860 742 959 806 suerit
988 745 1073 807 inter
1089 743 1308 810 Decessorem
1326 745 1483 810 Nostmm

203 816 356 916 iv'iiwii
382 848 477 910 Pium
495 845 565 910 Vll
583 854 616 909 et
634 845 909 910 Maximillanum
928 846 943 910 1
962 847 1124 910 Bavariae
1142 847 1281 932 Regem,
1297 867 1428 932 semper
1443 849 1483 914 ab

202 929 355 1034 iiiiii?
380 948 582 1032 Apostolica
596 946 686 1013 Sede
702 949 856 1032 religiose
871 959 1012 1028 servata,
1028 951 1082 1016 cui
1105 951 1148 1015 ab
1164 951 1304 1016 alterne
1320 951 1484 1036 paciscen-

379 1052 470 1117 tibus
498 1052 651 1136 derogari
676 1052 728 1116 vel
755 1053 910 1136 abrogari
938 1055 1064 1136 nequit,
1079 1055 1185 1120 altero
1211 1057 1329 1137 ignaro
1352 1054 1404 1120 vel
1431 1053 1485 1118 ab·

380 1163 564 1220 nuente.-·
579 1153 796 1238 Quapropter
812 1157 951 1221 minime
966 1158 1168 1224 arbitramur
1182 1159 1283 1223 vestri
1299 1159 1485 1242 postulatus

377 1258 582 1340 aequitatem
608 1279 652 1323 ex
683 1279 723 1324 eo
755 1259 914 1324 infirmari
945 1263 1037 1344 quod
1069 1263 1182 1328 civiles
1213 1273 1365 1345 prostent
1397 1263 1484 1346 leges

213 1347 331 1465 pss‘jsssssx
376 1362 497 1444 quibus
511 1362 680 1428 diversum
696 1364 747 1429 ius
763 1364 994 1430 constituatur.
1011 1403 1054 1416 -
1070 1365 1190 1450 Neque
1217 1367 1397 1448 praeterire
1413 1386 1484 1452 pos-

197 1466 245 1584 δέῃ
253 1464 350 1585 {332ss
375 1485 490 1529 sumus
506 1468 664 1532 acerbum
681 1468 763 1533 illud
780 1468 889 1533 Nobis
905 1471 1067 1534 accidisse
1082 1470 1173 1554 quod
1190 1472 1301 1535 omnis
1317 1470 1483 1553 {etampes

196 1599 231 1630 sas
272 1587 349 1654 aspar·
375 1571 544 1636 adimatur
560 1573 757 1636 reversionis
781 1574 946 1657 religiosis
975 1575 1155 1652 sodalibus,
1171 1595 1315 1658 quorum
1341 1574 1483 1639 salutare

192 1645 264 1762 322⁶
279 1658 349 1749 ,2¹¹2
375 1675 503 1738 civibus
530 1675 752 1740 ministerium
780 1686 840 1756 est,
856 1698 895 1741 ac
920 1678 1003 1761 legis
1028 1678 1150 1757 favore,
1165 1698 1233 1762 quo
1261 1678 1389 1743 iamdiu
1408 1697 1485 1743 usae

196 1761 349 1868 ‚ffiffffss
374 1776 515 1854 fuerant,
531 1777 690 1862 indignae
706 1780 892 1846 habeantur
918 1783 1065 1866 virgines
1080 1781 1156 1847 Deo
1181 1784 1333 1858 devotae,
1349 1801 1437 1864 quae
1453 1785 1483 1846 in

194 1885 265 1926 ‘²²⁸²‘-
375 1881 495 1963 puellis
511 1881 725 1953 instituendis
742 1885 824 1950 utile
851 1887 1081 1968 magisterium
1109 1896 1277 1951 exercent
1294 1886 1399 1950 Plena
1415 1887 1484 1970 qui·

375 1987 452 2050 dem
480 1988 660 2071 aequitatis
684 1999 735 2054 est
751 1988 840 2056 sacta
868 1993 963 2054 vobis
989 1991 1137 2073 sponsio,
1152 1992 1328 2056 abfuturos
1347 2011 1421 2056 esse
1443 1991 1486 2055 ab

196 2093 349 2200 dul-Jergflssff
375 2091 538 2156 electione
566 2093 820 2160 Moderatorum
846 2095 1048 2178 regularium
1073 2094 1241 2161 Ordinum
1269 2104 1303 2158 et
1328 2104 1483 2159 votorum

195 2212 237 2282 rus
253 2214 349 2274 regula-
375 2197 625 2278 nuncupatione
649 2199 736 2263 viros
763 2199 937 2282 delegatos
953 2221 974 2262 a
988 2200 1077 2263 civili
1104 2208 1298 2281 potestate,
1324 2208 1359 2262 at
1385 2198 1486 2262 huius

196 2286 349 2401 {immi
375 2300 605 2383 promissionis
630 2303 679 2366 vis
704 2323 815 2368 exeo
842 2303 1002 2368 minuitur
1029 2303 1119 2387 quod
1147 2301 1257 2368 adhuc
1282 2303 1394 2368 aditus
1422 2301 1488 2365 illis

197 2405 245 2438 ’Μ’
374 2415 489 2487 patere
504 2405 643 2485 dicatur,
658 2408 686 2470 si
702 2427 754 2470 res
770 2429 808 2472 ac
824 2418 958 2492 tempus
969 2409 1121 2474 videatur
1136 2408 1315 2491 postulare.
1328 2443 1367 2456 -
1387 2405 1485 2472 Cete-

196 2575 225 2606 ex
248 2502 349 2620 lim
374 2529 447 2573 rum
464 2508 545 2573 dum
561 2512 687 2576 damna
702 2512 874 2592 deflemus,
890 2533 976 2597 quae
992 2533 1037 2576 ex
1054 2512 1183 2576 reiectis
1200 2511 1354 2594 precibus
1367 2509 1486 2574 vestris

193 2623 349 2726 affimat
376 2615 556 2680 Bavaricae
572 2615 743 2680 Ecclesiae
769 2629 848 2682 sunt
874 2619 1010 2694 oritura,
1026 2619 1178 2682 nondum
1195 2636 1290 2700 spem
1307 2616 1483 2680 abiicimus

191 2740 264 2808 frans,
304 2754 349 2785 m.
375 2718 444 2784 sore
457 2727 494 2783 ut
504 2719 598 2784 Deus
614 2720 799 2786 misericors
810 2733 1019 2805 praesentem
1031 2722 1136 2786 leniat
1147 2723 1361 2804 asperitatem
1374 2739 1483 2785 rerum

197 2801 261 2846 lrora
294 2804 349 2844 tem·
685 2825 691 2838 ·
994 2825 1000 2838 .
1178 2826 1213 2839 ..
1382 2825 1390 2838 .

192 2865 255 2918 pora
271 2872 285 2903 a
300 2863 350 2902 „w
376 2832 409 2886 et
434 2833 588 2906 tempora
615 2825 712 2889 vobis
734 2827 898 2890 concedat
922 2825 1072 2889 laetiora.
1089 2825 1129 2888 Id
1157 2837 1255 2888 cirrus
1280 2822 1336 2888 fiet
1363 2844 1391 2888 sr
1407 2845 1483 2887 curn

197 2917 351 3022 Qumdssffj
377 2923 449 2986 zelo
473 2921 676 2988 Antistitum
701 2925 917 2990 connitantur
947 2925 1101 2988 certatim
1129 2923 1278 2989 fidelium
1310 2923 1486 2987 studiant

193 3042 280 3097 rectat-
377 3045 502 3092 errores
519 3027 691 3093 Ecclesiae
718 3029 876 3105 infensos,
891 3048 976 3111 quos
1003 3028 1069 3092 alia
1093 3028 1171 3093 tulit
1197 3037 1300 3102 aetas,
1329 3026 1486 3110 profliget

377 3133 527 3197 veritatis
544 3133 594 3196 vis
610 3143 643 3196 et
659 3133 738 3196 iuris
754 3131 946 3196 auctoritas.

225 3249 350 3316 [aenima-
420 3237 472 3302 Tu
500 3255 588 3312 vero,
617 3235 828 3299 Venerabilis
855 3235 980 3314 Frater,
1005 3255 1172 3298 unacum
1203 3232 1277 3298 aliis
1305 3233 1485 3316 Episcopis

202 3314 350 3412 piam?
377 3340 527 3405 Bavarici
544 3341 647 3422 regni,
661 3359 761 3422 perge
776 3347 969 3402 constanter
983 3336 1153 3401 Ecclesiae
1169 3337 1240 3401 iura
1256 3338 1485 3418 tueri,tuoque

200 3425 350 3543 ,ffjss‘ffjfffge
377 3445 562 3508 ministerio
577 3443 719 3526 impigre
734 3443 881 3525 defungi.
893 3479 936 3489 -
948 3441 1076 3522 Ampla
1089 3441 1184 3504 vobis
1200 3441 1306 3504 aDeo
1321 3440 1485 3504 tribuetur

201 3545 269 3590 “ici‘-
378 3567 513 3625 merces,
528 3557 562 3610 et
586 3567 606 3610 a
633 3546 729 3610 bonis
757 3547 912 3610 omnibus
939 3544 1012 3608 laus
1037 3546 1064 3608 si
1091 3565 1150 3628 per
1174 3563 1233 3608 vos
1248 3543 1399 3608 veritatis
1415 3563 1482 3606 vox

377 3670 549 3734 nunquam
566 3651 687 3714 obruta
701 3649 912 3714 conticescat.
930 3648 1055 3713 Curate
1071 3657 1108 3713 ut
1123 3647 1241 3712 crediti
1258 3647 1354 3710 vobis
1365 3664 1485 3729 greges

377 3755 451 3834 fide,
461 3755 663 3832 innocentia,
674 3753 858 3820 officiorum
875 3755 1037 3830 custodia,
1049 3753 1188 3818 caritate
1199 3751 1356 3816 omnibus
1368 3768 1482 3813 exem·

376 3862 432 3946 plo
457 3861 524 3925 sint
538 3881 547 3939 ;
572 3861 740 3925 ostendite
765 3859 947 3942 paratiores
971 3879 1031 3922 vos
1056 3877 1128 3921 esse
1154 3866 1190 3920 ut
1214 3855 1301 3920 bene
1315 3857 1360 3919 de
1375 3853 1482 3936 patria

377 3962 570 4029 mereamini
596 3983 697 4046 quarn
725 3973 974 4044 contemptores
1001 3961 1172 4046 religionis
1202 3960 1311 4042 parati
1342 3957 1409 4022 sint
1437 3957 1479 4019 ad

377 4069 575 4133 nocendum.
594 4068 633 4130 ld
660 4088 700 4131 eo
725 4067 850 4131 valebit
874 4077 911 4130 ut
938 4066 1095 4130 omnibus
1119 4066 1256 4128 demum
1285 4081 1477 4146 persuasum

375 4174 418 4236 sit
445 4170 573 4236 nullum
602 4168 728 4234 firmius
758 4170 961 4252 praesidium
993 4189 1066 4232 esse
1096 4186 1164 4249 quo
1195 4165 1300 4230 civilis
1326 4166 1480 4231 fulciatur

375 4278 566 4352 auctoritas
579 4297 680 4358 quam
697 4296 827 4341 sacrum
839 4275 1059 4338 ministerium
1076 4283 1223 4338 vestrum
1240 4271 1369 4337 cunctis
1385 4269 1478 4334 nexi-

377 4383 438 4445 bus
454 4381 662 4464 expeditum.
678 4417 721 4430 -
737 4381 809 4444 Nos
824 4379 957 4444 interim
975 4377 1086 4442 Deum
1104 4377 1275 4460 adprecati
1302 4385 1340 4440 ut
1355 4375 1478 4439 fructus
