3172 4874
202 333 447 410 ossismos
469 355 519 409 ss.
539 355 685 422 comus,
706 357 836 422 nequa
853 357 1083 409 conconnm.
1130 353 1196 430 175

96 554 185 621 quae
214 535 257 602 ad
289 533 485 616 religionem
521 534 692 617 pertinent
720 534 903 614 videamus,
933 535 1014 610 illud
1050 536 1199 601 maxime
1263 549 1342 638 ΜΞΝ

98 637 208 706 Nobis
224 637 258 702 in
275 637 364 703 votis
387 645 448 716 est,
462 644 500 701 ut
520 637 806 721 quemadmodum
823 657 891 704 una
904 639 1056 704 omnium
1073 639 1202 706 Galliae
1273 645 1331 706 1891

97 727 246 809 fidelium
262 743 370 825 pietas
385 741 429 806 ad
445 741 549 806 votivi
575 742 693 826 templi
717 743 841 807 molem
861 742 1076 809 excitandam
1093 745 1202 827 splen·

97 846 177 914 dide
193 845 325 923 effulsit,
341 845 388 911 ita
404 864 471 910 una
485 845 636 910 omnium
652 865 731 910 cura
757 847 800 912 ad
826 846 1012 912 catholicae
1034 847 1203 930 religionis

97 948 368 1014 incolumitatem
391 958 426 1014 et
448 969 600 1014 caussam
616 950 661 1014 'in
692 951 801 1033 patria
825 951 985 1016 tuendam
1012 959 1145 1016 constet
1169 958 1203 1014 et
1228 1004 1377 1064 mum&

95 1056 217 1139 vigeat,
233 1062 268 1118 et
282 1052 456 1118 silentibus
479 1054 624 1136 partium
640 1053 768 1133 studiis,
784 1055 904 1138 quibus
929 1055 1093 1120 bonorum
1116 1055 1202 1120 vires
1226 1066 1342 1110 tuendam

94 1158 302 1235 minuuntur,
317 1156 481 1223 malorum
498 1166 671 1240 augentur,
691 1178 759 1224 una
773 1158 817 1224 sit
831 1158 982 1224 omnium
999 1159 1202 1242 conspiratio
1226 1123 1346 1230 {iim

95 1270 132 1327 et
154 1281 336 1326 consensus
351 1261 394 1326 ad
410 1261 551 1344 gloriam
568 1264 831 1327 conservandam
847 1283 887 1328 ea
903 1263 1039 1328 natione
1054 1262 1202 1350 dignam,

99 1384 186 1448 quae
203 1363 317 1429 inclita
330 1363 493 1430 maiorum
506 1365 626 1430 virtute
639 1365 845 1448 praeclarum
861 1367 895 1430 in
913 1365 1063 1430 Ecclesia
1080 1384 1202 1428 nomen

88 1477 130 1534 et
145 1469 348 1552 dignitatem
372 1468 526 1534 obtinuit
544 1469 622 1534 Hoc
638 1469 794 1535 nimirum
810 1479 862 1534 est
877 1489 1029 1534 curarum
1051 1469 1200 1533 omnium

92 1583 127 1638 et
145 1572 319 1637 foederum
336 1572 591 1652 nobilissimum,
615 1573 659 1637 ad
685 1574 777 1657 quod
805 1574 877 1657 ipsa
891 1571 1035 1656 [divinae
1055 1573 1203 1638 veritatis

96 1697 179 1743 voce
194 1697 362 1754 vocamur,
376 1697 463 1761 quae
478 1677 577 1742 docet
593 1680 822 1761 quaerendum
838 1687 918 1743 ante
933 1678 1047 1744 omnia
1062 1696 1201 1761 regnum

94 1779 161 1844 Dei
187 1789 221 1844 et
248 1771 409 1844 iustitiam
430 1779 511 1858 eius,
525 1800 566 1844 ac
592 1781 780 1846 mercedem
803 1781 928 1846 exinde
953 1800 1087 1863 sperare
1101 1779 1203 1858 iubet,

99 1904 167 1968 qua
182 1883 275 1948 Deus
291 1884 425 1967 pietatis
452 1893 487 1949 et
501 1884 647 1950 iustitiae
661 1885 790 1950 cultum
814 1905 854 1950 ac
869 1885 976 1950 zelum
993 1885 1129 1949 honoris
1144 1884 1204 1962 sui,

99 2008 166 2054 non
183 1987 216 2052 in
228 1988 326 2052 caelis
342 1988 461 2068 solum,
470 1989 528 2053 sed
545 1998 580 2053 et
594 1991 628 2053 in
644 1990 740 2054 terris
755 1999 995 2056 remuneratur.
1012 1990 1108 2054 Haec
1118 2009 1204 2074 quae

97 2111 143 2158 ex
158 2093 288 2175 paterni
306 2089 421 2156 Nostri
446 2092 555 2156 cordis
580 2093 614 2156 in
630 2113 690 2158 vos
706 2093 845 2159 caritate
867 2093 1020 2170 dicimus,
1035 2113 1076 2158 eo
1091 2094 1205 2157 animo

101 2195 217 2261 fideles
242 2194 358 2261 Gallos
382 2203 583 2278 excepturos
610 2195 817 2274 confidimus,
832 2215 932 2278 quem
949 2196 982 2258 in
1000 2194 1075 2258 filiis
1090 2215 1206 2260 aman·

93 2299 233 2365 tissimis
264 2308 298 2363 et
325 2299 504 2362 carissimis
542 2319 675 2382 semper
711 2299 919 2382 agnovimus.
949 2335 993 2348 -
1025 2299 1203 2364 Caeterum
1252 2337 1381 2396 Imm,

99 2423 225 2481 eorum,
234 2422 320 2486 quae
336 2423 356 2465 a
373 2401 481 2466 Nobis
496 2403 682 2486 postulasti,
694 2403 826 2468 Dilecte
843 2402 907 2467 Fili
923 2403 1055 2480 Noster,
1070 2422 1205 2467 omnem
1231 2398 1280 2444 ‘³⁰⁸
1297 2397 1381 2442 ‘’mn''

1230 2471 1273 2502 one
1290 2455 1383 2501 dedica·

101 2502 267 2568 rationem
282 2500 454 2580 habentes,
476 2504 675 2568 auctoritate
701 2501 826 2566 Nostra
840 2501 1042 2586 Apostolica
1067 2501 1207 2566 libenter
1232 2515 1308 2584 rionis
1328 2516 1382 2585 ,ru-

100 2607 325 2686 concedimus,
340 2616 378 2672 ut
393 2629 414 2672 a
429 2609 484 2673 die
510 2623 525 2691 5
544 2608 692 2691 proximi
710 2609 796 2673 Iunii
813 2610 856 2674 ad
872 2609 1004 2674 tertiam
1022 2608 1100 2674 Iulii
1116 2628 1208 2673 men·
1227 2574 1388 2680 iiim?

105 2713 160 2790 sis,
175 2711 265 2794 quod
280 2720 415 2796 tempus
430 2712 634 2778 dedicationi
650 2713 767 2796 templi
783 2713 870 2778 sesto
884 2713 976 2778 cultu
992 2713 1210 2778 celebrandae
1235 2693 1388 2800 mecon-

107 2811 327 2877 constitutum
357 2822 416 2892 est,
440 2822 513 2881 tum
540 2817 615 2899 ipso
641 2816 862 2881 dedicationis
878 2817 941 2896 die,
957 2826 1028 2883 tum
1056 2798 1212 2884 omnibus

105 2915 285 2981 dominicis
299 2917 428 2996 diebus,
445 2939 507 2984 nec
526 2939 593 2985 non
610 2919 644 2984 in
661 2919 754 2984 iestis
771 2919 966 2986 Natiuitatis
986 2922 1212 2988 Praecursoris

104 3019 256 3099 Domini,
271 3020 361 3086 beati
389 3023 477 3088 Petri
495 3023 738 3108 Apostolorum
765 3025 937 3109 Principis,
951 3034 985 3091 et
1000 3027 1212 3094 Visitatiouis

106 3124 274 3207 Deiparae
300 3122 460 3209 Virginis,
486 3147 604 3193 omnes
634 3129 806 3211 utriusque
837 3133 940 3194 sexus
964 3128 1079 3195 fideles
1102 3151 1212 3196 sacra·

105 3225 245 3292 mentali
269 3227 637 3314 consessione‘peracta
661 3239 696 3296 et
717 3251 811 3296 sacra
835 3215 1035 3297 eucharistia
1054 3241 1212 3316 percepta

106 3327 291 3412 plenariam
319 3331 541 3398 admissorum
569 3334 812 3418 indulgentiam
839 3336 873 3399 in
904 3335 1012 3400 forma
1042 3333 1213 3400 Ecclesiae

108 3441 268 3498 consueta
284 3435 444 3517 consequi
466 3436 595 3519 possint
614 3457 653 3502 ac
670 3435 823 3504 valcant:
847 3437 995 3520 itemque
1020 3437 1139 3503 eadem
1154 3459 1211 3504 au·

106 3537 262 3602 ctoritate
288 3538 414 3604 Nostra
436 3540 622 3618 tribuimus,
650 3549 686 3606 ut
710 3561 829 3607 omnes
849 3539 964 3608 fideles
985 3541 1042 3626 qui
1063 3542 1212 3607 votivum

105 3643 272 3727 templum
289 3645 410 3710 devote
424 3647 577 3726 adierint,
592 3647 704 3730 ibique
720 3649 792 3732 pias
807 3648 851 3712 ad
872 3648 984 3713 Deum
1001 3668 1116 3732 preces
1132 3649 1212 3714 effu·

106 3748 227 3828 derint,
249 3749 493 3832 indulgentiam
511 3761 639 3836 septem
661 3773 825 3818 annorum
846 3753 1056 3838 totidemque
1071 3754 1212 3837 quadra·

105 3869 278 3933 genarum,
298 3873 358 3938 per
371 3864 478 3920 totam
500 3855 720 3921 dedicationis
737 3855 976 3935 celebritatem,
1002 3876 1215 3941 quocumque

107 3952 165 4018 die
193 3953 227 4018 id
262 3957 402 4039 egerint,
424 3957 458 4022 in
490 3957 596 4024 forma
627 3958 798 4024 Ecclesiae
828 3970 989 4025 consueta
1022 3957 1215 4024 lucrentur:

108 4067 281 4139 praeterea
311 4059 505 4127 facultatem
529 4061 601 4142 tibi,
630 4061 727 4128 iuxta
756 4082 871 4146 preces
897 4062 1037 4142 oblatas,
1066 4063 1216 4146 iacimus,

110 4159 305 4228 solemniter
330 4162 549 4232 benedicendi
573 4165 700 4250 populo
720 4186 797 4232 cum
822 4167 972 4251 plenaria
992 4168 1215 4234 admissorum

110 4266 321 4351 indulgentia
349 4267 476 4334 Nostro
502 4271 638 4336 nomine
661 4279 695 4336 et
719 4271 918 4338 auctoritate
936 4283 1014 4357 post
1028 4292 1123 4338 sacra
1139 4271 1216 4336 mis·

114 4389 227 4434 sarum
243 4369 415 4450 solemnia,
438 4371 535 4438 iuxta
551 4373 649 4442 ritum
676 4383 710 4438 et
736 4373 877 4441 sormam
901 4395 922 4440 a
946 4375 1103 4441 Romana
1127 4372 1217 4441 Sede
