3230 4874
172 373 223 422 DE
242 369 423 422 STATUTIS
440 371 641 422 SEMlNARIl
661 370 849 420 COMILLAS
870 371 1092 425 PROBANDIS.
1155 379 1220 444 l27

112 549 310 614 seminariis.
326 549 438 612 Morte
454 547 639 629 intercepto
654 545 818 626 Antonio,
834 567 934 631 quem
959 550 1023 615 hoc
1039 551 1175 635 pietatis
1191 561 1224 614 et
1259 551 1398 651 Dssggm'

111 653 286 737 religionis
310 651 527 735 conspicuum
559 670 644 733 opus
674 651 864 734 posteritati
894 652 1154 730 commendabit,
1182 656 1224 718 ab
1289 661 1355 720 18⁹⁰·

110 759 186 823 eius
201 755 270 820 filio
286 754 431 822 Claudio
443 752 635 818 marchione
647 754 689 817 de
703 753 873 832 Comillas‚
884 753 1059 820 clarissimi
1076 758 1223 839 parentis

110 859 165 923 sui
195 858 345 942 vestigiis
375 857 569 921 inhaerente
607 856 833 941 singularique
865 858 979 923 studio
1016 867 1050 924 et
1088 859 1223 942 pietatis

109 963 232 1028 ardore
248 963 352 1046 patris
373 961 424 1025 sui
439 959 605 1024 voluntati
632 959 897 1043 obtemperante,
912 962 1075 1027 eximium
1100 963 1164 1026 hoc
1180 963 1222 1026 ab

109 1071 186 1151 ipso
211 1077 307 1150 patre
333 1087 394 1131 suo
420 1066 652 1149 excogitatum
678 1075 712 1131 et
739 1065 932 1151 incoeptum
958 1088 1043 1151 opus
1059 1069 1150 1132 omni
1178 1089 1222 1131 ex

111 1182 208 1255 parte
230 1171 317 1235 adeo
343 1169 527 1252 perfectum
554 1167 814 1252 absolutumque
840 1180 900 1250 est,
930 1171 1092 1254 divitique
1122 1192 1222 1236 censu

113 1278 289 1353 donatum,
310 1275 431 1339 utiam
455 1271 638 1356 spectabile
653 1273 854 1338 christianae
870 1275 950 1340 artis
967 1284 1221 1341 monumentum

112 1389 208 1445 extet
234 1379 277 1444 ad
303 1377 472 1460 religionis
496 1378 599 1442 decus
624 1387 657 1442 et
685 1376 875 1445 utilitatem.
901 1377 980 1462 Quo
1004 1400 1083 1444 vero
1106 1380 1223 1444 uberes

110 1484 282 1566 lectosque
297 1502 343 1545 ex
358 1483 422 1546 hoc
438 1481 618 1545 seminario
634 1481 760 1547 fructus
786 1482 818 1547 in
844 1503 964 1548 aevum
980 1485 1158 1567 prodeant,
1180 1483 1223 1548 ab

107 1589 231 1653 eodem
246 1585 371 1651 dilecto
387 1584 455 1649 filio
480 1585 624 1651 Claudio
649 1587 782 1668 petitur,
806 1595 843 1651 ut
866 1587 979 1651 studia
994 1588 1028 1650 in
1044 1587 1108 1651 hoc
1125 1587 1223 1650 semi·

108 1693 205 1757 nario
221 1692 282 1756 rite
298 1689 452 1755 absoluta
467 1689 586 1755 iisdem
603 1689 814 1773 perfruantur
837 1690 964 1755 iuribus
979 1712 1018 1755 ac
1042 1688 1222 1774 privilegiis

109 1817 151 1861 ac
178 1796 207 1860 si
231 1805 342 1860 essent
369 1794 402 1857 in
432 1793 505 1857 aliis
529 1793 715 1858 seminariis
740 1793 934 1878 Hispanicis
958 1794 1104 1879 expleta,
1120 1806 1223 1876 utque
1266 1811 1397 1870 Exponat-

108 1900 261 1966 eiusdem
278 1897 447 1962 seminarii
471 1897 631 1962 sacellum
656 1897 710 1962 die
729 1896 815 1963 festo
839 1899 946 1962 sancti
961 1897 1105 1964 Antonii
1123 1899 1219 1962 Pata·
1247 1873 1397 1974 {messss'm'

109 2005 180 2070 vini
204 2002 418 2068 visitantibus
442 2001 627 2085 plenariam
653 2011 867 2084 peccatorum
892 2022 1028 2067 suorum
1045 2003 1219 2085 indulgen·
1239 1990 1357 2100 imm·

108 2107 193 2172 tiam
220 2108 403 2170 concedere
427 2104 576 2168 velimus.
604 2105 780 2168 Praeterea
805 2103 1012 2187 supplicatur
1037 2115 1074 2168 ut
1090 2107 1219 2188 praedi·

110 2219 204 2275 ctum
221 2210 313 2292 pium
342 2207 532 2273 institutum
561 2207 688 2273 Nostro
708 2224 747 2272 ac
772 2227 1000 2272 successorum
1018 2208 1218 2272 Nostrorum

109 2333 325 2379 romanorum
358 2311 557 2376 Pontificum
589 2311 775 2393 patrocinio
806 2319 1010 2393 protegatur,
1041 2319 1142 2393 atque
1176 2314 1218 2374 ad

107 2418 331 2501 patrocinium
361 2417 425 2480 hoc
456 2414 622 2480 efficacius
653 2415 880 2479 exercendum
905 2424 939 2479 et
971 2415 1014 2478 ad
1041 2413 1219 2479 firmiorem

106 2520 219 2605 operis
243 2519 451 2584 saluberrimi
476 2519 653 2583 tuitionem
681 2517 900 2583 obtinendam
933 2518 1057 2582 nedum
1085 2519 1219 2583 aedium

105 2621 277 2689 seminarii
302 2623 361 2686 sed
385 2631 418 2686 et
434 2621 599 2686 bonorum
622 2621 773 2685 omnium
802 2621 903 2702 pleno
918 2621 990 2685 iure
1015 2622 1125 2685 Nobis
1151 2623 1221 2686 No-

55 2770 62 2782 ,
104 2728 250 2809 strisque
264 2725 510 2789 successoribus
533 2725 680 2789 romanis
698 2723 915 2790 Pontificibus
938 2725 1126 2790 dominium
1147 2745 1220 2808 per·

105 2840 209 2914 petuo
233 2829 383 2894 traditur.
408 2829 536 2893 Petitur
551 2829 688 2911 insuper
702 2837 740 2893 ut
756 2828 860 2910 ipsius
875 2829 1043 2894 seminarii
1072 2829 1163 2913 leges
1186 2839 1220 2894 et

105 2934 227 3016 capita,
268 2929 428 3014 suffragio
466 2932 718 2999 Venerabilium
765 2933 920 2996 Fratrum
962 2932 1218 3017 Archiepiscopi

106 3038 286 3120 Burgensis
314 3046 347 3100 et
375 3036 536 3121 Episcopi
567 3036 861 3102 Santanderiensis
892 3037 1028 3102 condita
1057 3057 1078 3101 a
1109 3037 1218 3101 Nobis
1266 3097 1395 3140 animm

103 3143 298 3225 probentur,
309 3150 419 3224 atque,
429 3141 477 3206 uti
494 3141 527 3204 in
544 3141 634 3205 hisce
650 3141 768 3205 litteris
778 3141 1001 3219 continentur,
1019 3142 1218 3206 auctoritate
1246 3154 1382 3200 senonens

104 3247 233 3310 Nostra
248 3245 446 3309 roborentur
461 3253 494 3308 et
510 3243 691 3323 firmentur,
708 3253 807 3329 prout
823 3255 1015 3328 sequnntur.
1028 3281 1070 3294 --
1087 3246 1112 3309 Ι.
1128 3245 1216 3308 Mar·
1311 3277 1330 3307 J.

104 3350 182 3413 chio
197 3349 240 3412 de
256 3347 419 3414 Comillas
434 3347 709 3412 excellentissimi
736 3347 866 3413 domini
882 3347 1026 3413 Antonii
1048 3348 1162 3430 Lopez
1184 3356 1218 3411 et
1244 3323 1394 3440 ,ssffijf‘

108 3453 223 3536 Lopez
249 3451 449 3536 pientissimi
475 3452 623 3535 parentis
638 3453 727 3517 votis
751 3451 985 3516 obsecundans
1002 3451 1218 3533 eiusdemque
1243 3455 1300 3486 'um
1316 3443 1395 3486 Μ·
1491 3487 1493 3490 -

1290 3515 1306 3543 u
1341 3518 1345 3528 “

105 3557 244 3621 nomine
258 3577 372 3640 agens
398 3555 431 3618 in
457 3556 585 3637 oppido
604 3569 621 3624 t
637 3555 832 3624 Comillas»
852 3577 891 3619 ac
914 3555 947 3618 in
972 3554 1110 3619 aedibus
1134 3577 1154 3618 a
1182 3576 1217 3620 se
1244 3514 1290 3545 w
1307 3515 1342 3553 Μ’

103 3659 249 3742 propriis
276 3657 466 3740 sumptibus
491 3658 655 3722 extructis
685 3659 901 3722 seminarium
933 3658 1057 3736 condit,
1084 3657 1117 3721 in
1150 3679 1217 3741 quo

107 3761 253 3843 Hispani
270 3761 500 3826 adolescentes
516 3773 609 3825 etex
625 3760 784 3825 America
802 3761 956 3843 Hispana
976 3759 1107 3825 oriundi
1124 3762 1216 3825 alan-

102 3875 158 3928 tur
173 3873 274 3948 atque
291 3863 520 3940 informentur,
535 3865 583 3928 uti
600 3863 633 3927 in
651 3872 822 3946 posterum
835 3864 953 3928 vineae
964 3863 1103 3928 Domini
1116 3885 1215 3929 exco-

102 3971 232 4049 lendae,
248 3972 316 4036 suis
332 3971 493 4054 cuiusque
510 3971 762 4034 moderantibus
775 3970 964 4052 Episcopis,
973 3971 1054 4034 dent
1070 3991 1216 4054 operam.

104 4074 195 4159 Quia
217 4095 296 4140 vero
312 4076 438 4140 bonum
455 4075 546 4156 quod
563 4075 758 4152 intenditur,
774 4094 841 4138 non
858 4074 968 4139 solum
985 4083 1036 4139 est
1052 4076 1218 4165 peculiare

104 4180 204 4244 unius
231 4171 402 4255 dioecesis,
427 4177 487 4242 sed
515 4177 665 4241 maxime
691 4177 876 4241 universale
898 4178 1003 4242 totius
1021 4179 1218 4263 Hispaniae,

106 4284 184 4347 ideo
211 4303 255 4346 ex
282 4281 439 4347 omnibus
465 4289 500 4345 et
526 4280 667 4364 singulis
698 4281 861 4365 Hispanis
884 4282 1092 4347 dioecesibus
1117 4284 1217 4348 iidem

106 4407 248 4453 numero
264 4387 389 4452 alumni
405 4386 633 4452 admittentur.
645 4385 758 4452 Plures
775 4407 853 4452 vero
869 4408 914 4452 ex
930 4387 1088 4471 peculiari
1107 4387 1219 4472 aliqua
