3140 4866
150 376 159 402 ¹
266 383 318 434 ns
335 380 458 434 nanus
474 379 701 434 cnruorncrs
720 381 762 433 m
790 381 1006 436 uusrraxrs.
1120 377 1192 451 247

87 568 148 636 tus,
164 579 265 644 quem
283 579 410 626 morem
427 579 530 643 penes
556 579 617 624 vos
642 560 744 626 etiam
768 560 882 624 induci
897 570 931 627 et
946 560 1042 625 vobis
1057 560 1091 624 in
1107 558 1196 623 votis

88 682 159 728 esse
175 667 329 730 novimus
344 675 379 730 et
397 665 466 748 Ipsi
483 684 689 749 magnopere
703 675 872 749 optamus,
886 685 991 748 quum
1019 666 1109 730 bona
1124 665 1195 731 eius

86 787 151 850 ope
166 768 318 851 religioni
343 779 448 853 parta,
464 769 642 852 multiplici
667 778 701 834 et
725 768 895 834 constanti
918 768 1072 834 eluceant
1092 789 1195 852 expe·

88 874 226 938 rientiae
255 874 460 942 testimonio.
482 911 526 924 -
549 873 639 940 Sane
669 892 715 936 ex
745 872 938 938 huiusmodi
968 881 1195 938 conventuum
1222 859 1372 968 ffigjnfij·

88 975 273 1060 frequentia
304 978 450 1061 primum
481 997 522 1042 ea
553 977 712 1060 sequitur,
742 995 844 1060 quam
873 977 1036 1056 diximus,
1064 995 1197 1042 summa
1215 980 1375 1098 {wlff

87 1081 264 1145 consensio
286 1091 321 1146 et
346 1081 553 1147 consociatio
577 1081 709 1158 virium,
725 1100 811 1165 quae
826 1100 893 1146 una
909 1081 1041 1163 magnis
1056 1079 1197 1164 inceptis
1228 1074 1376 1158 vasomajo‘r

85 1180 214 1247 faustos
230 1184 310 1248 dare
326 1193 438 1267 potest
450 1184 573 1263 exitus,
582 1193 657 1250 tum
670 1183 864 1251 coeuntium
874 1182 1077 1249 Antistitum
1090 1181 1198 1264 magis
1224 1158 1375 1277 ξῖξζαξζρ

87 1287 263 1371 magisque
300 1287 525 1363 incenduntur
554 1289 598 1354 ad
632 1289 802 1373 agendum
818 1345 823 1355 .
840 1287 954 1364 animi,
983 1285 1199 1354 confirmatur
1220 1289 1316 1338 W*

85 1389 219 1471 fiducia,
245 1393 484 1458 collustrantur
510 1403 642 1460 mentes
666 1393 798 1458 collatis
824 1391 972 1458 consiliis
997 1400 1032 1456 et
1055 1390 1197 1455 invicem

86 1497 274 1580 sapientiae
299 1497 482 1564 luminibus
511 1499 779 1564 communicatis.
808 1496 866 1562 Ad
896 1497 980 1561 haec
1010 1515 1070 1578 per
1097 1493 1199 1560 hosce

84 1609 203 1666 coetus
230 1602 389 1667 sternitur
415 1603 470 1668 via
493 1601 750 1686 quodammodo
773 1619 851 1664 cum
867 1599 910 1664 ad
926 1599 1143 1664 dioecesanas
1166 1605 1201 1662 et

86 1703 308 1785 provinciales
334 1705 508 1772 habendas
538 1703 708 1789 Synodos,
722 1713 796 1769 tum
821 1703 865 1768 ad
886 1701 1077 1786 cogendum
1093 1698 1200 1766 natio·

86 1806 162 1872 nale
184 1807 376 1888 concilium,
396 1808 492 1874 cuius
507 1807 770 1874 celebrationem
795 1805 891 1872 vobis
917 1807 952 1870 iu
974 1805 1101 1889 optatis
1128 1823 1201 1868 esse

88 1931 294 1998 magnopere
317 1915 515 1998 gaudemus,
541 1933 617 1979 eam
641 1933 789 1996 namque
811 1913 970 1978 diuturna
991 1911 1200 1994 experientia

87 2018 242 2083 utilitatis
258 2038 277 2082 e
293 2018 457 2084 similibus
480 2018 685 2102 praegressis
705 2027 827 2100 captae
841 2016 1057 2083 vehementer
1072 2019 1201 2094 suadet,

86 2131 121 2186 et
150 2141 321 2187 sacrorum
359 2140 529 2187 canonum
567 2120 773 2205 praescripta
804 2121 964 2184 maiorem
996 2119 1030 2182 in
1061 2121 1199 2186 modum

82 2227 337 2292 commendant.
346 2263 390 2276 -
400 2226 503 2292 Porro
517 2243 565 2290 ex
581 2225 711 2302 annuis,
724 2243 809 2306 quos
824 2224 984 2301 diximus,
996 2222 1199 2288 Antistitum

82 2330 308 2395 conventibus
332 2329 415 2396 illud
442 2329 545 2395 etiam
572 2329 739 2413 optimum
765 2326 915 2410 sequitur
941 2335 979 2390 ut
994 2325 1069 2390 laici
1085 2325 1201 2392 fideles

85 2437 181 2502 novis
198 2437 301 2502 veluti
325 2437 472 2503 stimulis
495 2437 644 2502 admotis
670 2435 813 2501 alacrius
834 2435 1026 2518 gradientes
1041 2454 1081 2500 ea
1096 2454 1198 2517 quarn

82 2540 189 2606 iniere
204 2543 418 2626 viapergant
433 2550 468 2607 et
479 2540 542 2625 ipsi
558 2548 747 2604 conventus
761 2558 870 2622 agere,
884 2537 1024 2603 consilia
1039 2538 1199 2618 conterre,

84 2644 275 2727 iunctisque
287 2645 412 2710 viribus
423 2643 551 2710 conniti
564 2642 608 2708 ad
620 2659 835 2708 communem
851 2641 1012 2707 tuendam
1028 2639 1198 2726 religionis

82 2767 250 2826 caussam,
259 2769 298 2813 ac
308 2749 401 2813 dicto
416 2749 594 2815 audientes
610 2746 805 2812 Pastoribus
815 2747 883 2812 suis
895 2765 935 2810 ea
945 2745 1092 2811 studiose
1103 2763 1198 2828 pera·

84 2871 164 2936 gere
179 2871 266 2934 quae
282 2853 326 2916 ab
341 2851 422 2934 ipsis
445 2851 645 2917 docentibus
672 2857 706 2914 et
723 2849 978 2915 cohortantibus
992 2848 1197 2932 exceperint.

85 2955 207 3040 Neque
222 2975 302 3020 vero
317 2956 612 3040 congredientibus
627 2955 724 3021 vobis
739 2955 774 3018 iu
791 2953 942 3019 coetibus
958 2954 1078 3020 annuis
1094 2973 1198 3038 nego-

82 3059 209 3124 tiorum
236 3060 334 3142 copia
357 3057 513 3126 defutura
539 3069 602 3138 est,
632 3059 754 3143 quibus
780 3079 841 3123 vos
864 3066 1019 3140 oporteat
1045 3058 1195 3124 studium

83 3181 291 3246 operamque
316 3181 447 3229 navare
471 3164 563 3228 Nam
590 3171 722 3246 praeter
745 3160 927 3245 peculiaria
949 3162 1087 3244 negotia
1109 3180 1197 3244 quae
1230 3159 1374 3206 certamin

83 3264 171 3330 forte
198 3268 231 3330 in
264 3267 405 3350 singulis
434 3267 644 3332 dioecesibus
673 3265 862 3343 inciderint,
890 3285 1045 3348 quaeque
1074 3265 1196 3330 rectius
1220 3233 1353 3325 wlff

80 3371 240 3452 expediri
257 3372 427 3452 potuerint
441 3372 604 3438 adhibitis
613 3369 802 3450 communis
818 3369 1048 3452 experientiae
1063 3367 1196 3434 lumini·
1221 3338 1374 3444 {mm

84 3472 158 3554 bus,
172 3475 323 3558 amplam
340 3475 514 3559 praebebit
529 3485 679 3560 segetem
696 3474 895 3560 prudentiae
910 3481 943 3538 et
959 3471 1197 3538 consultationi
1216 3457 1375 3576 fimf·

84 3589 217 3644 vestrae
232 3579 430 3646 deliberatio
445 3591 480 3645 et
495 3582 692 3646 constitutio
707 3597 824 3644 eorum
846 3596 934 3661 quae
957 3577 1107 3642 maxime
1121 3595 1197 3660 pro·
1223 3585 1375 3681 l‘rl'tmlc'il

82 3679 199 3746 futura
214 3681 283 3745 sint
295 3682 337 3746 ad
351 3682 561 3748 incendenda
573 3684 786 3749 sacerdotum
799 3681 912 3746 studia
927 3681 984 3763 qui
1001 3679 1104 3746 modo
1119 3699 1197 3763 ope·
1225 3695 1257 3748 η’.

87 3798 203 3852 rantur
219 3788 254 3849 in
266 3787 363 3850 vinea
379 3787 528 3866 Domini,
546 3798 648 3871 atque
663 3787 707 3852 ad
720 3786 876 3851 alumnos
891 3782 1098 3848 excolendos
1113 3803 1199 3868 quos

85 3890 215 3955 enitere
230 3887 414 3972 aliquando
429 3891 598 3974 oportebit
624 3890 658 3954 in
685 3890 790 3954 domo
816 3887 881 3952 Dei
897 3885 1025 3951 solidae
1041 3885 1200 3952 scientiae

88 3989 226 4066 lumine,
241 3991 392 4072 germani
420 3990 556 4074 spiritus
582 3989 799 4054 ecclesiastici
821 3986 930 4064 laude,
945 3985 1038 4050 omni
1062 3987 1199 4051 demum

88 4093 349 4158 sacerdotalium
366 4094 527 4159 virtutum
543 4103 673 4160 ornatu.
688 4129 731 4142 -
748 4093 836 4157 Item
860 4098 1035 4173 paternam
1060 4089 1201 4173 vigilan·
1226 4089 1379 4209 sgffffij

89 4199 173 4264 tiam
189 4207 336 4262 vestram
352 4198 523 4264 exercebit
538 4198 682 4281 diligens
697 4195 869 4280 inquisitio
885 4213 1012 4272 eorum,
1026 4213 1113 4276 qnae
1128 4194 1201 4277 plu·
1367 4183 1375 4200 '

89 4303 214 4368 rimum
226 4303 401 4368 conferant
413 4312 451 4369 ut
462 4301 540 4369 fidei
552 4301 751 4368 rudimentis
767 4298 1013 4385 populusrecte
1023 4298 1202 4376 imbuatur,

91 4413 231 4494 eiusque
247 4409 455 4494 corrigantur
470 4427 588 4487 mores,
604 4418 641 4473 ut
652 4407 777 4491 scripta
792 4405 971 4488 vulgentur
985 4422 1073 4488 quae
1084 4423 1202 4478 sanam
