<?xml version="1.0" encoding="UTF-8"?>
<!DOCTYPE html PUBLIC "-//W3C//DTD XHTML 1.0 Transitional//EN"
    "http://www.w3.org/TR/xhtml1/DTD/xhtml1-transitional.dtd">
<html xmlns="http://www.w3.org/1999/xhtml" xml:lang="en" lang="en">
 <head>
  <title>
</title>
<meta http-equiv="Content-Type" content="text/html;charset=utf-8" />
  <meta name='ocr-system' content='tesseract 3.04.00' />
  <meta name='ocr-capabilities' content='ocr_page ocr_carea ocr_par ocr_line ocrx_word'/>
</head>
<body>
  <div class='ocr_page' id='page_1' title='image "./sanctissimidomi03xiiigoog_0658.png"; bbox 0 0 3140 4866; ppageno 0'>
   <div class='ocr_carea' id='block_1_1' title="bbox 484 401 1235 470">
    <p class='ocr_par' dir='ltr' id='par_1_1' title="bbox 484 401 1235 470">
     <span class='ocr_line' id='line_1_1' title="bbox 484 401 1235 470; baseline -0.005 -16"><span class='ocrx_word' id='word_1_1' title='bbox 484 404 604 454; x_wconf 81' lang='lat' dir='ltr'>moux</span> <span class='ocrx_word' id='word_1_2' title='bbox 632 403 880 456; x_wconf 75' lang='lat' dir='ltr'>nnnuvmcus.</span> <span class='ocrx_word' id='word_1_3' title='bbox 1165 401 1235 470; x_wconf 87' lang='lat'>293</span> 
     </span>
    </p>
   </div>
   <div class='ocr_carea' id='block_1_2' title="bbox 1182 545 1236 596">
    <p class='ocr_par' dir='ltr' id='par_1_2' title="bbox 1182 545 1236 596">
     <span class='ocr_line' id='line_1_2' title="bbox 1182 545 1236 596; baseline 0 -11"><span class='ocrx_word' id='word_1_4' title='bbox 1182 545 1236 596; x_wconf 60' lang='grc' dir='ltr'>Ρη.</span> 
     </span>
    </p>
   </div>
   <div class='ocr_carea' id='block_1_3' title="bbox 195 624 1165 778">
    <p class='ocr_par' dir='ltr' id='par_1_3' title="bbox 195 624 1165 778">
     <span class='ocr_line' id='line_1_3' title="bbox 195 624 1165 699; baseline -0.003 -16"><span class='ocrx_word' id='word_1_5' title='bbox 195 629 277 684; x_wconf 87' lang='lat' dir='ltr'>sione</span> <span class='ocrx_word' id='word_1_6' title='bbox 288 627 478 684; x_wconf 79' lang='lat' dir='ltr'>dedicationis</span> <span class='ocrx_word' id='word_1_7' title='bbox 491 627 574 699; x_wconf 87' lang='lat' dir='ltr'>hujus</span> <span class='ocrx_word' id='word_1_8' title='bbox 585 627 712 682; x_wconf 85' lang='lat' dir='ltr'>basilicae</span> <span class='ocrx_word' id='word_1_9' title='bbox 724 626 875 682; x_wconf 84' lang='lat' dir='ltr'>lucrandas</span> <span class='ocrx_word' id='word_1_10' title='bbox 889 627 1012 695; x_wconf 86' lang='lat' dir='ltr'>benigne</span> <span class='ocrx_word' id='word_1_11' title='bbox 1033 624 1165 682; x_wconf 86' lang='lat' dir='ltr'>concedit</span> 
     </span>
     <span class='ocr_line' id='line_1_4' title="bbox 199 703 1003 778; baseline -0.006 -15"><span class='ocrx_word' id='word_1_12' title='bbox 199 721 256 778; x_wconf 80' lang='lat'>175.</span> <span class='ocrx_word' id='word_1_13' title='bbox 268 736 304 747; x_wconf 91' lang='lat'>-</span> <span class='ocrx_word' id='word_1_14' title='bbox 318 707 464 762; x_wconf 87' lang='lat' dir='ltr'>Christum</span> <span class='ocrx_word' id='word_1_15' title='bbox 478 724 528 777; x_wconf 90' lang='lat' dir='ltr'>pro</span> <span class='ocrx_word' id='word_1_16' title='bbox 542 708 633 762; x_wconf 90' lang='lat' dir='ltr'>salute</span> <span class='ocrx_word' id='word_1_17' title='bbox 647 706 748 762; x_wconf 83' lang='lat' dir='ltr'>Galliae</span> <span class='ocrx_word' id='word_1_18' title='bbox 760 706 930 776; x_wconf 88' lang='lat' dir='ltr'>deprecatur</span> <span class='ocrx_word' id='word_1_19' title='bbox 946 703 1003 772; x_wconf 86' lang='lat'>176.</span> 
     </span>
    </p>
   </div>
   <div class='ocr_carea' id='block_1_4' title="bbox 122 819 1235 1145">
    <p class='ocr_par' dir='ltr' id='par_1_4' title="bbox 122 819 1166 1062">
     <span class='ocr_line' id='line_1_5' title="bbox 158 819 1165 878; baseline -0.004 -8"><span class='ocrx_word' id='word_1_20' title='bbox 158 819 213 871; x_wconf 76' lang='lat'>48.</span> <span class='ocrx_word' id='word_1_21' title='bbox 235 820 440 870; x_wconf 77' lang='lat' dir='ltr'>LITTERAE</span> <span class='ocrx_word' id='word_1_22' title='bbox 459 819 717 870; x_wconf 78' lang='lat' dir='ltr'>ENCYCLICAE</span> <span class='ocrx_word' id='word_1_23' title='bbox 739 819 781 870; x_wconf 92' lang='lat' dir='ltr'>ad</span> <span class='ocrx_word' id='word_1_24' title='bbox 797 819 1016 878; x_wconf 79' lang='lat' dir='ltr'>Patrlarohas,</span> <span class='ocrx_word' id='word_1_25' title='bbox 1034 819 1165 868; x_wconf 81' lang='lat' dir='ltr'>Prima-</span> 
     </span>
     <span class='ocr_line' id='line_1_6' title="bbox 122 904 1166 970; baseline -0.007 -10"><span class='ocrx_word' id='word_1_26' title='bbox 122 914 179 968; x_wconf 83' lang='lat' dir='ltr'>tes‚</span> <span class='ocrx_word' id='word_1_27' title='bbox 197 907 467 970; x_wconf 75' lang='lat' dir='ltr'>Arohleplscopos</span> <span class='ocrx_word' id='word_1_28' title='bbox 479 912 511 959; x_wconf 85' lang='lat' dir='ltr'>et</span> <span class='ocrx_word' id='word_1_29' title='bbox 530 908 709 970; x_wconf 84' lang='lat' dir='ltr'>Episcopos</span> <span class='ocrx_word' id='word_1_30' title='bbox 726 909 898 959; x_wconf 79' lang='lat' dir='ltr'>universos</span> <span class='ocrx_word' id='word_1_31' title='bbox 911 907 1065 957; x_wconf 80' lang='lat' dir='ltr'>catholici</span> <span class='ocrx_word' id='word_1_32' title='bbox 1078 904 1166 955; x_wconf 88' lang='lat' dir='ltr'>orbis</span> 
     </span>
     <span class='ocr_line' id='line_1_7' title="bbox 123 994 1162 1062; baseline -0.006 -15"><span class='ocrx_word' id='word_1_33' title='bbox 123 997 265 1062; x_wconf 75' lang='lat' dir='ltr'>gratiam</span> <span class='ocrx_word' id='word_1_34' title='bbox 278 1000 310 1046; x_wconf 87' lang='lat' dir='ltr'>et</span> <span class='ocrx_word' id='word_1_35' title='bbox 322 997 592 1046; x_wconf 82' lang='lat' dir='ltr'>communionem</span> <span class='ocrx_word' id='word_1_36' title='bbox 605 1008 685 1047; x_wconf 83' lang='lat' dir='ltr'>oum</span> <span class='ocrx_word' id='word_1_37' title='bbox 698 997 886 1058; x_wconf 82' lang='lat' dir='ltr'>Apostollca</span> <span class='ocrx_word' id='word_1_38' title='bbox 900 995 979 1046; x_wconf 84' lang='lat' dir='ltr'>Sede</span> <span class='ocrx_word' id='word_1_39' title='bbox 995 994 1162 1044; x_wconf 84' lang='lat' dir='ltr'>habentes.</span> 
     </span>
    </p>

    <p class='ocr_par' dir='ltr' id='par_1_5' title="bbox 124 1081 1235 1145">
     <span class='ocr_line' id='line_1_8' title="bbox 124 1081 1235 1145; baseline -0.005 -10"><span class='ocrx_word' id='word_1_40' title='bbox 124 1084 174 1135; x_wconf 85' lang='lat' dir='ltr'>De</span> <span class='ocrx_word' id='word_1_41' title='bbox 187 1083 375 1134; x_wconf 84' lang='lat' dir='ltr'>conditione</span> <span class='ocrx_word' id='word_1_42' title='bbox 388 1084 606 1145; x_wconf 86' lang='lat' dir='ltr'>opinoum.-</span> <span class='ocrx_word' id='word_1_43' title='bbox 619 1083 657 1135; x_wconf 83' lang='lat'>15</span> <span class='ocrx_word' id='word_1_44' title='bbox 670 1085 753 1134; x_wconf 88' lang='lat' dir='ltr'>mall</span> <span class='ocrx_word' id='word_1_45' title='bbox 767 1081 878 1133; x_wconf 85' lang='lat' dir='ltr'>l89l...</span> <span class='ocrx_word' id='word_1_46' title='bbox 1185 1086 1235 1139; x_wconf 92' lang='lat'>177</span> 
     </span>
    </p>
   </div>
   <div class='ocr_carea' id='block_1_5' title="bbox 194 1181 1167 4505">
    <p class='ocr_par' dir='ltr' id='par_1_6' title="bbox 194 1181 1166 1652">
     <span class='ocr_line' id='line_1_9' title="bbox 231 1181 1165 1254; baseline -0.005 -14"><span class='ocrx_word' id='word_1_47' title='bbox 231 1187 420 1240; x_wconf 75' lang='lat' dir='ltr'>Exonnruru.</span> <span class='ocrx_word' id='word_1_48' title='bbox 442 1185 662 1240; x_wconf 86' lang='lat' dir='ltr'>OEconomicum</span> <span class='ocrx_word' id='word_1_49' title='bbox 675 1194 830 1254; x_wconf 89' lang='lat' dir='ltr'>certamen,</span> <span class='ocrx_word' id='word_1_50' title='bbox 852 1182 1002 1254; x_wconf 89' lang='lat' dir='ltr'>multiplici</span> <span class='ocrx_word' id='word_1_51' title='bbox 1020 1181 1100 1236; x_wconf 81' lang='lat' dir='ltr'>fonte</span> <span class='ocrx_word' id='word_1_52' title='bbox 1119 1197 1165 1236; x_wconf 90' lang='lat' dir='ltr'>or·</span> 
     </span>
     <span class='ocr_line' id='line_1_10' title="bbox 195 1261 1165 1335; baseline -0.007 -14"><span class='ocrx_word' id='word_1_53' title='bbox 195 1275 264 1332; x_wconf 90' lang='lat' dir='ltr'>tum,</span> <span class='ocrx_word' id='word_1_54' title='bbox 277 1263 461 1335; x_wconf 91' lang='lat' dir='ltr'>omniumque</span> <span class='ocrx_word' id='word_1_55' title='bbox 474 1264 569 1319; x_wconf 88' lang='lat' dir='ltr'>studia</span> <span class='ocrx_word' id='word_1_56' title='bbox 582 1281 693 1319; x_wconf 91' lang='lat' dir='ltr'>summe</span> <span class='ocrx_word' id='word_1_57' title='bbox 711 1274 822 1332; x_wconf 87' lang='lat' dir='ltr'>tenens,</span> <span class='ocrx_word' id='word_1_58' title='bbox 834 1273 929 1318; x_wconf 85' lang='lat' dir='ltr'>movet</span> <span class='ocrx_word' id='word_1_59' title='bbox 954 1261 1122 1318; x_wconf 88' lang='lat' dir='ltr'>Pontificem</span> <span class='ocrx_word' id='word_1_60' title='bbox 1135 1269 1165 1315; x_wconf 90' lang='lat' dir='ltr'>ut</span> 
     </span>
     <span class='ocr_line' id='line_1_11' title="bbox 195 1339 1164 1415; baseline -0.005 -16"><span class='ocrx_word' id='word_1_61' title='bbox 195 1345 347 1400; x_wconf 82' lang='lat' dir='ltr'>instantius</span> <span class='ocrx_word' id='word_1_62' title='bbox 359 1345 392 1397; x_wconf 83' lang='lat' dir='ltr'>de</span> <span class='ocrx_word' id='word_1_63' title='bbox 401 1344 558 1398; x_wconf 82' lang='lat' dir='ltr'>conditione</span> <span class='ocrx_word' id='word_1_64' title='bbox 570 1345 702 1414; x_wconf 76' lang='lat' dir='ltr'>opificum</span> <span class='ocrx_word' id='word_1_65' title='bbox 715 1345 847 1415; x_wconf 90' lang='lat' dir='ltr'>loquatur</span> <span class='ocrx_word' id='word_1_66' title='bbox 857 1343 1032 1408; x_wconf 69' lang='lat' dir='ltr'>177-Rem</span> <span class='ocrx_word' id='word_1_67' title='bbox 1045 1339 1164 1396; x_wconf 85' lang='lat' dir='ltr'>arduam</span> 
     </span>
     <span class='ocr_line' id='line_1_12' title="bbox 194 1419 1166 1494; baseline -0.004 -16"><span class='ocrx_word' id='word_1_68' title='bbox 194 1423 321 1478; x_wconf 87' lang='lat' dir='ltr'>simulet</span> <span class='ocrx_word' id='word_1_69' title='bbox 342 1422 531 1492; x_wconf 81' lang='lat' dir='ltr'>periculosam</span> <span class='ocrx_word' id='word_1_70' title='bbox 544 1435 741 1494; x_wconf 87' lang='lat' dir='ltr'>suscepturum</span> <span class='ocrx_word' id='word_1_71' title='bbox 764 1431 845 1491; x_wconf 85' lang='lat' dir='ltr'>urget</span> <span class='ocrx_word' id='word_1_72' title='bbox 858 1421 1028 1476; x_wconf 89' lang='lat' dir='ltr'>miserorum</span> <span class='ocrx_word' id='word_1_73' title='bbox 1047 1419 1166 1488; x_wconf 83' lang='lat' dir='ltr'>indigna</span> 
     </span>
     <span class='ocr_line' id='line_1_13' title="bbox 195 1497 1165 1572; baseline -0.003 -15"><span class='ocrx_word' id='word_1_74' title='bbox 195 1504 308 1558; x_wconf 81' lang='lat' dir='ltr'>fortuna</span> <span class='ocrx_word' id='word_1_75' title='bbox 335 1501 476 1568; x_wconf 89' lang='lat'>177-178.</span> <span class='ocrx_word' id='word_1_76' title='bbox 501 1530 537 1542; x_wconf 89' lang='lat'><em>-</em></span> <span class='ocrx_word' id='word_1_77' title='bbox 560 1508 673 1558; x_wconf 80' lang='lat' dir='ltr'>Status</span> <span class='ocrx_word' id='word_1_78' title='bbox 696 1503 872 1572; x_wconf 72' lang='lat' dir='ltr'>questionis.</span> <span class='ocrx_word' id='word_1_79' title='bbox 900 1497 1058 1556; x_wconf 86' lang='lat' dir='ltr'>Deterioris</span> <span class='ocrx_word' id='word_1_80' title='bbox 1081 1497 1165 1554; x_wconf 86' lang='lat' dir='ltr'>sortis</span> 
     </span>
     <span class='ocr_line' id='line_1_14' title="bbox 197 1581 785 1652; baseline 0 -16"><span class='ocrx_word' id='word_1_81' title='bbox 197 1581 332 1652; x_wconf 84' lang='lat' dir='ltr'>opificum</span> <span class='ocrx_word' id='word_1_82' title='bbox 345 1596 440 1635; x_wconf 83' lang='lat' dir='ltr'>causae</span> <span class='ocrx_word' id='word_1_83' title='bbox 451 1591 635 1652; x_wconf 79' lang='lat' dir='ltr'>recensentur</span> <span class='ocrx_word' id='word_1_84' title='bbox 647 1581 706 1646; x_wconf 88' lang='lat'>178.</span> <span class='ocrx_word' id='word_1_85' title='bbox 783 1624 785 1628; x_wconf 85' lang='lat'>.</span> 
     </span>
    </p>

    <p class='ocr_par' dir='ltr' id='par_1_7' title="bbox 194 1661 1167 4505">
     <span class='ocr_line' id='line_1_15' title="bbox 233 1661 1166 1716; baseline -0.004 -1"><span class='ocrx_word' id='word_1_86' title='bbox 233 1663 245 1715; x_wconf 95' lang='lat' dir='ltr'>l</span> <span class='ocrx_word' id='word_1_87' title='bbox 262 1661 345 1714; x_wconf 69' lang='lat' dir='ltr'>Pras</span> <span class='ocrx_word' id='word_1_88' title='bbox 357 1671 527 1714; x_wconf 76' lang='lat' dir='ltr'>uuunrtvn.</span> <span class='ocrx_word' id='word_1_89' title='bbox 539 1689 575 1699; x_wconf 92' lang='lat'>-</span> <span class='ocrx_word' id='word_1_90' title='bbox 589 1661 674 1714; x_wconf 75' lang='lat' dir='ltr'>Maur</span> <span class='ocrx_word' id='word_1_91' title='bbox 688 1673 826 1716; x_wconf 71' lang='lat' dir='ltr'>sarrano</span> <span class='ocrx_word' id='word_1_92' title='bbox 839 1673 859 1714; x_wconf 81' lang='lat' dir='ltr'>n</span> <span class='ocrx_word' id='word_1_93' title='bbox 872 1671 1060 1716; x_wconf 78' lang='lat' dir='ltr'>soctnntsnto</span> <span class='ocrx_word' id='word_1_94' title='bbox 1074 1668 1166 1712; x_wconf 78' lang='lat' dir='ltr'>naun</span> 
     </span>
     <span class='ocr_line' id='line_1_16' title="bbox 197 1737 1166 1807; baseline -0.005 -12"><span class='ocrx_word' id='word_1_95' title='bbox 197 1751 346 1795; x_wconf 70' lang='lat' dir='ltr'>Pss&#39;rettnn</span> <span class='ocrx_word' id='word_1_96' title='bbox 363 1739 419 1804; x_wconf 87' lang='lat'>178.</span> <span class='ocrx_word' id='word_1_97' title='bbox 433 1769 469 1778; x_wconf 97' lang='lat'>-</span> <span class='ocrx_word' id='word_1_98' title='bbox 482 1738 624 1795; x_wconf 83' lang='lat' dir='ltr'>Definitur</span> <span class='ocrx_word' id='word_1_99' title='bbox 637 1739 816 1795; x_wconf 84' lang='lat' dir='ltr'>socialismus</span> <span class='ocrx_word' id='word_1_100' title='bbox 832 1740 890 1807; x_wconf 88' lang='lat'>178.</span> <span class='ocrx_word' id='word_1_101' title='bbox 904 1768 938 1778; x_wconf 94' lang='lat'>-</span> <span class='ocrx_word' id='word_1_102' title='bbox 950 1737 1166 1794; x_wconf 84' lang='lat' dir='ltr'>Socialistarum</span> 
     </span>
     <span class='ocr_line' id='line_1_17' title="bbox 197 1818 1167 1890; baseline -0.004 -16"><span class='ocrx_word' id='word_1_103' title='bbox 197 1819 270 1874; x_wconf 84' lang='lat' dir='ltr'>ratio</span> <span class='ocrx_word' id='word_1_104' title='bbox 283 1829 326 1873; x_wconf 88' lang='lat' dir='ltr'>est</span> <span class='ocrx_word' id='word_1_105' title='bbox 341 1824 369 1872; x_wconf 86' lang='lat'>1⁰</span> <span class='ocrx_word' id='word_1_106' title='bbox 381 1821 484 1888; x_wconf 76' lang='lat' dir='ltr'>inepta,</span> <span class='ocrx_word' id='word_1_107' title='bbox 504 1825 533 1872; x_wconf 80' lang='lat'>2⁰</span> <span class='ocrx_word' id='word_1_108' title='bbox 544 1819 663 1890; x_wconf 76' lang='lat' dir='ltr'>injusta,</span> <span class='ocrx_word' id='word_1_109' title='bbox 676 1826 706 1888; x_wconf 73' lang='grc' dir='ltr'>3ο</span> <span class='ocrx_word' id='word_1_110' title='bbox 716 1819 885 1874; x_wconf 82' lang='lat' dir='ltr'>subversiva</span> <span class='ocrx_word' id='word_1_111' title='bbox 902 1819 958 1886; x_wconf 88' lang='lat'>178.</span> <span class='ocrx_word' id='word_1_112' title='bbox 972 1848 1008 1860; x_wconf 89' lang='lat'><em>-</em></span> <span class='ocrx_word' id='word_1_113' title='bbox 1024 1825 1049 1872; x_wconf 83' lang='lat'>1⁰</span> <span class='ocrx_word' id='word_1_114' title='bbox 1064 1818 1167 1887; x_wconf 74' lang='lat' dir='ltr'>Inepta</span> 
     </span>
     <span class='ocr_line' id='line_1_18' title="bbox 196 1897 1165 1969; baseline -0.004 -15"><span class='ocrx_word' id='word_1_115' title='bbox 196 1907 250 1969; x_wconf 89' lang='lat' dir='ltr'>est,</span> <span class='ocrx_word' id='word_1_116' title='bbox 262 1915 329 1952; x_wconf 90' lang='lat' dir='ltr'>nam</span> <span class='ocrx_word' id='word_1_117' title='bbox 343 1897 479 1952; x_wconf 86' lang='lat' dir='ltr'>dirimens</span> <span class='ocrx_word' id='word_1_118' title='bbox 488 1897 535 1968; x_wconf 85' lang='lat' dir='ltr'>jus</span> <span class='ocrx_word' id='word_1_119' title='bbox 548 1899 724 1954; x_wconf 75' lang='lat' dir='ltr'>collocandae</span> <span class='ocrx_word' id='word_1_120' title='bbox 738 1897 878 1954; x_wconf 86' lang='lat' dir='ltr'>mercedis</span> <span class='ocrx_word' id='word_1_121' title='bbox 891 1898 920 1952; x_wconf 92' lang='lat' dir='ltr'>in</span> <span class='ocrx_word' id='word_1_122' title='bbox 939 1897 1047 1968; x_wconf 84' lang='lat' dir='ltr'>praedio</span> <span class='ocrx_word' id='word_1_123' title='bbox 1059 1905 1090 1950; x_wconf 87' lang='lat' dir='ltr'>ut</span> <span class='ocrx_word' id='word_1_124' title='bbox 1103 1912 1165 1966; x_wconf 92' lang='lat' dir='ltr'>pro·</span> 
     </span>
     <span class='ocr_line' id='line_1_19' title="bbox 198 1975 1167 2048; baseline -0.002 -17"><span class='ocrx_word' id='word_1_125' title='bbox 198 1977 259 2048; x_wconf 88' lang='lat' dir='ltr'>prio</span> <span class='ocrx_word' id='word_1_126' title='bbox 272 1975 456 2048; x_wconf 87' lang='lat' dir='ltr'>possidendo,</span> <span class='ocrx_word' id='word_1_127' title='bbox 468 1977 563 2048; x_wconf 87' lang='lat' dir='ltr'>opifici</span> <span class='ocrx_word' id='word_1_128' title='bbox 577 1994 657 2045; x_wconf 89' lang='lat' dir='ltr'>spem</span> <span class='ocrx_word' id='word_1_129' title='bbox 670 1977 771 2032; x_wconf 80' lang='lat' dir='ltr'>adimit</span> <span class='ocrx_word' id='word_1_130' title='bbox 780 1978 907 2032; x_wconf 89' lang='lat' dir='ltr'>melioris</span> <span class='ocrx_word' id='word_1_131' title='bbox 920 1976 1004 2032; x_wconf 89' lang='lat' dir='ltr'>sortis</span> <span class='ocrx_word' id='word_1_132' title='bbox 1015 1992 1102 2046; x_wconf 90' lang='lat' dir='ltr'>opera</span> <span class='ocrx_word' id='word_1_133' title='bbox 1115 1991 1167 2030; x_wconf 87' lang='lat' dir='ltr'>sua</span> 
     </span>
     <span class='ocr_line' id='line_1_20' title="bbox 199 2053 1165 2127; baseline -0.004 -15"><span class='ocrx_word' id='word_1_134' title='bbox 199 2056 380 2127; x_wconf 79' lang='lat' dir='ltr'>acquirendae</span> <span class='ocrx_word' id='word_1_135' title='bbox 396 2055 519 2124; x_wconf 89' lang='lat'>178-179.</span> <span class='ocrx_word' id='word_1_136' title='bbox 532 2085 566 2094; x_wconf 99' lang='lat'>-</span> <span class='ocrx_word' id='word_1_137' title='bbox 577 2063 605 2111; x_wconf 84' lang='lat'>2⁰</span> <span class='ocrx_word' id='word_1_138' title='bbox 617 2057 732 2127; x_wconf 85' lang='lat' dir='ltr'>Injusta</span> <span class='ocrx_word' id='word_1_139' title='bbox 745 2066 798 2123; x_wconf 90' lang='lat' dir='ltr'>est,</span> <span class='ocrx_word' id='word_1_140' title='bbox 815 2073 883 2111; x_wconf 90' lang='lat' dir='ltr'>nam</span> <span class='ocrx_word' id='word_1_141' title='bbox 896 2056 1043 2125; x_wconf 89' lang='lat' dir='ltr'>possidere</span> <span class='ocrx_word' id='word_1_142' title='bbox 1053 2071 1098 2110; x_wconf 87' lang='lat' dir='ltr'>res</span> <span class='ocrx_word' id='word_1_143' title='bbox 1111 2053 1165 2124; x_wconf 91' lang='lat' dir='ltr'>pri·</span> 
     </span>
     <span class='ocr_line' id='line_1_21' title="bbox 200 2133 1166 2204; baseline -0.001 -16"><span class='ocrx_word' id='word_1_144' title='bbox 200 2137 287 2190; x_wconf 89' lang='lat' dir='ltr'>vatim</span> <span class='ocrx_word' id='word_1_145' title='bbox 301 2146 330 2189; x_wconf 90' lang='lat' dir='ltr'>ut</span> <span class='ocrx_word' id='word_1_146' title='bbox 341 2152 416 2202; x_wconf 89' lang='lat' dir='ltr'>suas,</span> <span class='ocrx_word' id='word_1_147' title='bbox 427 2135 476 2204; x_wconf 86' lang='lat' dir='ltr'>jus</span> <span class='ocrx_word' id='word_1_148' title='bbox 489 2145 532 2190; x_wconf 88' lang='lat' dir='ltr'>est</span> <span class='ocrx_word' id='word_1_149' title='bbox 544 2133 653 2189; x_wconf 92' lang='lat' dir='ltr'>homini</span> <span class='ocrx_word' id='word_1_150' title='bbox 667 2151 684 2190; x_wconf 86' lang='lat' dir='ltr'>a</span> <span class='ocrx_word' id='word_1_151' title='bbox 697 2145 798 2190; x_wconf 87' lang='lat' dir='ltr'>natura</span> <span class='ocrx_word' id='word_1_152' title='bbox 811 2135 909 2190; x_wconf 92' lang='lat' dir='ltr'>datum</span> <span class='ocrx_word' id='word_1_153' title='bbox 922 2149 980 2202; x_wconf 90' lang='lat'>179.</span> <span class='ocrx_word' id='word_1_154' title='bbox 990 2161 1026 2172; x_wconf 89' lang='lat'><em>-</em></span> <span class='ocrx_word' id='word_1_155' title='bbox 1040 2135 1166 2188; x_wconf 91' lang='lat' dir='ltr'>Demon-</span> 
     </span>
     <span class='ocr_line' id='line_1_22' title="bbox 198 2211 1166 2284; baseline -0.003 -15"><span class='ocrx_word' id='word_1_156' title='bbox 198 2225 303 2270; x_wconf 81' lang='lat' dir='ltr'>stratur</span> <span class='ocrx_word' id='word_1_157' title='bbox 318 2216 374 2268; x_wconf 91' lang='lat' dir='ltr'>hoc</span> <span class='ocrx_word' id='word_1_158' title='bbox 382 2215 429 2283; x_wconf 87' lang='lat' dir='ltr'>jus</span> <span class='ocrx_word' id='word_1_159' title='bbox 446 2213 477 2282; x_wconf 91' lang='lat'>1&#39;)</span> <span class='ocrx_word' id='word_1_160' title='bbox 486 2215 648 2269; x_wconf 80' lang='lat' dir='ltr'>individuis</span> <span class='ocrx_word' id='word_1_161' title='bbox 655 2224 827 2284; x_wconf 89' lang='lat' dir='ltr'>competere,</span> <span class='ocrx_word' id='word_1_162' title='bbox 839 2233 858 2266; x_wconf 89' lang='lat' dir='ltr'>a</span> <span class='ocrx_word' id='word_1_163' title='bbox 859 2214 873 2284; x_wconf 89' lang='lat'><strong><em>)</em></strong></span> <span class='ocrx_word' id='word_1_164' title='bbox 885 2215 949 2268; x_wconf 88' lang='lat' dir='ltr'>Hoc</span> <span class='ocrx_word' id='word_1_165' title='bbox 962 2214 1080 2267; x_wconf 89' lang='lat' dir='ltr'>interest</span> <span class='ocrx_word' id='word_1_166' title='bbox 1092 2211 1166 2266; x_wconf 92' lang='lat' dir='ltr'>inter</span> 
     </span>
     <span class='ocr_line' id='line_1_23' title="bbox 197 2291 1165 2365; baseline -0.006 -16"><span class='ocrx_word' id='word_1_167' title='bbox 197 2297 307 2350; x_wconf 81' lang='lat' dir='ltr'>belluas</span> <span class='ocrx_word' id='word_1_168' title='bbox 319 2304 346 2349; x_wconf 91' lang='lat' dir='ltr'>et</span> <span class='ocrx_word' id='word_1_169' title='bbox 357 2293 589 2365; x_wconf 87' lang='lat' dir='ltr'>hominem,quod</span> <span class='ocrx_word' id='word_1_170' title='bbox 600 2294 655 2348; x_wconf 79' lang='lat' dir='ltr'>111ae</span> <span class='ocrx_word' id='word_1_171' title='bbox 663 2310 757 2348; x_wconf 87' lang='lat' dir='ltr'>rerum</span> <span class='ocrx_word' id='word_1_172' title='bbox 766 2309 968 2363; x_wconf 87' lang='lat' dir='ltr'>corporearum</span> <span class='ocrx_word' id='word_1_173' title='bbox 978 2309 1030 2346; x_wconf 90' lang='lat' dir='ltr'>usu</span> <span class='ocrx_word' id='word_1_174' title='bbox 1037 2291 1165 2344; x_wconf 84' lang='lat' dir='ltr'>fruantur</span> 
     </span>
     <span class='ocr_line' id='line_1_24' title="bbox 199 2369 1166 2444; baseline -0.007 -15"><span class='ocrx_word' id='word_1_175' title='bbox 199 2384 322 2438; x_wconf 90' lang='lat' dir='ltr'>tantum;</span> <span class='ocrx_word' id='word_1_176' title='bbox 336 2373 382 2428; x_wconf 92' lang='lat' dir='ltr'>hic</span> <span class='ocrx_word' id='word_1_177' title='bbox 402 2384 506 2442; x_wconf 84' lang='lat' dir='ltr'>autem,</span> <span class='ocrx_word' id='word_1_178' title='bbox 519 2373 638 2428; x_wconf 87' lang='lat' dir='ltr'>rationis</span> <span class='ocrx_word' id='word_1_179' title='bbox 651 2371 803 2444; x_wconf 87' lang='lat' dir='ltr'>particeps,</span> <span class='ocrx_word' id='word_1_180' title='bbox 821 2371 937 2442; x_wconf 89' lang='lat' dir='ltr'>insuper</span> <span class='ocrx_word' id='word_1_181' title='bbox 949 2387 983 2426; x_wconf 90' lang='lat' dir='ltr'>ea</span> <span class='ocrx_word' id='word_1_182' title='bbox 997 2369 1051 2425; x_wconf 88' lang='lat' dir='ltr'>sibi</span> <span class='ocrx_word' id='word_1_183' title='bbox 1071 2369 1166 2424; x_wconf 89' lang='lat' dir='ltr'>stabili</span> 
     </span>
     <span class='ocr_line' id='line_1_25' title="bbox 197 2449 1166 2524; baseline -0.005 -15"><span class='ocrx_word' id='word_1_184' title='bbox 197 2453 380 2524; x_wconf 87' lang='lat' dir='ltr'>possessione</span> <span class='ocrx_word' id='word_1_185' title='bbox 393 2454 525 2522; x_wconf 86' lang='lat' dir='ltr'>subjiciat</span> <span class='ocrx_word' id='word_1_186' title='bbox 542 2466 598 2522; x_wconf 89' lang='lat'>179.</span> <span class='ocrx_word' id='word_1_187' title='bbox 608 2454 642 2520; x_wconf 90' lang='lat' dir='ltr'>b)</span> <span class='ocrx_word' id='word_1_188' title='bbox 653 2453 786 2524; x_wconf 90' lang='lat' dir='ltr'>Seipsum</span> <span class='ocrx_word' id='word_1_189' title='bbox 800 2452 963 2522; x_wconf 85' lang='lat' dir='ltr'>gubernans</span> <span class='ocrx_word' id='word_1_190' title='bbox 972 2449 1092 2505; x_wconf 87' lang='lat' dir='ltr'>consilio</span> <span class='ocrx_word' id='word_1_191' title='bbox 1106 2466 1166 2516; x_wconf 84' lang='lat' dir='ltr'>suo,</span> 
     </span>
     <span class='ocr_line' id='line_1_26' title="bbox 198 2527 1166 2604; baseline -0.006 -16"><span class='ocrx_word' id='word_1_192' title='bbox 198 2534 328 2604; x_wconf 77' lang='lat' dir='ltr'>providet</span> <span class='ocrx_word' id='word_1_193' title='bbox 341 2533 395 2588; x_wconf 88' lang='lat' dir='ltr'>sibi</span> <span class='ocrx_word' id='word_1_194' title='bbox 407 2532 435 2586; x_wconf 92' lang='lat' dir='ltr'>in</span> <span class='ocrx_word' id='word_1_195' title='bbox 449 2533 592 2599; x_wconf 87' lang='lat' dir='ltr'>iuturum;</span> <span class='ocrx_word' id='word_1_196' title='bbox 605 2533 682 2603; x_wconf 90' lang='lat' dir='ltr'>quod</span> <span class='ocrx_word' id='word_1_197' title='bbox 695 2533 819 2588; x_wconf 88' lang='lat' dir='ltr'>maxime</span> <span class='ocrx_word' id='word_1_198' title='bbox 832 2541 950 2603; x_wconf 84' lang='lat' dir='ltr'>praestat</span> <span class='ocrx_word' id='word_1_199' title='bbox 962 2547 1014 2600; x_wconf 90' lang='lat' dir='ltr'>per</span> <span class='ocrx_word' id='word_1_200' title='bbox 1022 2539 1106 2584; x_wconf 80' lang='lat' dir='ltr'>terrae</span> <span class='ocrx_word' id='word_1_201' title='bbox 1116 2527 1166 2582; x_wconf 90' lang='lat' dir='ltr'>do-</span> 
     </span>
     <span class='ocr_line' id='line_1_27' title="bbox 197 2609 1166 2682; baseline -0.004 -14"><span class='ocrx_word' id='word_1_202' title='bbox 197 2612 347 2679; x_wconf 89' lang='lat' dir='ltr'>minatum,</span> <span class='ocrx_word' id='word_1_203' title='bbox 360 2612 470 2667; x_wconf 89' lang='lat' dir='ltr'>ratione</span> <span class='ocrx_word' id='word_1_204' title='bbox 482 2612 611 2681; x_wconf 85' lang='lat' dir='ltr'>ejusdem</span> <span class='ocrx_word' id='word_1_205' title='bbox 620 2613 758 2667; x_wconf 85' lang='lat' dir='ltr'>ubertatis</span> <span class='ocrx_word' id='word_1_206' title='bbox 774 2612 832 2668; x_wconf 89' lang='lat'>180.</span> <span class='ocrx_word' id='word_1_207' title='bbox 842 2643 878 2652; x_wconf 92' lang='lat'>-</span> <span class='ocrx_word' id='word_1_208' title='bbox 892 2612 1035 2682; x_wconf 79' lang='lat' dir='ltr'>Objicr&#39;tur</span> <span class='ocrx_word' id='word_1_209' title='bbox 1045 2609 1111 2666; x_wconf 88' lang='lat' dir='ltr'>huic</span> <span class='ocrx_word' id='word_1_210' title='bbox 1123 2627 1166 2666; x_wconf 88' lang='lat' dir='ltr'>ar-</span> 
     </span>
     <span class='ocr_line' id='line_1_28' title="bbox 196 2689 1167 2763; baseline -0.003 -16"><span class='ocrx_word' id='word_1_211' title='bbox 196 2703 346 2763; x_wconf 80' lang='lat' dir='ltr'>gumento:</span> <span class='ocrx_word' id='word_1_212' title='bbox 355 2690 383 2758; x_wconf 86' lang='grc' dir='ltr'>α)</span> <span class='ocrx_word' id='word_1_213' title='bbox 391 2690 572 2761; x_wconf 88' lang='lat' dir='ltr'>providentia</span> <span class='ocrx_word' id='word_1_214' title='bbox 580 2690 745 2762; x_wconf 86' lang='lat' dir='ltr'>reipublicae</span> <span class='ocrx_word' id='word_1_215' title='bbox 761 2693 818 2746; x_wconf 91' lang='lat'>180.</span> <span class='ocrx_word' id='word_1_216' title='bbox 829 2721 864 2731; x_wconf 92' lang='lat'>-</span> <span class='ocrx_word' id='word_1_217' title='bbox 874 2693 971 2762; x_wconf 66' lang='lat' dir='ltr'>Respa</span> <span class='ocrx_word' id='word_1_218' title='bbox 983 2692 1079 2745; x_wconf 90' lang='lat' dir='ltr'>Homo</span> <span class='ocrx_word' id='word_1_219' title='bbox 1090 2689 1167 2760; x_wconf 89' lang='lat' dir='ltr'>prior</span> 
     </span>
     <span class='ocr_line' id='line_1_29' title="bbox 196 2768 1165 2840; baseline -0.003 -13"><span class='ocrx_word' id='word_1_220' title='bbox 196 2783 241 2827; x_wconf 91' lang='lat' dir='ltr'>est</span> <span class='ocrx_word' id='word_1_221' title='bbox 251 2771 374 2827; x_wconf 87' lang='lat' dir='ltr'>civitate.</span> <span class='ocrx_word' id='word_1_222' title='bbox 390 2770 417 2840; x_wconf 84' lang='grc' dir='ltr'>β)</span> <span class='ocrx_word' id='word_1_223' title='bbox 433 2771 513 2824; x_wconf 91' lang='lat' dir='ltr'>Deus</span> <span class='ocrx_word' id='word_1_224' title='bbox 526 2771 606 2826; x_wconf 89' lang='lat' dir='ltr'>dedit</span> <span class='ocrx_word' id='word_1_225' title='bbox 626 2781 730 2826; x_wconf 85' lang='lat' dir='ltr'>terram</span> <span class='ocrx_word' id='word_1_226' title='bbox 754 2771 886 2826; x_wconf 90' lang='lat' dir='ltr'>universo</span> <span class='ocrx_word' id='word_1_227' title='bbox 906 2768 1003 2840; x_wconf 86' lang='lat' dir='ltr'>generi</span> <span class='ocrx_word' id='word_1_228' title='bbox 1017 2769 1165 2825; x_wconf 89' lang='lat' dir='ltr'>hominum</span> 
     </span>
     <span class='ocr_line' id='line_1_30' title="bbox 197 2847 1166 2921; baseline -0.002 -15"><span class='ocrx_word' id='word_1_229' title='bbox 197 2851 346 2906; x_wconf 81' lang='lat' dir='ltr'>fruendam</span> <span class='ocrx_word' id='word_1_230' title='bbox 362 2849 420 2905; x_wconf 86' lang='lat'>180.</span> <span class='ocrx_word' id='word_1_231' title='bbox 433 2879 468 2889; x_wconf 89' lang='lat'>-</span> <span class='ocrx_word' id='word_1_232' title='bbox 481 2851 579 2920; x_wconf 87' lang='lat' dir='ltr'>Resp.:</span> <span class='ocrx_word' id='word_1_233' title='bbox 594 2847 628 2919; x_wconf 76' lang='grc' dir='ltr'>α’)</span> <span class='ocrx_word' id='word_1_234' title='bbox 643 2851 669 2904; x_wconf 92' lang='lat' dir='ltr'>N</span> <span class='ocrx_word' id='word_1_235' title='bbox 674 2867 710 2905; x_wconf 91' lang='lat' dir='ltr'>on</span> <span class='ocrx_word' id='word_1_236' title='bbox 728 2851 768 2906; x_wconf 92' lang='lat' dir='ltr'>ita</span> <span class='ocrx_word' id='word_1_237' title='bbox 788 2863 817 2906; x_wconf 92' lang='lat' dir='ltr'>ut</span> <span class='ocrx_word' id='word_1_238' title='bbox 830 2850 1024 2921; x_wconf 90' lang='lat' dir='ltr'>promiscuum</span> <span class='ocrx_word' id='word_1_239' title='bbox 1038 2849 1166 2905; x_wconf 88' lang='lat' dir='ltr'>domina·</span> 
     </span>
     <span class='ocr_line' id='line_1_31' title="bbox 197 2929 1166 2999; baseline -0.003 -13"><span class='ocrx_word' id='word_1_240' title='bbox 197 2945 257 2986; x_wconf 87' lang='lat' dir='ltr'>tum</span> <span class='ocrx_word' id='word_1_241' title='bbox 270 2929 426 2995; x_wconf 86' lang='lat' dir='ltr'>induxerit;</span> <span class='ocrx_word' id='word_1_242' title='bbox 436 2930 489 2985; x_wconf 83' lang='lat' dir='ltr'>sed</span> <span class='ocrx_word' id='word_1_243' title='bbox 498 2929 537 2983; x_wconf 89' lang='lat' dir='ltr'>ita</span> <span class='ocrx_word' id='word_1_244' title='bbox 546 2939 576 2983; x_wconf 90' lang='lat' dir='ltr'>ut</span> <span class='ocrx_word' id='word_1_245' title='bbox 589 2929 737 2985; x_wconf 86' lang='lat' dir='ltr'>industriae</span> <span class='ocrx_word' id='word_1_246' title='bbox 751 2931 928 2999; x_wconf 86' lang='lat' dir='ltr'>singulorum</span> <span class='ocrx_word' id='word_1_247' title='bbox 942 2929 1166 2999; x_wconf 85' lang='lat' dir='ltr'>descriptionem</span> 
     </span>
     <span class='ocr_line' id='line_1_32' title="bbox 195 3005 1165 3082; baseline -0.003 -17"><span class='ocrx_word' id='word_1_248' title='bbox 195 3008 411 3082; x_wconf 86' lang='lat' dir='ltr'>possessionum</span> <span class='ocrx_word' id='word_1_249' title='bbox 422 3007 596 3078; x_wconf 88' lang='lat' dir='ltr'>privatarum</span> <span class='ocrx_word' id='word_1_250' title='bbox 611 3007 770 3078; x_wconf 87' lang='lat' dir='ltr'>permiserit</span> <span class='ocrx_word' id='word_1_251' title='bbox 791 3009 848 3063; x_wconf 88' lang='lat'>180.</span> <span class='ocrx_word' id='word_1_252' title='bbox 863 3005 897 3081; x_wconf 87' lang='grc' dir='ltr'>β’)</span> <span class='ocrx_word' id='word_1_253' title='bbox 919 3009 985 3063; x_wconf 90' lang='lat' dir='ltr'>Hoc</span> <span class='ocrx_word' id='word_1_254' title='bbox 1003 3018 1089 3077; x_wconf 87' lang='lat' dir='ltr'>pacto</span> <span class='ocrx_word' id='word_1_255' title='bbox 1107 3025 1165 3062; x_wconf 92' lang='lat' dir='ltr'>non</span> 
     </span>
     <span class='ocr_line' id='line_1_33' title="bbox 197 3086 1166 3158; baseline -0.001 -15"><span class='ocrx_word' id='word_1_256' title='bbox 197 3089 291 3144; x_wconf 90' lang='lat' dir='ltr'>minus</span> <span class='ocrx_word' id='word_1_257' title='bbox 304 3086 482 3144; x_wconf 78' lang='lat' dir='ltr'>universitati</span> <span class='ocrx_word' id='word_1_258' title='bbox 502 3087 618 3142; x_wconf 86' lang='lat' dir='ltr'>inservit</span> <span class='ocrx_word' id='word_1_259' title='bbox 637 3099 711 3143; x_wconf 88' lang='lat' dir='ltr'>terra</span> <span class='ocrx_word' id='word_1_260' title='bbox 724 3105 781 3158; x_wconf 88' lang='lat' dir='ltr'>qua</span> <span class='ocrx_word' id='word_1_261' title='bbox 795 3105 895 3144; x_wconf 89' lang='lat' dir='ltr'>omnes</span> <span class='ocrx_word' id='word_1_262' title='bbox 912 3089 1027 3142; x_wconf 87' lang='lat' dir='ltr'>aluntur</span> <span class='ocrx_word' id='word_1_263' title='bbox 1042 3087 1166 3142; x_wconf 74' lang='lat' dir='ltr'>18o181.</span> 
     </span>
     <span class='ocr_line' id='line_1_34' title="bbox 194 3166 1165 3237; baseline -0.001 -15"><span class='ocrx_word' id='word_1_264' title='bbox 194 3169 227 3236; x_wconf 91' lang='lat' dir='ltr'>c)</span> <span class='ocrx_word' id='word_1_265' title='bbox 241 3168 335 3237; x_wconf 84' lang='lat' dir='ltr'>Quum</span> <span class='ocrx_word' id='word_1_266' title='bbox 349 3168 463 3221; x_wconf 89' lang='lat' dir='ltr'>ubertas</span> <span class='ocrx_word' id='word_1_267' title='bbox 482 3176 566 3220; x_wconf 85' lang='lat' dir='ltr'>terrae</span> <span class='ocrx_word' id='word_1_268' title='bbox 586 3167 648 3221; x_wconf 89' lang='lat' dir='ltr'>sine</span> <span class='ocrx_word' id='word_1_269' title='bbox 667 3166 792 3221; x_wconf 85' lang='lat' dir='ltr'>hominis</span> <span class='ocrx_word' id='word_1_270' title='bbox 812 3167 889 3222; x_wconf 88' lang='lat' dir='ltr'>cuitu</span> <span class='ocrx_word' id='word_1_271' title='bbox 901 3183 966 3223; x_wconf 87' lang='lat' dir='ltr'>esse</span> <span class='ocrx_word' id='word_1_272' title='bbox 986 3183 1044 3221; x_wconf 93' lang='lat' dir='ltr'>non</span> <span class='ocrx_word' id='word_1_273' title='bbox 1066 3167 1165 3236; x_wconf 87' lang='lat' dir='ltr'>possit,</span> 
     </span>
     <span class='ocr_line' id='line_1_35' title="bbox 195 3245 1166 3318; baseline -0.002 -16"><span class='ocrx_word' id='word_1_274' title='bbox 195 3248 343 3318; x_wconf 84' lang='lat' dir='ltr'>cultusque</span> <span class='ocrx_word' id='word_1_275' title='bbox 363 3261 459 3300; x_wconf 87' lang='lat' dir='ltr'>rursus</span> <span class='ocrx_word' id='word_1_276' title='bbox 478 3262 496 3301; x_wconf 87' lang='lat' dir='ltr'>a</span> <span class='ocrx_word' id='word_1_277' title='bbox 518 3245 606 3301; x_wconf 83' lang='lat' dir='ltr'>iundo</span> <span class='ocrx_word' id='word_1_278' title='bbox 626 3247 753 3315; x_wconf 88' lang='lat' dir='ltr'>separari</span> <span class='ocrx_word' id='word_1_279' title='bbox 773 3257 905 3317; x_wconf 88' lang='lat' dir='ltr'>nequeat,</span> <span class='ocrx_word' id='word_1_280' title='bbox 923 3261 1101 3315; x_wconf 87' lang='lat' dir='ltr'>consequens</span> <span class='ocrx_word' id='word_1_281' title='bbox 1122 3255 1166 3300; x_wconf 92' lang='lat' dir='ltr'>est</span> 
     </span>
     <span class='ocr_line' id='line_1_36' title="bbox 197 3323 1163 3396; baseline -0.002 -16"><span class='ocrx_word' id='word_1_282' title='bbox 197 3326 274 3380; x_wconf 90' lang='lat' dir='ltr'>cuitu</span> <span class='ocrx_word' id='word_1_283' title='bbox 287 3325 432 3378; x_wconf 90' lang='lat' dir='ltr'>hominem</span> <span class='ocrx_word' id='word_1_284' title='bbox 455 3324 574 3379; x_wconf 85' lang='lat' dir='ltr'>fundum</span> <span class='ocrx_word' id='word_1_285' title='bbox 596 3323 725 3392; x_wconf 88' lang='lat' dir='ltr'>liberum,</span> <span class='ocrx_word' id='word_1_286' title='bbox 747 3337 857 3380; x_wconf 83' lang='lat' dir='ltr'>naturae</span> <span class='ocrx_word' id='word_1_287' title='bbox 876 3326 949 3396; x_wconf 91' lang='lat' dir='ltr'>jure,</span> <span class='ocrx_word' id='word_1_288' title='bbox 964 3324 1058 3382; x_wconf 80' lang='lat' dir='ltr'>facere</span> <span class='ocrx_word' id='word_1_289' title='bbox 1081 3341 1163 3380; x_wconf 91' lang='lat' dir='ltr'>suum</span> 
     </span>
     <span class='ocr_line' id='line_1_37' title="bbox 200 3401 1165 3476; baseline 0 -17"><span class='ocrx_word' id='word_1_290' title='bbox 200 3407 257 3460; x_wconf 88' lang='lat'>181.</span> <span class='ocrx_word' id='word_1_291' title='bbox 266 3401 339 3472; x_wconf 86' lang='lat' dir='ltr'>-d)</span> <span class='ocrx_word' id='word_1_292' title='bbox 350 3403 531 3459; x_wconf 89' lang='lat' dir='ltr'>Universitas</span> <span class='ocrx_word' id='word_1_293' title='bbox 543 3403 603 3460; x_wconf 84' lang='lat' dir='ltr'>iere</span> <span class='ocrx_word' id='word_1_294' title='bbox 614 3405 727 3473; x_wconf 86' lang='lat' dir='ltr'>generis</span> <span class='ocrx_word' id='word_1_295' title='bbox 740 3405 857 3459; x_wconf 86' lang='lat' dir='ltr'>humani</span> <span class='ocrx_word' id='word_1_296' title='bbox 870 3406 925 3460; x_wconf 88' lang='lat' dir='ltr'>hoc</span> <span class='ocrx_word' id='word_1_297' title='bbox 936 3405 982 3475; x_wconf 87' lang='lat' dir='ltr'>jus</span> <span class='ocrx_word' id='word_1_298' title='bbox 996 3405 1165 3476; x_wconf 88' lang='lat' dir='ltr'>proclamat;</span> 
     </span>
     <span class='ocr_line' id='line_1_38' title="bbox 195 3481 1166 3554; baseline 0 -16"><span class='ocrx_word' id='word_1_299' title='bbox 195 3481 366 3538; x_wconf 85' lang='lat' dir='ltr'>confirmant</span> <span class='ocrx_word' id='word_1_300' title='bbox 379 3484 456 3552; x_wconf 84' lang='lat' dir='ltr'>leges</span> <span class='ocrx_word' id='word_1_301' title='bbox 474 3481 592 3548; x_wconf 79' lang='lat' dir='ltr'>civiles3</span> <span class='ocrx_word' id='word_1_302' title='bbox 610 3483 770 3540; x_wconf 85' lang='lat' dir='ltr'>divinarum</span> <span class='ocrx_word' id='word_1_303' title='bbox 783 3485 878 3554; x_wconf 81' lang='lat' dir='ltr'>legum</span> <span class='ocrx_word' id='word_1_304' title='bbox 897 3483 989 3540; x_wconf 88' lang='lat' dir='ltr'>sancit</span> <span class='ocrx_word' id='word_1_305' title='bbox 1010 3486 1166 3539; x_wconf 88' lang='lat' dir='ltr'>auctoritas</span> 
     </span>
     <span class='ocr_line' id='line_1_39' title="bbox 199 3559 1161 3634; baseline 0.002 -18"><span class='ocrx_word' id='word_1_306' title='bbox 199 3561 322 3617; x_wconf 84' lang='lat'>181-182.</span> <span class='ocrx_word' id='word_1_307' title='bbox 336 3589 371 3600; x_wconf 90' lang='lat'><em>-</em></span> <span class='ocrx_word' id='word_1_308' title='bbox 384 3559 418 3628; x_wconf 86' lang='lat'>2&#39;)</span> <span class='ocrx_word' id='word_1_309' title='bbox 429 3563 480 3631; x_wconf 90' lang='lat' dir='ltr'>Jus</span> <span class='ocrx_word' id='word_1_310' title='bbox 493 3562 668 3632; x_wconf 82' lang='lat' dir='ltr'>possidendi,</span> <span class='ocrx_word' id='word_1_311' title='bbox 682 3565 759 3634; x_wconf 91' lang='lat' dir='ltr'>quod</span> <span class='ocrx_word' id='word_1_312' title='bbox 772 3563 891 3633; x_wconf 84' lang='lat' dir='ltr'>singulis</span> <span class='ocrx_word' id='word_1_313' title='bbox 904 3574 1006 3619; x_wconf 89' lang='lat' dir='ltr'>natura</span> <span class='ocrx_word' id='word_1_314' title='bbox 1019 3563 1101 3631; x_wconf 88' lang='lat' dir='ltr'>inest,</span> <span class='ocrx_word' id='word_1_315' title='bbox 1113 3581 1161 3618; x_wconf 87' lang='lat' dir='ltr'>va·</span> 
     </span>
     <span class='ocr_line' id='line_1_40' title="bbox 196 3641 1164 3714; baseline 0.002 -18"><span class='ocrx_word' id='word_1_316' title='bbox 196 3641 281 3696; x_wconf 88' lang='lat' dir='ltr'>lidius</span> <span class='ocrx_word' id='word_1_317' title='bbox 287 3641 417 3710; x_wconf 78' lang='lat' dir='ltr'>familia</span> <span class='ocrx_word' id='word_1_318' title='bbox 428 3641 597 3696; x_wconf 74' lang='lat' dir='ltr'>domesticae</span> <span class='ocrx_word' id='word_1_319' title='bbox 609 3642 745 3712; x_wconf 89' lang='lat' dir='ltr'>competit</span> <span class='ocrx_word' id='word_1_320' title='bbox 762 3642 819 3697; x_wconf 83' lang='lat'>182.</span> <span class='ocrx_word' id='word_1_321' title='bbox 833 3671 868 3682; x_wconf 93' lang='lat'>—</span> <span class='ocrx_word' id='word_1_322' title='bbox 880 3643 914 3711; x_wconf 87' lang='lat' dir='ltr'>a)</span> <span class='ocrx_word' id='word_1_323' title='bbox 932 3645 983 3714; x_wconf 88' lang='lat' dir='ltr'>Jus</span> <span class='ocrx_word' id='word_1_324' title='bbox 998 3655 1042 3698; x_wconf 88' lang='lat' dir='ltr'>est</span> <span class='ocrx_word' id='word_1_325' title='bbox 1064 3643 1164 3698; x_wconf 91' lang='lat' dir='ltr'>divini·</span> 
     </span>
     <span class='ocr_line' id='line_1_41' title="bbox 196 3719 1166 3793; baseline 0.002 -17"><span class='ocrx_word' id='word_1_326' title='bbox 196 3732 243 3776; x_wconf 87' lang='lat' dir='ltr'>tus</span> <span class='ocrx_word' id='word_1_327' title='bbox 255 3736 425 3776; x_wconf 88' lang='lat' dir='ltr'>concessum</span> <span class='ocrx_word' id='word_1_328' title='bbox 439 3719 583 3776; x_wconf 90' lang='lat' dir='ltr'>condendi</span> <span class='ocrx_word' id='word_1_329' title='bbox 596 3721 744 3790; x_wconf 79' lang='lat' dir='ltr'>familiam,</span> <span class='ocrx_word' id='word_1_330' title='bbox 757 3721 874 3777; x_wconf 83' lang='lat' dir='ltr'>civitate</span> <span class='ocrx_word' id='word_1_331' title='bbox 893 3723 1085 3793; x_wconf 89' lang='lat' dir='ltr'>antiquiorem</span> <span class='ocrx_word' id='word_1_332' title='bbox 1108 3722 1166 3778; x_wconf 88' lang='lat'>182.</span> 
     </span>
     <span class='ocr_line' id='line_1_42' title="bbox 198 3797 1165 3872; baseline 0.001 -17"><span class='ocrx_word' id='word_1_333' title='bbox 198 3829 233 3841; x_wconf 88' lang='lat'>·-</span> <span class='ocrx_word' id='word_1_334' title='bbox 244 3798 340 3870; x_wconf 82' lang='lat' dir='ltr'>Atqui,</span> <span class='ocrx_word' id='word_1_335' title='bbox 350 3797 573 3869; x_wconf 72' lang='lat' dir='ltr'>paterfamilias,</span> <span class='ocrx_word' id='word_1_336' title='bbox 585 3817 658 3870; x_wconf 85' lang='lat' dir='ltr'>quos</span> <span class='ocrx_word' id='word_1_337' title='bbox 669 3801 838 3870; x_wconf 90' lang='lat' dir='ltr'>procreavit,</span> <span class='ocrx_word' id='word_1_338' title='bbox 851 3801 1010 3872; x_wconf 77' lang='lat' dir='ltr'>praesertim</span> <span class='ocrx_word' id='word_1_339' title='bbox 1024 3800 1165 3856; x_wconf 89' lang='lat' dir='ltr'>heredita·</span> 
     </span>
     <span class='ocr_line' id='line_1_43' title="bbox 199 3878 1165 3950; baseline 0.002 -16"><span class='ocrx_word' id='word_1_340' title='bbox 199 3879 240 3934; x_wconf 86' lang='lat' dir='ltr'>ria</span> <span class='ocrx_word' id='word_1_341' title='bbox 262 3881 402 3936; x_wconf 88' lang='lat' dir='ltr'>bonorum</span> <span class='ocrx_word' id='word_1_342' title='bbox 425 3878 642 3935; x_wconf 87' lang='lat' dir='ltr'>transmissione</span> <span class='ocrx_word' id='word_1_343' title='bbox 663 3889 758 3936; x_wconf 88' lang='lat' dir='ltr'>tuetur</span> <span class='ocrx_word' id='word_1_344' title='bbox 780 3881 837 3934; x_wconf 86' lang='lat'>182.</span> <span class='ocrx_word' id='word_1_345' title='bbox 850 3909 886 3920; x_wconf 92' lang='lat'>-</span> <span class='ocrx_word' id='word_1_346' title='bbox 907 3880 938 3950; x_wconf 89' lang='lat' dir='ltr'>b)</span> <span class='ocrx_word' id='word_1_347' title='bbox 951 3881 1089 3948; x_wconf 71' lang='lat' dir='ltr'>Familiae,</span> <span class='ocrx_word' id='word_1_348' title='bbox 1108 3882 1165 3936; x_wconf 89' lang='lat' dir='ltr'>veri</span> 
     </span>
     <span class='ocr_line' id='line_1_44' title="bbox 198 3957 1167 4031; baseline 0.001 -17"><span class='ocrx_word' id='word_1_349' title='bbox 198 3957 322 4014; x_wconf 90' lang='lat' dir='ltr'>nominis</span> <span class='ocrx_word' id='word_1_350' title='bbox 341 3957 487 4013; x_wconf 88' lang='lat' dir='ltr'>societatis</span> <span class='ocrx_word' id='word_1_351' title='bbox 503 3959 576 4030; x_wconf 82' lang='lat' dir='ltr'>jura,</span> <span class='ocrx_word' id='word_1_352' title='bbox 594 3959 709 4014; x_wconf 88' lang='lat' dir='ltr'>nonnisi</span> <span class='ocrx_word' id='word_1_353' title='bbox 729 3959 875 4029; x_wconf 87' lang='lat' dir='ltr'>tyrannice</span> <span class='ocrx_word' id='word_1_354' title='bbox 897 3959 1040 4028; x_wconf 85' lang='lat' dir='ltr'>violanda,</span> <span class='ocrx_word' id='word_1_355' title='bbox 1056 3960 1167 4031; x_wconf 88' lang='lat' dir='ltr'>juribus</span> 
     </span>
     <span class='ocr_line' id='line_1_45' title="bbox 196 4036 1167 4109; baseline -0.002 -15"><span class='ocrx_word' id='word_1_356' title='bbox 196 4036 343 4094; x_wconf 86' lang='lat' dir='ltr'>societatis</span> <span class='ocrx_word' id='word_1_357' title='bbox 356 4036 446 4092; x_wconf 86' lang='lat' dir='ltr'>civilis</span> <span class='ocrx_word' id='word_1_358' title='bbox 460 4037 665 4109; x_wconf 86' lang='lat' dir='ltr'>aequaiiasunt,</span> <span class='ocrx_word' id='word_1_359' title='bbox 679 4039 737 4093; x_wconf 92' lang='lat' dir='ltr'>imo</span> <span class='ocrx_word' id='word_1_360' title='bbox 751 4037 868 4108; x_wconf 82' lang='lat' dir='ltr'>majora,</span> <span class='ocrx_word' id='word_1_361' title='bbox 881 4038 948 4109; x_wconf 88' lang='lat' dir='ltr'>quia</span> <span class='ocrx_word' id='word_1_362' title='bbox 960 4037 1055 4109; x_wconf 89' lang='lat' dir='ltr'>priora</span> <span class='ocrx_word' id='word_1_363' title='bbox 1071 4037 1167 4094; x_wconf 90' lang='lat'>182.—</span> 
     </span>
     <span class='ocr_line' id='line_1_46' title="bbox 203 4116 1166 4189; baseline 0.001 -19"><span class='ocrx_word' id='word_1_364' title='bbox 203 4117 307 4172; x_wconf 88' lang='lat' dir='ltr'>lntima</span> <span class='ocrx_word' id='word_1_365' title='bbox 319 4116 471 4171; x_wconf 91' lang='lat' dir='ltr'>domorum</span> <span class='ocrx_word' id='word_1_366' title='bbox 492 4127 619 4186; x_wconf 87' lang='lat' dir='ltr'>potestas</span> <span class='ocrx_word' id='word_1_367' title='bbox 642 4117 734 4172; x_wconf 90' lang='lat' dir='ltr'>civilis</span> <span class='ocrx_word' id='word_1_368' title='bbox 747 4135 784 4174; x_wconf 90' lang='lat' dir='ltr'>ne</span> <span class='ocrx_word' id='word_1_369' title='bbox 797 4117 944 4189; x_wconf 79' lang='lat' dir='ltr'>pervadat,</span> <span class='ocrx_word' id='word_1_370' title='bbox 966 4128 1046 4172; x_wconf 86' lang='lat' dir='ltr'>extra</span> <span class='ocrx_word' id='word_1_371' title='bbox 1067 4133 1166 4172; x_wconf 89' lang='lat' dir='ltr'>casum</span> 
     </span>
     <span class='ocr_line' id='line_1_47' title="bbox 198 4195 1166 4268; baseline -0.001 -17"><span class='ocrx_word' id='word_1_372' title='bbox 198 4195 388 4267; x_wconf 85' lang='lat' dir='ltr'>necessitatis,</span> <span class='ocrx_word' id='word_1_373' title='bbox 413 4197 450 4252; x_wconf 83' lang='lat' dir='ltr'>ad</span> <span class='ocrx_word' id='word_1_374' title='bbox 475 4197 680 4252; x_wconf 83' lang='lat' dir='ltr'>sublevandam</span> <span class='ocrx_word' id='word_1_375' title='bbox 705 4197 841 4268; x_wconf 90' lang='lat' dir='ltr'>inopiam,</span> <span class='ocrx_word' id='word_1_376' title='bbox 864 4198 910 4252; x_wconf 89' lang='lat' dir='ltr'>vel</span> <span class='ocrx_word' id='word_1_377' title='bbox 932 4197 969 4252; x_wconf 90' lang='lat' dir='ltr'>ad</span> <span class='ocrx_word' id='word_1_378' title='bbox 994 4196 1166 4252; x_wconf 86' lang='lat' dir='ltr'>vindicanda</span> 
     </span>
     <span class='ocr_line' id='line_1_48' title="bbox 200 4274 1167 4347; baseline -0.001 -15"><span class='ocrx_word' id='word_1_379' title='bbox 200 4275 323 4345; x_wconf 85' lang='lat' dir='ltr'>partium</span> <span class='ocrx_word' id='word_1_380' title='bbox 333 4275 397 4346; x_wconf 83' lang='lat' dir='ltr'>jura</span> <span class='ocrx_word' id='word_1_381' title='bbox 413 4276 470 4345; x_wconf 85' lang='lat'>183.</span> <span class='ocrx_word' id='word_1_382' title='bbox 480 4305 516 4316; x_wconf 92' lang='lat'><em>-</em></span> <span class='ocrx_word' id='word_1_383' title='bbox 531 4275 596 4330; x_wconf 85' lang='lat' dir='ltr'>Filii</span> <span class='ocrx_word' id='word_1_384' title='bbox 607 4277 686 4331; x_wconf 85' lang='lat' dir='ltr'>enim</span> <span class='ocrx_word' id='word_1_385' title='bbox 699 4287 765 4331; x_wconf 87' lang='lat' dir='ltr'>sunt</span> <span class='ocrx_word' id='word_1_386' title='bbox 778 4274 886 4347; x_wconf 89' lang='lat' dir='ltr'>aliquid</span> <span class='ocrx_word' id='word_1_387' title='bbox 899 4278 990 4346; x_wconf 87' lang='lat' dir='ltr'>patris</span> <span class='ocrx_word' id='word_1_388' title='bbox 1001 4296 1008 4342; x_wconf 88' lang='lat'>;</span> <span class='ocrx_word' id='word_1_389' title='bbox 1022 4275 1167 4332; x_wconf 87' lang='lat' dir='ltr'>mediante</span> 
     </span>
     <span class='ocr_line' id='line_1_49' title="bbox 201 4353 1167 4424; baseline 0.002 -15"><span class='ocrx_word' id='word_1_390' title='bbox 201 4353 317 4424; x_wconf 81' lang='lat' dir='ltr'>familia,</span> <span class='ocrx_word' id='word_1_391' title='bbox 338 4355 450 4411; x_wconf 87' lang='lat' dir='ltr'>civilem</span> <span class='ocrx_word' id='word_1_392' title='bbox 471 4355 570 4411; x_wconf 88' lang='lat' dir='ltr'>ineunt</span> <span class='ocrx_word' id='word_1_393' title='bbox 586 4354 754 4411; x_wconf 86' lang='lat' dir='ltr'>societatem</span> <span class='ocrx_word' id='word_1_394' title='bbox 779 4355 837 4424; x_wconf 84' lang='lat'>183.</span> <span class='ocrx_word' id='word_1_395' title='bbox 860 4385 894 4394; x_wconf 99' lang='lat'>-</span> <span class='ocrx_word' id='word_1_396' title='bbox 917 4355 1078 4412; x_wconf 80' lang='lat' dir='ltr'>Socialistae</span> <span class='ocrx_word' id='word_1_397' title='bbox 1099 4369 1167 4411; x_wconf 90' lang='lat' dir='ltr'>vero</span> 
     </span>
     <span class='ocr_line' id='line_1_50' title="bbox 200 4433 1165 4505; baseline 0 -15"><span class='ocrx_word' id='word_1_398' title='bbox 200 4434 351 4490; x_wconf 86' lang='lat' dir='ltr'>domorum</span> <span class='ocrx_word' id='word_1_399' title='bbox 370 4437 570 4505; x_wconf 79' lang='lat' dir='ltr'>compaginem</span> <span class='ocrx_word' id='word_1_400' title='bbox 589 4434 748 4490; x_wconf 90' lang='lat' dir='ltr'>dissolvunt</span> <span class='ocrx_word' id='word_1_401' title='bbox 771 4435 829 4504; x_wconf 86' lang='lat'>183.</span> <span class='ocrx_word' id='word_1_402' title='bbox 848 4465 883 4475; x_wconf 93' lang='lat'>·-</span> <span class='ocrx_word' id='word_1_403' title='bbox 903 4443 932 4503; x_wconf 84' lang='lat'>3⁰</span> <span class='ocrx_word' id='word_1_404' title='bbox 952 4433 1165 4490; x_wconf 83' lang='lat' dir='ltr'>Socialistarum</span> 
     </span>
    </p>
   </div>
   <div class='ocr_carea' id='block_1_6' title="bbox 0 0 1578 4866">
    <p class='ocr_par' dir='ltr' id='par_1_8' title="bbox 0 0 1578 4866">
     <span class='ocr_line' id='line_1_51' title="bbox 0 0 1578 4866; baseline 0 0"><span class='ocrx_word' id='word_1_405' title='bbox 0 0 1578 4866; x_wconf 95' lang='lat' dir='ltr'> </span> 
     </span>
    </p>
   </div>
  </div>
 </body>
</html>
