3336 4870
406 413 477 502 276
547 431 663 482 nersr.
692 429 851 481 uncum.
882 417 902 444 “
921 429 1140 493 Quanquam
1168 427 1327 480 scurrus
1347 463 1369 490 „

400 607 551 672 omniurn
569 605 745 672 mulierum
763 605 977 670 matrimonio
992 605 1133 682 iunctus,
1149 615 1253 688 pater,
1266 615 1302 670 ut
1319 604 1509 686 putabatur,

401 712 459 776 filii
476 712 551 789 Dei,
565 730 667 794 opere
693 719 805 773 tamen
823 709 977 774 iaciendo
1002 719 1149 774 aetatem
1176 709 1341 792 transigit,
1359 717 1394 772 et
1409 727 1507 791 quae·

400 837 544 899 cumque
559 817 602 880 ad
619 833 754 880 suorum
771 815 949 878 tuitionem
965 823 1044 878 sunt
1059 813 1254 892 necessaria,
1271 831 1373 878 manu
1389 822 1423 877 et
1438 822 1508 876 arte

399 919 567 1002 querit-
578 917 657 980 Non
668 929 718 980 est
735 915 844 998 igitur,
854 917 881 979 si
891 933 1006 980 verum
1016 916 1212 998 exquiritur,
1221 916 1410 980 tenuiorum
1420 915 1509 978 ahie

400 1033 455 1088 cta
467 1021 616 1086 conditio
631 1043 638 1086 :
654 1038 763 1102 neque
775 1019 884 1084 solum
900 1028 999 1084 vacat
1013 1019 1188 1098 dedecore,
1202 1022 1261 1086 sed
1278 1019 1376 1084 valde
1388 1029 1507 1103 potest,

252 1143 282 1189 la
311 1149 375 1202 pau·
400 1129 559 1192 adiuncta
576 1127 706 1202 virtute,
720 1124 831 1190 omnis
845 1121 1004 1208 opificum
1022 1124 1190 1190 nobilitari
1215 1124 1318 1189 labor.
1335 1123 1510 1208 Iosephus,

219 1207 374 1322 Ἥξᾳῖἶ
399 1240 578 1295 contentus
592 1239 627 1294 et
642 1247 704 1294 suo
713 1238 748 1292 et
764 1247 876 1311 parvo,
886 1227 1059 1312 angustias
1068 1247 1145 1293 cum
1157 1227 1213 1292 illa
1225 1229 1390 1294 tenuitate
1400 1229 1510 1292 cultus

221 1321 374 1440 fflnmdmffg
400 1332 587 1397 necessario
602 1331 798 1397 coniunctas
814 1350 923 1413 aequo
938 1331 1053 1396 animo
1068 1332 1271 1416 excelsoque
1286 1331 1372 1410 tulit,
1384 1331 1509 1395 scilicet

220 1455 372 1546 ‘mppr'
398 1434 442 1500 ad
457 1435 633 1518 exemplar
648 1433 707 1498 filii
723 1435 783 1512 sui,
800 1433 858 1518 qui
875 1437 1014 1517 accepta
1030 1433 1137 1500 sormi
1150 1435 1235 1500 servi
1250 1454 1328 1499 cum
1345 1435 1388 1499 sit
1400 1433 1507 1500 dorni·

220 1559 372 1606 ruumucu-
399 1559 462 1603 nus
477 1539 640 1614 omnium,
655 1557 822 1602 summam
848 1538 996 1620 inopiam
1024 1549 1126 1622 atque
1154 1539 1375 1622 indigentiam
1391 1539 1509 1604 volun·

221 1624 310 1666 'um'
398 1653 470 1708 tate
496 1642 652 1724 suscepit.
666 1678 711 1692 -
728 1643 860 1707 Harum
884 1641 1091 1724 cogitatione
1117 1662 1226 1708 rerum
1243 1644 1368 1709 debent
1383 1643 1510 1727 erigere

246 1762 352 1833 nocant
398 1747 529 1813 animos
545 1755 579 1811 et
588 1765 696 1830 aequa
707 1748 830 1812 sentire
844 1748 942 1831 egeni
955 1757 989 1814 et
1000 1757 1168 1830 quotquot
1181 1767 1341 1814 manuum
1354 1749 1508 1812 mercede

220 1823 374 1926 zff'fflss]
397 1853 502 1918 vitam
517 1850 684 1917 tolerant:
700 1851 821 1934 quibus
838 1851 865 1914 si
875 1871 1047 1934 emergere
1062 1871 1107 1915 ex
1119 1861 1270 1936 egestate
1283 1861 1319 1918 et
1335 1853 1507 1918 meliorem

221 1939 373 2058 ww
398 1965 523 2020 statum
551 1954 725 2039 anquirere
751 1975 947 2020 concessum
974 1966 1026 2020 est
1052 1965 1119 2021 no'n
1147 1964 1356 2041 repugnante
1371 1955 1509 2032 iustitia,

223 2059 374 2177 ‘amm'
399 2061 550 2125 ordinem
577 2069 690 2126 tamen
722 2061 934 2144 providentia
960 2059 1025 2124 Dei
1055 2063 1276 2127 constitutum
1308 2060 1510 2132 subvertere,

223 2177 258 2231 do.
399 2185 467 2230 non
483 2166 578 2244 ratio,
593 2183 660 2231 non
677 2165 806 2229 iustitia
821 2165 994 2248 permittit.
1011 2165 1124 2230 Immo
1137 2185 1217 2230 vero
1227 2166 1269 2230 ad
1285 2165 1354 2230 vim
1369 2165 1509 2230 descen·

223 2295 294 2360 atqua
345 2291 375 2336 ar
401 2273 487 2350 dere,
501 2281 536 2334 et
551 2269 732 2354 quicquam
749 2271 782 2334 in
797 2269 862 2334 lroc
879 2288 1000 2352 genere
1016 2269 1155 2354 aggredi
1171 2290 1230 2353 per
1253 2269 1456 2334 seditionem
1472 2289 1510 2333 ac
1627 2299 1628 2302 ¹

223 2364 289 2456 522⁸}
325 2351 375 2456 ''f-2]
400 2376 525 2453 turbas,
551 2373 692 2438 stultum
719 2373 896 2439 consilium
923 2383 984 2450 est,
1000 2373 1090 2438 mala
1116 2373 1174 2438 illa
1189 2373 1262 2456 ipsa
1277 2373 1423 2439 efficiens
1441 2373 1510 2459 ple-

225 2469 376 2577 2⁸3}ssss
401 2498 541 2561 rumque
570 2477 732 2561 graviora,
753 2495 897 2560 quorum
921 2475 1152 2542 leniendorum
1174 2479 1294 2542 caussa
1323 2477 1512 2560 suscipitur.
1628 2545 1629 2572 χ

226 2605 267 2696 2⁸2⁸
291 2590 378 2635 haben·
403 2581 481 2648 Non
512 2582 615 2666 igitur
652 2580 888 2646 seditiosorum
926 2579 1100 2646 hominum
1133 2581 1305 2662 promissis
1341 2579 1514 2646 confidant

219 2683 267 2768 fisi·
296 2708 378 2754 secra
402 2687 529 2770 inopes,
544 2687 572 2749 si
588 2685 733 2770 sapiunt,
743 2685 802 2750 sed
816 2685 984 2769 exemplis
999 2685 1255 2768 patrocinioque
1265 2685 1355 2751 beati
1368 2685 1514 2771 losephi,

226 2782 269 2874 {2⁶
286 2767 378 2814 “m‘'
403 2793 551 2874 itemque
568 2799 718 2854 materna
736 2789 907 2856 Ecclesiae
922 2789 1071 2870 caritate,
1081 2809 1168 2873 quae
1185 2790 1310 2855 scilicet
1325 2790 1369 2856 de
1380 2791 1511 2857 illorum

404 2905 494 2961 statu
510 2896 726 2978 curamgerit
742 2895 895 2978 quotidie
908 2896 1079 2962 maiorem.

242 3039 380 3098 mm„
449 3000 570 3083 Itaque
600 2997 780 3083 plurimum
813 2999 924 3063 Nobis
954 3000 1028 3083 ipsi,
1059 2999 1277 3065 Venerabiles
1304 2999 1450 3080 Fratres,
1471 3001 1512 3066 de

229 3100 322 3145 cumn.
335 3098 381 3144 ‘'4·
404 3111 515 3167 vestra
530 3103 729 3168 auctoritate
755 3101 936 3186 studioque
961 3103 1143 3187 episcopali
1168 3102 1329 3186 polliciti:
1346 3124 1409 3169 nec
1431 3123 1511 3168 sane
1627 3131 1628 3142 2

249 3159 364 3205 triorche

230 3231 381 3336 mmm
406 3205 516 3286 diffisi,
530 3207 638 3273 bonos
664 3227 703 3272 ac
730 3207 805 3291 pios
828 3205 924 3290 plura
951 3207 1053 3274 etiam
1080 3227 1119 3272 ac
1147 3209 1282 3286 maiora,
1297 3227 1400 3292 quam
1425 3228 1511 3292 quae

230 3336 305 3383 uaso
334 3339 382 3379 sra-
407 3313 570 3390 iubentur,
586 3333 645 3376 sua
668 3321 789 3396 sponte
804 3331 843 3375 ac
867 3310 1040 3377 voluntate
1062 3311 1218 3390 facturos,
1233 3313 1454 3390 decernimus,
1477 3323 1512 3376 ut

230 3395 383 3501 {2232ssss
407 3413 547 3481 Octobri
570 3423 645 3479 toto
660 3415 692 3479 in
709 3415 905 3480 recitatione
920 3414 1066 3494 Rosarii,
1081 3418 1125 3481 de
1139 3436 1207 3500 qua
1222 3416 1305 3482 alias
1326 3417 1513 3489 statuimus,

231 3513 322 3560 ‘afim
353 3513 383 3558 ³¹¹
407 3518 514 3584 oratio
534 3519 577 3583 ad
594 3529 747 3584 sanctum
766 3517 947 3601 losephum
971 3519 1183 3603 adiungatur,
1198 3520 1293 3585 cuius
1308 3519 1452 3586 formula
1470 3521 1511 3584 ad
1626 3537 1627 3540 ’

231 3580 383 3680 ”xm
407 3643 466 3689 vos
482 3642 549 3688 una
573 3643 650 3687 cum
675 3623 727 3687 his
752 3623 871 3687 litteris
896 3622 1100 3706 perferetur:
1124 3624 1226 3707 idque
1251 3625 1391 3710 singulis
1417 3624 1512 3689 aunis

230 3695 272 3797 522
282 3699 383 3810 Ἢ.
407 3735 570 3810 perpetuo
585 3725 674 3789 idem
691 3734 847 3789 servetur.
865 3723 932 3809 Qui
948 3735 1061 3790 autern
1072 3727 1259 3792 orationem
1272 3747 1373 3811 supra
1387 3728 1509 3792 dictam

228 3811 383 3928 Ἕω
407 3831 462 3912 pie
492 3829 713 3907 recitaverint,
738 3829 984 3913 indulgentiam
1018 3831 1158 3914 singulis
1188 3841 1318 3916 septem
1348 3849 1509 3896 annorum

232 3929 383 4034 “gmffl
407 3933 616 4017 totidemque
631 3935 923 4018 quadragenarum
941 3933 974 3998 in
1000 3934 1149 4019 singulas
1164 3935 1254 4000 vices
1270 3935 1454 4001 tribuimus.
1468 3971 1510 3984 -

231 4046 375 4094 adnectitur.
409 4033 496 4101 Illud
513 4038 650 4119 quidem
674 4036 820 4102 salutare
842 4037 1058 4121 maximeque
1073 4038 1250 4117 laudabile,
1265 4037 1356 4122 quod
1378 4048 1429 4105 est
1443 4037 1507 4102 iam

231 4105 382 4210 ααεεῖῗῖυῗῖ
407 4140 528 4204 alicubi
545 4140 745 4220 institutum,
761 4160 909 4205 mensem
929 4141 1090 4206 Martium
1107 4142 1225 4207 bonori
1242 4143 1349 4208 sancti
1372 4142 1508 4210 Patriar-

229 4225 382 4328 pampo
407 4241 489 4304 chae
513 4243 710 4324 quotidiana
734 4243 869 4327 pietatis
896 4245 1138 4311 exercitatione
1158 4265 1360 4312 consecrare
1386 4246 1453 4314 Ubi
1476 4243 1507 4306 id

259 4341 354 4394 wlff·
408 4344 535 4408 institui
559 4364 627 4409 non
652 4346 748 4410 iacile
772 4356 882 4430 queat,
897 4348 1084 4432 optandum
1112 4349 1241 4429 saltem,
1258 4361 1295 4416 ut
1321 4361 1401 4416 ante
1421 4351 1506 4414 diem

407 4447 478 4509 eius
494 4446 615 4510 festum
632 4448 665 4511 in
681 4448 810 4531 templo
824 4453 984 4536 cuiusque
1006 4451 1123 4537 oppidi
1146 4454 1296 4539 principe
1310 4451 1508 4539 supplicatio
