3194 4872
417 381 467 430 DE
494 379 614 430 REBUS
643 379 841 430 BhVARlAE.
1038 405 1044 415 ·
1132 383 1174 454 31

101 559 166 624 illud
180 561 389 644 divinumque
406 563 646 644 magisterium,
662 563 756 627 cuius
772 563 1003 627 admonitione
1028 564 1180 630 iubemur
1210 597 1360 673 »redimis

99 665 184 728 vereri
200 664 258 728 Dei
274 665 521 743 auctoritatem,
531 663 748 747 eiusdemque
764 663 975 728 firmamento
991 666 1103 734 omnia
1116 666 1180 730 Dei
1253 681 1317 739 1887.
1359 661 1360 666 ’

98 767 211 836 oracula
233 777 345 832 tenere
369 768 556 853 certissima
581 766 656 845 fide,
682 770 749 831 iam
766 768 920 851 proclivis
947 780 998 832 est
1014 769 1181 834 humanae

97 867 232 934 scientiae
246 873 288 936 ad
305 870 605 954 perniciosissimos
621 891 756 947 errores,
774 872 805 934 in
830 871 945 954 primis
968 872 1184 936 naturalr'smi
1234 841 1337 958 ,me

96 981 123 1035 et
136 974 354 1053 rationalium}
378 975 482 1040 ruina
510 975 602 1038 Hinc
619 974 685 1051 fiet,
712 984 749 1038 ut
764 975 924 1039 iudicium
941 975 1180 1058 arbitriumque
1206 959 1358 1068 ffssjssfjffl

96 1077 131 1142 de
145 1080 230 1143 rebus
243 1080 481 1163 intelligendis,
496 1101 536 1144 ac
551 1080 730 1163 proclivius
746 1082 789 1145 de
805 1081 953 1164 agendis,
969 1081 1097 1145 homini
1113 1083 1180 1146 cui·
1242 1079 1248 1087 “

95 1181 163 1245 libet
184 1186 402 1266 permittatur,
417 1195 450 1248 et
466 1186 627 1272 continuo
653 1185 786 1268 publica
804 1186 1039 1267 imperantium
1067 1195 1180 1250 aucto-

96 1286 161 1376 ritas
174 1288 344 1352 debilitata
360 1289 469 1353 iaceat
484 1298 518 1352 et
533 1288 658 1352 afflicta
674 1314 680 1354 :
696 1289 816 1371 quibus
838 1309 983 1373 namque
999 1290 1122 1354 inserta
1139 1292 1182 1355 sit

93 1392 219 1472 pessima
243 1393 368 1475 opiniO,
399 1413 434 1456 se
462 1392 554 1458 nullo
585 1403 684 1475 pacto
715 1392 855 1474 obligari
886 1395 1117 1460 dominatione
1148 1406 1181 1458 et

92 1496 219 1560 rectione
235 1499 310 1576 Dei,
336 1499 518 1580 permirum
545 1517 626 1561 sane
651 1497 678 1560 si
703 1497 849 1560 hominis
876 1496 980 1562 ullum
1005 1500 1180 1580 imperium

91 1597 249 1664 observent
265 1610 299 1664 et
315 1587 495 1683 patiantur.
513 1601 757 1678 Fundameqtis
785 1602 911 1664 veroin
936 1603 1056 1684 quibus
1072 1604 1181 1667 omnis
1207 1595 1298 1700 mois
1315 1587 1359 1684 ᾖξ’

91 1703 254 1766 auctoritas
275 1705 401 1781 nititur,
429 1702 560 1780 excisis,
585 1703 727 1768 societas
743 1703 987 1767 coniunctionis
1015 1703 1182 1769 humanae
1208 1705 1359 1804 ffijp‘ss]

91 1805 246 1870 resolvitur
262 1817 296 1872 et
323 1808 515 1890 dissipatur,
539 1806 630 1870 nulla
656 1808 717 1871 erit
742 1828 793 1871 res
820 1807 963 1890 publica,
989 1809 1181 1874 dominatus
1207 1766 1358 1887 &humion-

89 1927 239 1974 armorum
256 1912 377 1995 plenus
402 1923 436 1976 et
456 1912 617 1976 scelerum
634 1912 812 1994 occupabit
839 1912 961 1976 omnia.
989 1913 1079 1976 Num
1104 1934 1183 1977 vero
1202 1877 1357 1995 {iiharffl'

92 2024 151 2078 tam
166 2015 329 2082 funestam
346 2017 574 2082 calamitatem
601 2019 708 2099 possit
733 2018 860 2096 civitas,
882 2017 949 2080 suis
966 2019 1038 2101 ipsa
1062 2020 1182 2101 opibus

90 2115 169 2196 freta,
182 2121 378 2204 deprecari?
404 2141 483 2185 num
509 2122 624 2204 possit,
641 2121 811 2185 Ecclesiae
835 2121 984 2184 subsidia
1000 2125 1182 2203 respuens?

92 2241 159 2286 num
176 2226 290 2308 possit.
306 2209 383 2290 cum
401 2224 553 2288 Ecclesia
578 2225 759 2308 confligens
772 2225 784 2288 l
799 2263 843 2274 -
859 2226 927 2290 Res
943 2227 1098 2308 prudenti
1115 2227 1182 2288 cui-

90 2345 143 2406 que
153 2313 263 2412 aperta
275 2315 521 2412 manifestaque
538 2339 597 2394 est.
611 2366 654 2376 -
671 2328 750 2411 Ipsa
766 2329 866 2409 igitur
882 2329 987 2392 ciuilis
1004 2329 1181 2410 prudentia

89 2431 200 2511 suadet,
215 2435 247 2498 in
265 2435 439 2498 iuventute
456 2434 638 2498 erudienda
653 2442 687 2496 et
703 2433 908 2498 instituenda
931 2453 1025 2496 suam
1050 2442 1178 2514 partem
1207 2489 1284 2534 Proin
1296 2490 1357 2534 cm.-

88 2535 235 2620 episcopis
252 2547 287 2602 et
309 2538 398 2601 clero
426 2557 498 2601 esse
514 2537 789 2619 relinquendam;
812 2535 1055 2619 diligenterque
1071 2536 1180 2618 provi·
1207 2549 1352 2606 responsas,

87 2635 229 2718 dendum,
244 2662 289 2705 ne
313 2641 356 2705 ad
386 2640 630 2704 nobilissimum
658 2639 800 2704 docendi
818 2659 939 2702 munus
955 2638 1108 2702 homines
1123 2659 1180 2702 vo·
1206 2608 1357 2718 {igp'ffli

86 2751 186 2830 centur
199 2744 251 2806 vel
268 2745 312 2808 de
329 2729 490 2826 religione
514 2743 664 2826 languidi
692 2751 725 2806 et
742 2741 851 2819 ieiuni,
868 2741 919 2805 vel
936 2743 1047 2825 palam
1073 2743 1178 2806 aversi
1206 2726 1357 2830 5225·th

85 2842 120 2904 ab
135 2845 291 2913 Ecclesia.
306 2847 409 2930 Quod
426 2848 563 2930 quidem
581 2846 822 2918 intolerabilius
839 2855 935 2922 esset,
948 2848 975 2909 si
987 2846 1179 2909 huiusmodi
1216 2843 1336 2948 {m

85 2945 193 3028 ingenii
217 2951 374 3015 homines
395 2951 619 3033 deligerentur
636 2951 677 3014 ad
694 2949 864 3016 doctrinas
887 2970 1006 3028 sacraS,
1028 2950 1177 3013 omnium
1335 2936 1341 2948 ⁶

84 3057 386 3134 praestantissimas,
400 3053 615 3139 profitendas.

119 3259 289 3326 Praeterea
305 3265 443 3328 interest
459 3282 560 3346 quam
578 3262 736 3337 maxime,
752 3261 971 3326 Venerabiles
989 3261 1129 3338 Fratres,
1143 3273 1179 3325 ut
1228 3285 1356 3345 oregnan-

83 3366 215 3444 pericula
240 3367 398 3432 avertatis
423 3375 456 3430 et
483 3366 693 3450 propulsetis,
721 3387 807 3449 quae
834 3367 990 3448 gregibus
1014 3367 1131 3429 vestris
1159 3389 1178 3428 a
1207 3353 1336 3450 nigrim}

82 3465 270 3552 contagione
297 3492 485 3534 ariassonum
512 3471 717 3553 impendent.
740 3507 783 3519 -
812 3469 923 3532 Huius
950 3469 1178 3534 tenebricosae
1205 3461 1356 3568 {fidem

82 3583 180 3638 sectae
205 3576 346 3640 consilia
361 3588 395 3641 et
412 3587 499 3640 artes
515 3596 616 3660 quam
634 3577 700 3640 sint
718 3577 886 3660 nequitiae
903 3575 1002 3658 plena
1018 3585 1051 3638 et
1076 3597 1177 3658 quam

80 3677 212 3742 exitiosa
228 3681 366 3758 civitati,
382 3681 557 3744 docuimus
574 3679 665 3758 alias,
676 3680 899 3762 singularibus
913 3679 1032 3742 litteris
1045 3679 1178 3744 Nostris

81 3783 257 3862 encyclicis,
272 3804 332 3847 nec
350 3805 416 3848 non
428 3785 623 3848 adiumenta
636 3784 997 3866 indicavimus‚quibus
1014 3783 1097 3846 vires
1109 3784 1177 3845 eius

80 3897 221 3962 oporteat
238 3889 371 3971 reprimi
388 3899 422 3952 et
438 3888 594 3953 enervari.
607 3887 678 3951 Nec
688 3887 838 3971 prolecto
855 3889 916 3952 erit
932 3887 1014 3951 satis
1030 3907 1178 3968 unquam
1249 3907 1357 3955 Tenebri-

17 3985 21 3998 '
80 3993 326 4070 praemonitum,
353 4001 493 4058 caveant
517 3992 689 4056 christiani
708 4013 727 4054 a
744 3991 802 4055 tali
823 3990 984 4054 scelerum
1012 3987 1179 4051 factione:
1207 3973 1358 4073 {22‘}„,³{‘,‘„‘{

81 4089 152 4154 haec
164 4096 266 4174 euim,
277 4116 481 4180 quamquam
495 4097 608 4160 odium
620 4117 720 4178 grave
731 4098 764 4159 in
780 4096 965 4158 Ecclesiam
978 4092 1178 4157 catholicam
1207 4089 1358 4194 mufd’·

81 4196 235 4281 principio
252 4199 404 4283 concepit
416 4201 632 4283 asperiusque
648 4200 769 4283 deinde
784 4197 975 4262 obfirmavit
987 4197 1180 4278 etquotidie

82 4297 270 4382 inflammat,
288 4325 353 4368 non
371 4315 484 4369 tamen
502 4314 664 4387 perpetuo
680 4304 872 4367 inimicitias
889 4313 1021 4385 apertas
1037 4311 1181 4376 exercet,

82 4414 111 4466 at
126 4409 259 4490 saepius
274 4410 342 4492 agit
359 4419 490 4474 versute
502 4418 536 4473 et
546 4407 669 4484 dolose,
683 4410 898 4490 maximeque
911 4405 1180 4480 adolescentiam,
