3230 4874
250 833 361 892 ””’”””θ

221 893 373 951 quaero-dd

399 337 447 424 64
564 349 711 403 ιιιτιιιι
732 351 859 404 arose.
883 339 903 368 ‘⁶
922 351 1097 404 ειιιιιιιιτι
1115 353 1298 406 cousinio
1314 387 1335 414 .,

397 533 454 610 cis,
469 551 514 597 ex
529 533 637 616 iisque
646 529 745 596 rebus
754 549 841 616 quae
850 531 894 596 ad
905 530 1109 616 elegantiam
1127 533 1299 598 doctrinae
1315 534 1503 618 artiumque

398 634 840 720 optimarum'incrementa
870 637 1049 718 pertinent,
1079 635 1207 702 nullam
1233 657 1255 702 a
1287 639 1407 702 studiis
1438 637 1504 702 suis

398 739 542 806 alienam
558 749 687 826 putent.
714 738 782 806 Sed
799 759 915 804 eorum
937 759 1011 804 esse
1036 739 1206 824 singulare
1229 759 1352 805 munus
1375 742 1502 806 institu-

362 845 539 929 tumque
549 845 660 921 debet,
674 863 805 910 romam
795 842 1073 909 '‘Pontificatus
1064 865 1136 910 rura
1151 845 1343 924 defendere,
1358 845 1503 930 pbiloso-

220 953 286 998 cm'·
287 953 369 998 ἰδ
399 948 498 1032 pbiae
521 969 558 1014 se
583 967 623 1014 ac
647 949 839 1032 theologiae
862 948 995 1027 dedere,
1019 949 1121 1034 idque
1147 948 1210 1014 bac
1232 949 1296 1015 sibi
1323 949 1417 1016 velut
1433 949 1503 1036 lege

215 1071 272 1130 fam
293 1078 373 1175 pa·
399 1053 568 1138 imposita,
590 1061 627 1120 ut
653 1051 822 1121 Thomam
847 1052 1054 1136 Aquinatem
1085 1062 1270 1138 sequamur
1298 1055 1334 1120 in
1365 1065 1503 1138 utraque

226 1011 275 1057 Tio
246 966 327 1062 irrufes.

219 1130 323 1178 molare

219 1190 374 1250 scn'ptoribur

219 1251 281 1356 {llus
253 1255 331 1296 ιιιιίιι

361 1145 559 1235 {facultate
585 1158 717 1236 ducem,
747 1157 885 1241 eiusque
914 1156 1104 1222 doctrinam
1136 1157 1319 1242 praecipuo
1357 1161 1501 1242 quodam
1600 1239 1601 1248 ἵ

399 1265 512 1331 studio
523 1263 647 1340 colant
657 1270 822 1326 tueantur.
849 1258 1067 1344 Quapropter
1081 1261 1145 1324 etsi
1163 1280 1232 1326 oon
1256 1281 1376 1326 sumus
1401 1263 1502 1346 ignari

397 1368 536 1435 huiusce
566 1387 625 1432 eos
651 1385 725 1430 esse
751 1366 818 1429 iam
842 1373 1017 1448 compotes
1048 1364 1171 1443 laudis,
1202 1375 1240 1430 ut
1271 1365 1305 1430 in
1339 1366 1503 1452 Angelici,

397 1473 555 1540 Doctoris
581 1469 802 1536 sectatoribus
829 1468 1012 1554 ingeniosis
1047 1479 1082 1534 et
1108 1468 1254 1535 strenuis
1280 1481 1503 1550 numerenour,
1600 1545 1601 1558 χ

396 1578 551 1644 volumus
567 1585 681 1641 tamen
709 1584 755 1651 ut,
779 1574 871 1657 quod
897 1572 1024 1638 alacres
1047 1593 1109 1638 sua
1124 1580 1246 1658 sponte
1262 1573 1402 1654 iaciunt,
1415 1575 1501 1642 idern

397 1683 505 1748 facere
519 1700 620 1746 suasu
636 1679 795 1763 iussuque
817 1679 944 1743 Nostro
969 1686 1113 1762 pergant
1138 1677 1329 1745 alacriores.
1345 1679 1446 1763 Quod
1461 1683 1501 1746 ad

397 1787 523 1852 fructus
538 1803 669 1850 annuos
684 1793 825 1868 spectat,
839 1803 925 1868 quos
947 1783 1149 1866 scriptorum
1166 1783 1318 1849 attulerit
1335 1785 1504 1862 industria,

342 1889 620 2020 mpraecipimus
637 1895 674 1952 ut
689 1907 735 1952 ex
750 1886 799 1952 eis
813 1905 956 1965 summa,
971 1906 1029 1952 seu
1046 1886 1291 1970 patrimonium
1301 1886 1503 1962 conficiatur,

265 1975 343 2020 Μ
340 1989 491 2079 genius
506 1992 665 2058 reditus‘
656 2011 689 2056 ιιι
718 1991 895 2056 tuitionem
918 1999 953 2055 et
979 1988 1278 2074 amplificationem
1304 1991 1479 2074 collegiis
1471 2009 1501 2052 ιιι

218 2047 353 2140 ἴσω
258 2093 370 2198 ifbore

397 2097 686 2164 conservationem
702 2095 847 2172 aedium,
863 2092 1077 2179 rationesque
1093 2093 1205 2178 operis
1221 2095 1398 2160 universas
1412 2095 1502 2160 addi-

214 2159 338 2282 ’ἂῖἔίιῖ
347 2211 523 2268 creantur.
551 2199 728 2266 Eiusmodi
754 2198 911 2263 deductis
931 2197 1133 2281 sumptibus
1171 2199 1392 2284 sepositoque
1414 2197 1501 2282 quod

212 2279 350 2376 ifar'cff
339 2331 366 2377 s.
396 2315 553 2390 suppetat
569 2307 602 2370 in
618 2313 773 2387 sumptus
789 2302 954 2380 fortuitos,
969 2322 995 2366 ει
989 2302 1093 2385 quid
1111 2312 1282 2386 praeterea
1297 2304 1501 2369 redundare·

215 2390 370 2448 tprrresc-

217 2451 307 2496 istm
266 2451 369 2555 mppri-

394 2411 447 2489 rit,
463 2411 616 2482 volumus
632 2418 669 2474 ut
685 2409 772 2486 inde,
800 2419 937 2472 auctore
960 2405 1153 2490 Praeposito
1168 2408 1328 2490 generali,
1344 2407 1499 2492 quamdiu

394 2523 586 2598 temporum
616 2512 791 2578 calamitas
822 2509 1050 2593 postulaverit,
1081 2509 1261 2592 provinciis
1294 2531 1313 2575 e
1345 2511 1499 2575 societate

395 2617 524 2692 italicis,
538 2636 622 2699 quas
639 2617 672 2680 iu
689 2613 946 2698 suppeditandis
962 2611 1040 2677 huic
1056 2612 1202 2697 collegio
1216 2614 1350 2679 idoneis
1365 2615 1497 2698 scripto-

396 2721 487 2785 ribus
510 2719 662 2785 liberales
686 2739 758 2784 esse
785 2726 928 2800 oportet,
952 2716 1103 2782 subsidia
1131 2715 1357 2798 conserantur,
1373 2719 1496 2802 aliaque

395 2844 457 2908 pro
472 2844 582 2888 rerum
597 2843 637 2888 ac
653 2833 842 2906 temporum
859 2821 1053 2886 conditione
1069 2821 1224 2886 iurentur
1234 2841 1348 2904 opera,
1363 2843 1449 2905 quae
1457 2823 1495 2884 ad
1599 2805 1600 2834 ³

394 2928 536 3010 gloriam
554 2927 629 3006 Dei,
644 2927 687 2992 ad
703 2925 937 3010 proximorum
955 2925 1099 2990 salutem
1115 2925 1320 3008 pertineant,
1350 2945 1496 3010 quaeque

394 3031 439 3097 ab
453 3031 610 3096 instituto
624 3029 756 3113 collegii
773 3048 841 3094 non
858 3029 926 3092 sint
941 3027 1061 3094 aliena.
1080 3027 1177 3094 Haec
1192 3029 1359 3108 volumus,
1385 3031 1495 3096 statui·

395 3156 479 3213 mus,
494 3134 703 3200 declaramus
718 3135 937 3198 decernentes
953 3131 1014 3198 bas
1041 3132 1180 3212 litteras,
1206 3133 1352 3198 Nostras
1383 3132 1495 3204 firmas,

393 3249 493 3319 ratas,
507 3236 660 3304 efficaces
687 3237 736 3303 uti
761 3247 848 3316 sunt,
872 3237 920 3302 ita
945 3236 979 3300 in
1007 3248 1180 3320 posterum
1209 3257 1450 3321 permansuras,
1464 3247 1495 3297 et

276 3373 281 3383 ·
394 3347 523 3410 irritum
540 3354 640 3427 atque
656 3343 756 3407 inane
770 3361 852 3420 esse,
867 3343 895 3404 si
911 3341 992 3424 quid
1009 3361 1029 3404 a
1042 3361 1214 3426 quoquam
1226 3351 1344 3408 contra
1358 3361 1413 3406 eas
1422 3357 1493 3404 con·

394 3449 507 3533 tigerit
522 3447 692 3525 attentari,
706 3447 880 3511 contrariis
904 3465 971 3510 non
997 3444 1212 3513 obstantibus
1228 3447 1493 3530 quibuscumque.

440 3553 567 3619 Datum
594 3551 726 3616 Romae
752 3549 842 3632 apud
871 3547 906 3615 S.
932 3549 1068 3614 Petrum
1096 3549 1160 3616 sub
1189 3550 1293 3615 anulo
1327 3545 1493 3614 Piscatoris

394 3655 450 3720 die
466 3657 486 3720 8
504 3653 580 3720 lulii
600 3655 692 3738 1890,
710 3651 927 3741 Pontificatus
945 3651 1060 3718 Nostri
1077 3672 1168 3719 anno
1183 3654 1316 3720 decimo
1333 3653 1431 3718 tertio

799 3847 845 3912 M.
861 3845 977 3910 Cano.
994 3843 1373 3914 LEDOCHOWSKI.
