3336 4870
376 407 493 460 nerse.
520 405 677 458 sucucn.
709 389 730 422 ‘⁶
749 405 968 470 QUAMQUAM
995 407 1154 458 saumas
1174 443 1193 470 ,.
1267 408 1311 480 ²7
1316 410 1336 480 3

236 518 298 528 ..-

230 579 375 645 Nostras
390 601 457 646 non
471 580 592 647 frustra
606 579 640 644 in
656 600 698 646 ea
712 580 894 644 collocatas
909 587 1002 645 certo
1016 582 1147 646 scimus
1160 581 1197 649 Si
1213 585 1339 650 centies
1376 605 1514 653 studiosius

228 683 314 748 illa'
304 707 337 750 ιιι
355 685 486 768 magnis
511 685 713 750 christianae
739 685 943 770 reipublicae
959 686 1168 768 temporibus
1183 706 1340 772 praesens
1364 666 1466 772 ,w
1464 667 1516 770 ρέζ,

231 787 350 867 adfuit,
373 809 432 854 cur
455 790 637 867 dubitetur,
651 788 816 872 exempla
842 789 1016 872 potentiae
1042 790 1237 875 gratiaeque
1260 813 1341 858 suae
1365 798 1456 890 ff.
1414 843 1476 894 mo
1500 797 1515 828 ‘⁸

231 903 477 971 renovaturam,
492 892 519 956 si
543 890 686 958 humiles
713 901 973 976 constantesque
988 913 1103 977 preces
1118 895 1342 960 communiter
1403 903 1516 949 Eccsleioe

229 995 479 1061 adhibeantur?
495 996 607 1061 Immo
622 1003 721 1060 tanto
737 993 923 1060 mirabilius
949 995 1116 1060 credimus
1141 996 1343 1078 adiuturam,
1366 962 1517 1092 &Quaem

231 1112 361 1184 quanto
375 1120 412 1165 se
427 1101 552 1164 diutius
568 1099 735 1164 obsecrari
752 1097 1055 1164 maluerit..
1373 1080 1459 1128 ‘²²²¹'
1459 1085 1508 1126 m·

278 1203 346 1270 Sed
373 1204 464 1270 aliud
491 1223 627 1289 quoque
653 1212 704 1269 est
723 1203 933 1286 propositum
951 1202 1060 1268 Nobis
1076 1227 1085 1284 ;
1099 1205 1153 1269 cui
1168 1208 1344 1290 proposito

231 1307 440 1390 diligentem,
450 1317 487 1372 ut
496 1307 621 1386 soletis,
630 1305 851 1371 Venerabiles
864 1305 1007 1384 Fratres,
1020 1306 1206 1374 Nobiscum
1218 1310 1344 1375 dabitis

232 1433 380 1495 operam
396 1412 533 1478 Scilicet
558 1431 628 1496 quo
652 1431 688 1476 se
715 1410 967 1495 placabiliorem
984 1411 1027 1475 ad
1044 1431 1159 1495 preces
1174 1415 1345 1497 impertiat
1400 1441 1450 1488 Βιι
1470 1455 1520 1486 ιιι

233 1518 339 1594 Deus,
361 1515 578 1600 pluribusque
604 1515 886 1599 deprecatoribus,
903 1514 1074 1580 Ecclesiae
1099 1537 1181 1583 suae
1206 1521 1344 1585 celerius
1370 1501 1522 1620 ξζᾟξξξῖ,

233 1641 274 1686 ac
288 1621 452 1704 prolixius
467 1619 659 1701 opituletur,
669 1638 874 1702 magnopere
886 1619 950 1683 hoc
960 1619 1161 1684 arbitramur
1175 1623 1347 1710 expedire,
1385 1621 1497 1725 ‘ima'

233 1735 271 1790 ut
297 1744 363 1789 una
389 1743 467 1788 cum
484 1724 625 1807 Virgine
649 1723 798 1806 Deipara
821 1722 1048 1788 castissimum
1075 1725 1147 1789 eius
1174 1725 1346 1809 Sponsum
1380 1685 1505 1786 ’ἴιιιῗιῖιι
1488 1693 1517 1724 ¹¹⁵

235 1829 372 1894 beatum
390 1829 573 1912 Iosephurn
590 1827 769 1911 implorare
790 1829 935 1911 populus
951 1827 1151 1894 christianus
1167 1833 1348 1916 praecipua

232 1933 360 2017 pietate
374 1943 409 1998 et
420 1932 535 1998 fidenti
548 1933 663 1998 animo
674 1935 841 1996 insuescat
855 1933 964 2014 :quod
978 1941 1133 2016 optatum
1146 1947 1348 2021 gratumque

230 2038 295 2121 ipsi
306 2037 437 2121 Virgini
449 2037 606 2116 futurum,
617 2037 716 2102 certis
731 2037 775 2101 de
789 2036 916 2100 caussis
931 2037 1182 2104 iudicamus-
1193 2038 1347 2107 Proiecto

231 2141 320 2208 hac
311 2161 344 2206 ιιι
361 2162 405 2220 re,
414 2143 458 2207 de
469 2162 536 2226 qua
547 2163 637 2208 nunc
650 2141 796 2225 primurn
807 2140 1071 2224 publicedicturi
1082 2143 1210 2227 aliquid
1223 2164 1348 2223 sumus,
1403 2175 1488 2222 Actu
1458 2190 1488 2221 ,ι
1481 2176 1526 2234 ,ιι

231 2246 393 2330 pietatem
418 2247 615 2330 popularem
642 2245 863 2328 cognovimus
889 2263 957 2308 non
987 2246 1090 2310 modo
1114 2263 1266 2330 pronam,
1288 2247 1347 2312 sed
1372 2236 1525 2364 ‘dmm

231 2349 327 2416 velut
351 2350 507 2415 instituto
530 2349 597 2414 iam
622 2369 720 2414 cursu
747 2348 1042 2431 progredientem.
1064 2359 1242 2433 propterea
1257 2350 1348 2434 quod
1374 2369 1419 2459 aq
1402 2354 1528 2472 “mla

232 2455 370 2538 Iosephi
385 2455 514 2520 cultum
518 2473 637 2537 ,quem
651 2452 878 2536 superioribus
895 2473 1029 2536 quoque
1040 2453 1207 2518 aetatibus
1219 2454 1349 2519 romani
1404 2471 1490 2533 fideles

232 2557 413 2623 Pontifices
428 2557 553 2622 sensim
569 2556 775 2640 provehere
766 2575 799 2619 ιιι
820 2555 927 2620 maius
943 2567 977 2620 et
993 2555 1061 2620 late
1076 2575 1263 2674 propagare
1279 2567 1347 2622 stu·
1373 2531 1525 2636 affra
1434 2537 1523 2582 Μ

231 2663 384 2740 duerant,
400 2671 572 2746 postremo
587 2661 651 2725 hoc
667 2671 820 2742 ternpore
836 2658 982 2724 vidimus
1006 2659 1132 2742 passim
1156 2680 1217 2723 nec
1237 2661 1348 2726 dubiis
1383 2652 1522 2769 ”p'l‘nstff

233 2767 449 2832 incrementis
463 2785 652 2849 augescere,
668 2765 864 2847 praesertim
881 2773 1001 2846 postea
1016 2784 1119 2848 quam
1133 2767 1212 2830 Pius
1230 2765 1281 2829 IX
1294 2764 1348 2832 iel.
1372 2725 1524 2876 κζξιξνὶᾰ·

233 2892 298 2937 rec
312 2871 468 2936 decessor
479 2871 605 2935 Noster
616 2868 866 2933 sanctissimum
878 2867 1105 2933 Patriarcham
1109 2868 1345 2952 ,plurimorum
1365 2887 1525 2993 serratam-

235 2976 482 3059 Episcoporum
499 2983 628 3058 rogatu,
643 2981 823 3056 patronum
839 2969 1012 3038 Ecclesiae
1035 2973 1221 3040 catholicae
1236 2947 1399 3039 decla-‘³‘

233 3081 388 3146 ravit-
403 3079 632 3144 Nihilominus
647 3097 724 3143 cum
751 3077 837 3142 tanti
864 3076 994 3152 referat,
1009 3078 1258 3144 venerationem
1275 3080 1346 3143 eius

231 3184 269 3248 in
299 3183 447 3249 moribus
478 3181 707 3264 institutisque
738 3179 912 3254 catholicis
942 3179 1077 3262 penitus
1109 3181 1347 3260 inhaerescere,

231 3287 360 3353 idcirco
374 3286 528 3350 volumus
544 3283 706 3368 populum
722 3283 940 3348 christianum
956 3303 1039 3348 voce
1065 3283 1219 3367 inprimis
1245 3295 1347 3370 atque

232 3392 435 3456 auctoritate
451 3390 576 3454 Nostra
592 3389 731 3454 moveri.

280 3495 348 3562 Cur
361 3497 481 3560 beatus
506 3493 670 3576 Iosephus
694 3491 894 3558 nominatim
919 3492 1084 3558 habeatur
1101 3494 1272 3560 Ecclesiae
1287 3517 1345 3580 pa·
1405 3507 1489 3553 Τιίιιι·

233 3611 360 3676 tronus,
375 3597 595 3680 vicissimque
614 3597 795 3680 plurimum
823 3595 886 3660 sibi
905 3597 1056 3661 Ecclesia
1083 3598 1126 3661 de
1153 3599 1224 3664 eius
1239 3581 1388 3665 tutela⁶
1372 3627 1400 3671 Β
1428 3625 1458 3676 J
1435 3567 1524 3684 ιρῗι

232 3703 488 3788 patrocinioque
503 3699 709 3784 polliceatur,
717 3719 854 3764 caussae
872 3699 948 3764 illae
957 3708 1035 3765 sunt
1051 3701 1264 3784 rationesque
1279 3704 1346 3767 sin·
1371 3699 1443 3730 ‘'⁸¹¹''
1444 3699 1515 3731 ‘⁷⁰²⁸'

233 3806 377 3892 gulares,
399 3805 531 3889 quod'
521 3825 549 3870 rs
576 3804 626 3868 vir
650 3803 715 3869 tuit
741 3805 879 3883 Mariae,
906 3813 940 3869 ct
964 3813 1069 3888 pater,
1093 3813 1129 3870 ut
1154 3749 1421 3888 putabatuem

235 3913 324 3978 lesu
343 3910 511 3977 Cflutsu.
528 3907 620 3975 Hinc
643 3909 754 3973 omnis
780 3908 851 3972 eius
866 3908 1023 3992 dignitas,
1039 3909 1159 3991 gratia,
1174 3911 1347 3992 sanctitas,

233 4013 341 4098 gloria
365 4013 543 4097 proiectae
555 4011 655 4078 Certe
672 4013 787 4078 matris
809 4012 874 4076 Dei
890 4022 961 4076 tam
985 4011 1019 4076 in
1036 4012 1172 4077 excelso
1197 4014 1346 4098 dignitas

233 4127 297 4194 est,
311 4129 348 4180 ut
375 4115 458 4180 nihil
474 4114 543 4180 fieri
569 4115 676 4180 maius
703 4124 813 4198 queat.
830 4113 898 4181 Sed
923 4123 1037 4179 tamen
1053 4115 1133 4198 quia
1160 4117 1347 4185 intercessit

235 4218 383 4302 Iosepho
397 4235 474 4282 cum
491 4215 632 4299 Virgine
647 4215 841 4280 beatissima
857 4213 1009 4280 maritale
1025 4215 1182 4296 vinclum,
1192 4218 1235 4283 ad
1252 4218 1345 4287 illam

234 4321 557 4409 praestantissimam
584 4319 795 4403 dignitatern,
810 4338 878 4402 qua
893 4319 1021 4384 naturis
1047 4320 1167 4386 creatis
1189 4323 1346 4391 omnibus
1412 4332 1525 4380 Beatissi-

236 4425 432 4510 longissime
447 4424 596 4508 Deipara
620 4421 799 4502 antecellit,
813 4441 881 4487 non
909 4433 961 4488 est
983 4422 1123 4489 dubium
1140 4426 1219 4510 quin
1236 4448 1345 4495 acces·
1373 4393 1525 4512 mimo

267 4563 344 4612 Ασιιι
360 4559 462 4608 Lsours
478 4558 524 4606 111.
1213 4563 1257 4611 111,
1271 4569 1340 4614 ..ιι
1342 4605 1347 4616 ,
