3194 4872
386 387 403 434 2
662 385 843 438 smsroua
872 375 892 402 ‘⁴
912 387 1067 438 sunnon
1095 387 1160 440 rur
1180 421 1202 452 „
1312 362 1314 368 ’

208 571 295 641 {rcum
320 592 357 638 m·
382 581 474 636 terea
499 571 557 654 (ne
572 570 681 651 inanis
710 571 913 636 consultatio
928 571 986 655 sit)
1002 581 1038 636 ut
1057 591 1145 655 quae
1168 583 1340 656 comperta
1365 571 1486 636 luerint

207 653 357 759 ᾞῘζξῇῗ
383 675 554 758 utriusque
563 673 768 738 incommodi
784 676 932 738 remedia
943 675 1126 759 aptissima,
1142 675 1270 740 naviter
1279 676 1485 760 impigreque

205 774 292 892 {253st
331 829 359 874 u
383 777 613 842 adhibeantur.
632 777 736 861 Atqui
752 777 835 842 haec
852 797 959 862 neque
975 779 1075 862 plane
1090 780 1242 862 dignosci
1258 797 1367 862 neque
1382 779 1485 844 studi·

205 891 358 996 mm
383 884 441 946 os'e
466 892 684 964 amanterque
709 881 859 946 adhiberi
889 891 1026 965 queunt,
1043 883 1106 947 nisi
1129 883 1173 948 ab
1199 885 1249 964 iis,
1274 885 1332 967 qui
1353 882 1486 967 plurimi

206 1007 353 1054 adhibendis.
382 985 507 1051 iaciant
523 985 689 1067 praesidia
704 1003 790 1068 quae
806 983 986 1050 christiana
1002 986 1117 1068 religio
1132 987 1335 1070 suppeditat,
1363 985 1487 1070 quique

204 1067 348 1186 ,72⁴5dessss
383 1089 517 1153 caelesti
532 1089 603 1153 eius
619 1087 746 1154 lumine
769 1089 975 1154 illustrentur
990 1090 1127 1173 eiusque
1154 1090 1351 1156 roborentur
1366 1091 1487 1154 virtute

207 1185 357 1293 &ss2⁸2
383 1193 506 1258 divina.
535 1191 648 1276 Quum
680 1193 794 1257 omnia
820 1193 903 1256 haec
933 1194 1030 1258 vobis
1057 1195 1164 1258 inesse
1188 1213 1255 1258 non
1286 1193 1489 1271 dubitemus,

209 1305 358 1421 rumex
383 1308 508 1364 certam
535 1297 687 1362 fovemus
703 1317 797 1380 spem
815 1298 976 1362 salutares
992 1299 1176 1384 uberesque
1191 1297 1317 1364 fructus
1340 1299 1488 1362 consiliis

207 1423 234 1470 de
268 1423 359 1481 surm
383 1409 417 1465 et
432 1401 518 1465 curis
534 1401 651 1464 vestris
661 1399 799 1464 omnino
816 1417 1038 1482 responsuros.
1055 1398 1170 1464 Alacri
1186 1401 1300 1484 itaque
1311 1410 1490 1483 erectoque

201 1488 357 1602 [ξξζῖζζζξ.
384 1506 498 1568 animo
510 1505 542 1568 in
559 1524 644 1587 opus
660 1513 851 1586 susceptum
877 1503 1060 1568 incumbite
1079 1527 1086 1568 :
1102 1503 1190 1568 adsit
1205 1502 1356 1569 coetibus
1370 1503 1491 1568 vestris

206 1606 357 1720 άᾳζζᾝ,
384 1609 519 1690 spiritus
551 1595 688 1672 Domini
720 1607 777 1689 qni
793 1617 919 1670 vestras
951 1606 1130 1689 perfundat
1160 1607 1324 1692 sapientia
1350 1617 1491 1684 mentes,

209 1719 358 1824 stalwu-
384 1713 563 1778 concordia
580 1712 770 1776 voluntates
786 1711 968 1794 coniungat
988 1733 995 1788 ;
1020 1731 1058 1776 ac
1078 1733 1254 1777 munerum
1272 1713 1353 1777 Eius
1376 1713 1491 1794 auspi·

209 1793 358 1908 ὥῑῖιῖζὶ-
385 1840 457 1884 cem
496 1818 655 1882 habetote
689 1816 922 1900 Apostolicam
961 1815 1230 1881 benedictionem
1271 1831 1373 1899 quam
1418 1815 1492 1892 tibi,

208 1902 246 1944 '¹¹'
385 1920 596 1985 Venerabilis
614 1921 740 1997 Frater,
756 1919 979 2000 omnibusque
1003 1918 1133 1984 dilectis
1149 1918 1233 2001 filiis.
1247 1921 1304 2002 qui
1335 1937 1492 1982 curarum

390 2044 524 2089 suarum
556 2024 743 2108 partemin
774 2023 968 2106 proximum
996 2032 1198 2088 conventum
1220 2021 1373 2086 collaturi
1403 2032 1495 2099 sunt,

387 2131 601 2210 peramanter
617 2128 650 2190 in
663 2125 815 2190 Domino
829 2125 1047 2208 impertimus.

431 2231 558 2295 Datum
576 2231 707 2295 Romae
716 2229 805 2312 apud
817 2227 850 2294 S.
869 2229 1003 2292 Petrum
1021 2228 1076 2292 die
1093 2245 1134 2310 30
1163 2229 1238 2292 Iulii
1263 2230 1355 2308 1887,
1376 2227 1493 2292 Ponti-

387 2333 504 2402 ficatus
515 2335 630 2402 Nostri
642 2355 732 2399 anno
745 2335 886 2400 decimo.

778 2486 873 2552 nso
899 2487 961 2551 rr.
986 2487 1087 2552 xu1.
1115 2467 1123 2478 '
