3250 4876
413 403 483 475 322
766 401 888 454 rnnnx
915 401 1165 456 1111111003.

1463 560 1515 610 Peg.

402 585 403 590 ἵ
476 614 636 669 nutriuntur
645 614 682 670 ab
696 613 847 686 Episcopis
861 613 1031 684 designandi
1049 613 1264 686 singulisnnun
1277 612 1443 670 1111101118-

475 693 596 765 pistopo
611 695 715 751 Mecbl.
729 697 786 750 duo
801 696 861 750 126.

440 803 492 854 30.
509 802 712 855 LITTERAE
735 803 1012 856 APOSTOLICAE
1033 803 1074 855 de
1098 803 1231 854 honoris
1242 804 1336 868 signo
1348 813 1444 853 0008-

401 881 1162 936 elonadubllaelinstituendo.-l'f.lulll1888.
1467 889 1511 942 127

509 982 648 1054 Pontifex,
660 983 757 1040 recolit
770 993 852 1056 grate
869 983 1052 1056 splendorem
1059 967 1170 1054 jubilaei
1183 979 1372 1039 sacerdotalis
1384 991 1444 1046 117,

471 1079 559 1134 opera
579 1064 706 1122 caritatis
727 1063 781 1120 hac
803 1064 955 1120 occasione
975 1061 1269 1132 instituta127‚dona
1288 1059 1439 1115 innumera

471 1142 597 1216 undique
609 1143 663 1198 sibi
677 1144 789 1212 collata,
802 1143 971 1214 publiceque
983 1141 1013 1199 in
1025 1142 1174 1199 Vaticanis
1187 1141 1298 1198 sedibus
1311 1137 1443 1210 exposita

474 1223 532 1278 128.
545 1251 582 1264 -
594 1223 715 1278 Gratum
727 1239 759 1280 se
771 1221 895 1293 profiteri
908 1221 1036 1278 Pontifici
1045 1222 1115 1278 libet
1128 1237 1197 1291 erga
1209 1236 1310 1276 ornnes
1323 1217 1441 1290 speciali

470 1300 552 1358 titulo
564 1303 601 1358 de
614 1302 734 1372 Jubilaeo
747 1301 864 1358 meritos
879 1301 938 1358 128.
951 1329 987 1342 -
1001 1301 1112 1358 Idcirco
1126 1300 1239 1371 insigne
1254 1315 1360 1356 novum
1373 1314 1443 1354 eon-

470 1379 599 1436 flandum
607 1380 696 1450 jubet,
716 1397 782 1436 cum
803 1379 885 1436 titulo
907 1381 991 1439 (Pro
1010 1380 1142 1436 Ecclesia
1154 1389 1183 1436 et
1197 1377 1337 1435 Pontifice
1350 1389 1367 1436 1
1382 1391 1443 1448 129.

470 1488 506 1500 -
518 1459 661 1516 Omnibus
673 1459 728 1514 hoc
741 1458 854 1530 insigne
865 1459 990 1528 gestaris
1001 1457 1151 1514 benedicit
1165 1471 1226 1527 129.

433 1559 482 1612 31.
497 1559 707 1611 EPls'rOLA
721 1559 967 1614 uiueret-ton
978 1573 1046 1624 qua
1062 1561 1212 1612 Armsnll
1232 1559 1376 1623 sejunetl
1390 1559 1436 1610 ad

399 1638 826 1692 Romamcommunlonem
840 1645 1048 1692 revocantur.
1065 1664 1101 1675 -
1114 1639 1257 1692 1811111
1271 1639 1368 1690 1888..
1464 1648 1511 1700 130

506 1729 636 1786 Pontifex
648 1731 755 1800 gaudet
768 1732 804 1788 de
816 1731 976 1802 composito
997 1731 1118 1788 dissidio
1140 1748 1197 1804 quo
1216 1747 1307 1802 nuper
1319 1729 1438 1802 quidam

468 1827 504 1865 ex
524 1809 668 1866 Armeniis
689 1810 852 1868 defecerant
868 1826 925 1881 130
946 1841 983 1853 -
1002 1812 1050 1866 Ad
1063 1811 1117 1868 boc
1137 1827 1240 1867 munus
1262 1809 1437 1866 servandum

468 1891 587 1946 multum
601 1889 755 1946 inservient
767 1891 931 1960 concordia,
951 1891 1105 1963 debitaque
1118 1891 1152 1946 iis
1165 1890 1212 1963 qui
1227 1901 1353 1961 praesunt
1365 1890 1438 1945 obe-

468 1968 575 2024 dientia
602 1985 659 2040 130
683 1999 718 2010 -
737 1969 869 2026 Publicas
890 1969 1083 2026 dissensiones
1106 1968 1232 2026 devitent
1257 1969 1439 2039 subjectione

468 2064 536 2118 erga
556 2063 632 2120 supr.
655 2047 838 2106 Othomanici
860 2048 971 2121 imperii
994 2049 1156 2120 Principem
1172 2063 1222 2117 130
1237 2067 1244 2114 ;
1261 2047 1355 2118 jurgia
1367 2063 1439 2102 vero

468 2125 585 2196 privata,
597 2127 748 2183 consilium
768 2128 900 2198 Apostoli
913 2127 1081 2185 decoritate
1099 2127 1242 2184 servando
1259 2141 1318 2197 130,
1330 2139 1389 2195 131.
1402 2157 1442 2168 -

469 2207 562 2277 Hujus
575 2207 708 2278 optaudae
721 2207 918 2264 consensionis
929 2207 1089 2264 animarum
1101 2209 1210 2265 fructus
1223 2207 1276 2263 erit
1288 2208 1441 2263 Armenio-

468 2303 530 2342 rum
542 2286 637 2342 adhuc
649 2287 849 2358 sejunctorum,
863 2285 899 2342 ad
909 2287 984 2344 ovile
997 2287 1112 2344 unicum
1124 2287 1232 2343 reditus
1253 2301 1311 2356 131,
1325 2303 1440 2342 summe

468 2363 537 2434 ipsis
549 2365 684 2436 optabilis
699 2379 794 2434 131.-
808 2365 965 2422 Maximam
974 2383 1055 2438 spem
1065 2366 1195 2422 Pontifex
1209 2365 1321 2437 reponit
1333 2365 1363 2419 in
1375 2367 1439 2420 zelo

466 2445 667 2502 Armeniorum
679 2447 893 2516 catholicorum,
906 2456 936 2502 ut
948 2446 1049 2503 fratres
1066 2447 1106 2502 ad
1127 2457 1238 2520 patrem
1252 2460 1439 2501 communem

466 2524 604 2580 reducant
616 2538 710 2594 131.-
724 2523 834 2580 Laudat
847 2525 941 2594 gentis
953 2525 1115 2582 Armenicae
1127 2524 1303 2581 docilitatem
1316 2533 1344 2579 et
1355 2523 1437 2594 inge·

465 2605 544 2658 nium
559 2617 617 2672 131.
631 2633 666 2642 -
679 2604 791 2660 Recolit
801 2605 970 2674 Gregorium
986 2605 1209 2660 illuminatorem
1222 2622 1240 2659 1
1254 2603 1282 2659 S.
1297 2603 1441 2660 silvestro

466 2685 549 2740 Rom.
563 2684 595 2740 P.
608 2694 754 2754 receptum
765 2699 823 2754 131,
847 2699 906 2754 131,
928 2703 1041 2742 necnon
1054 2686 1213 2758 permultos
1227 2684 1256 2740 ln
1269 2701 1354 2740 sensu
1365 2685 1438 2742 Gre-

464 2762 536 2831 gorii
550 2774 749 2834 permanentes
762 2777 820 2832 132.
832 2792 868 2803 -
881 2765 980 2820 Patres
999 2764 1124 2822 Sisensis
1138 2764 1248 2834 Synodl
1257 2764 1441 2835 Apostolicae

465 2843 548 2899 Sedis
558 2843 622 2914 jura
634 2843 812 2913 proclamant
827 2859 886 2913 131.
900 2873 934 2884 -
947 2845 1126 2902 Confirmant
1145 2844 1246 2899 Patres
1254 2842 1436 2914 Adanenses,

464 2931 492 2976 et
505 2923 663 2992 praesertim
677 2921 833 2978 Florentini
846 2937 948 2992 131-
963 2923 1143 2979 Describitur
1155 2923 1257 2977 modus
1276 2921 1380 2992 agendi
1392 2922 1435 2978 le·

464 3009 595 3070 gatorurn
617 3000 797 3057 Constantini
810 3002 837 3055 V
859 3000 1014 3058 Patriarch.
1033 3019 1100 3056 cum
1121 3001 1253 3070 Eugenio
1266 3001 1309 3055 IV
1325 3015 1382 3070 132.
1395 3029 1438 3044 -

465 3079 596 3135 Citantur
607 3081 709 3136 litterae
725 3079 834 3136 Azariae
847 3079 922 3136 Patr.
940 3079 1048 3136 Ciliciae
1059 3081 1098 3136 ad
1112 3080 1280 3150 Gregorium
1290 3079 1367 3134 Xill
1381 3079 1433 3136 da·

465 3170 510 3216 tas
534 3175 593 3229 131,
609 3172 666 3230 133.
680 3189 715 3199 -
728 3160 769 3216 Ut
779 3160 873 3215 omnis
892 3169 986 3216 metus
1007 3177 1124 3230 prorsus
1148 3159 1309 3230 deponatur
1320 3176 1339 3214 a
1350 3171 1436 3230 parte

464 3239 665 3296 Armeniorum
693 3253 751 3308 133,
790 3238 920 3294 Pontifex
950 3250 1096 3295 enumerat
1121 3239 1254 3311 quaedam
1287 3238 1433 3310 praecipua

466 3318 549 3373 Sedis
563 3321 702 3374 Romanae
715 3319 744 3373 iu
758 3317 835 3390 ipsos
848 3318 1055 3374 benevolentiae
1078 3318 1244 3374 testimonia
1258 3332 1315 3388 133
1329 3348 1362 3358 ·-
1375 3319 1432 3373 Re·

465 3396 532 3451 colit
544 3414 608 3468 quae
622 3397 776 3468 Gregorius
789 3398 942 3468 Xlll,quae
956 3399 1091 3454 Urbanus
1103 3398 1178 3452 V111
1197 3413 1255 3467 133,
1268 3399 1356 3454 immo
1367 3414 1435 3470 quae

466 3476 526 3546 ipse
539 3476 627 3546 egerit
639 3478 677 3532 ad
689 3477 871 3534 condendum
892 3477 1053 3548 ephebeum
1075 3477 1219 3532 Armeniis
1233 3477 1261 3532 in
1276 3477 1356 3533 Urbe
1371 3491 1430 3547 133,

465 3555 495 3609 in
507 3573 563 3628 quo
575 3556 689 3627 liturgia
700 3556 908 3626 Armeniorum,
921 3574 972 3628 per
983 3555 1129 3629 proprium
1141 3559 1317 3628 episcopum,
1331 3557 1433 3613 Romae

466 3637 627 3706 degentem,
650 3646 808 3692 servaretur
832 3651 889 3706 133.
902 3637 1121 3694 -Cathedram
1144 3637 1248 3707 linguae
1269 3637 1431 3692 Armenicae

466 3715 567 3772 Romae
589 3715 735 3771 conditam
755 3733 878 3786 eamque
908 3715 1140 3773 florentissimam
1163 3726 1284 3772 testatur
1311 3730 1368 3785 133.
1394 3745 1430 3756 -

465 3795 577 3850 Recolit
598 3812 680 3850 curas
703 3793 850 3850 Benedicti
864 3797 945 3866 XIV,
965 3795 1070 3851 Leonis
1083 3797 1153 3865 Χ11,
1172 3795 1215 3850 Pii
1229 3797 1316 3866 Vlll,
1329 3795 1371 3850 Pii
1385 3795 1428 3850 IX

465 3875 502 3929 ad
524 3873 694 3930 servandam
714 3874 742 3928 in
764 3875 879 3945 propria
897 3874 1013 3946 regione
1035 3874 1176 3944 liturgiam
1194 3875 1376 3944 armenicam,
1390 3875 1428 3931 ad

465 3955 610 4025 augendas
619 3955 797 4025 episcopales
805 3953 1426 4025 sedes134‚admittendumeoApostolicum

398 4067 406 4077 -
467 4034 708 4103 Delegatum134
726 4062 762 4072 -
775 4033 912 4088 Rationes
924 4033 1041 4103 exponit
1051 4034 1124 4090 bene
1137 4033 1271 4104 sperandi
1285 4033 1322 4088 de
1336 4033 1427 4088 reditu

465 4113 663 4166 Armeniorum
675 4109 875 4166 dissidentium
891 4124 941 4179 134
954 4131 961 4175 ς
982 4111 1032 4183 qui
1050 4111 1157 4168 reditus
1170 4111 1208 4167 ad
1220 4112 1327 4166 bonum
1340 4109 1427 4180 ipsius

465 4190 608 4245 Armeniae
619 4207 695 4244 nunc
708 4200 738 4245 ut
751 4189 819 4244 olim
829 4190 948 4246 multum
956 4190 1096 4246 conferret
1107 4204 1166 4260 134,
1181 4190 1424 4260 133,-1101111011

467 4269 522 4324 Dei
534 4279 620 4340 atque
631 4270 716 4324 alrnae
728 4267 855 4339 Virginis
867 4269 949 4325 enixe
962 4269 1106 4340 efflagitat,
1119 4287 1231 4326 necnon
1246 4271 1282 4326 D.
1296 4267 1423 4339 Gregorii

467 4347 668 4403 illuminatoris
683 4361 742 4418 133.
760 4375 796 4389 -
815 4348 934 4405 Utinam
955 4349 1062 4405 reditus
1083 4349 1284 4406 Armeniorum
1302 4349 1421 4406 reditum

465 4433 584 4488 aliorum
596 4435 690 4490 adhuc
702 4453 720 4490 1
730 4437 813 4492 Rom
824 4437 890 4494 Sed.
903 4437 1093 4508 sejunctorum
1105 4449 1245 4510 praeparet
1260 4450 1317 4508 135.
