3194 4872
264 955 490 1024 OGNITAM
508 955 749 1020 catholicorum
761 956 1004 1024 Germanorum
1019 981 1098 1044 erga
1111 961 1183 1026 Nos

151 1063 213 1213 C
286 1061 448 1144 pietatem
474 1080 541 1124 non
565 1079 676 1124 sermo
701 1060 809 1126 solum
840 1072 957 1138 vester,
973 1063 1086 1128 dilecti
1116 1063 1184 1142 filii,
1210 989 1357 1116 pangam

285 1163 388 1228 hodie
403 1161 588 1241 confirmat,
599 1165 659 1227 sed
669 1163 751 1227 haec
761 1165 834 1246 ipsa
846 1164 1000 1248 frequens
1016 1177 1050 1230 et
1062 1168 1183 1232 nobilis

286 1287 412 1330 corona
428 1275 579 1331 testatur.
595 1267 716 1350 Itaque
739 1267 944 1332 delectamur
966 1270 1146 1352 plurimum
1163 1292 1183 1336 a
1225 1232 1340 1351 abiit-lii

93 1382 258 1454 conspectu
280 1383 392 1436 vestro
407 1393 415 1452 ;
430 1383 463 1437 et
479 1372 580 1436 istum
601 1373 760 1450 animum,
781 1374 887 1455 quiin
912 1376 1006 1440 vobis
1022 1387 1073 1441 est
1093 1377 1182 1442 idern
1211 1352 1362 1456 ,fflffi

93 1483 183 1558 atque
205 1495 289 1539 unus
309 1476 480 1553 universis,
503 1486 652 1558 paterna,
678 1496 743 1560 qua
770 1477 925 1555 solemus,
952 1480 1184 1546 benevolentia
1221 1483 1347 1588 '2²23ngss

92 1577 321 1661 amplectimur.
345 1615 389 1628 —
413 1578 513 1662 Quod
539 1599 619 1642 vero
645 1581 766 1645 attinet
790 1581 832 1645 ad
859 1581 1030 1648 Ecclesiae
1052 1595 1185 1668 sperata

91 1680 292 1760 incrementa,
308 1683 352 1748 ad
370 1703 455 1766 quae
472 1685 574 1748 modo
588 1693 698 1748 vestra
715 1686 863 1767 respexit
878 1687 996 1766 oratio,
1012 1708 1093 1753 sane
1112 1711 1184 1773 per·

93 1782 230 1850 lubentes
245 1805 346 1852 omen
364 1785 555 1870 accipimus.
571 1785 661 1870 Quid
683 1788 772 1851 enim
794 1789 968 1872 cupiamus
993 1792 1109 1872 maius,
1132 1793 1184 1857 vel

93 1890 162 1971 quid
185 1891 292 1972 magis
320 1910 457 1955 munere
482 1890 608 1954 Nostro
635 1892 846 1957 sanctissimo
865 1893 1006 1976 dignum
1023 1916 1185 1976 curemus,
1237 1915 1364 1984 Vorasacir

92 2011 180 2072 quam
206 1993 363 2058 catholici
390 1994 534 2058 nominis
561 2005 741 2076 perpetuos
772 2004 806 2060 et
837 2016 912 2060 cum
945 1999 1185 2082 tranquillitate
1208 1983 1362 2080 ζῖηῷᾚξζ

91 2097 301 2179 progressus?
323 2098 425 2182 idque
445 2098 479 2161 in
500 2097 616 2181 primis
632 2099 721 2182 apud
744 2119 812 2177 vos,
826 2099 938 2176 dilecti
956 2101 1022 2178 lilii,
1043 2123 1184 2186 quorum
1210 2094 1292 2140 “m

91 2197 119 2260 in
134 2201 219 2265 avita
234 2201 396 2283 religione
410 2203 635 2266 constantiam
654 2202 732 2266 varii
749 2222 788 2266 ac
813 2201 965 2268 difficiles
989 2225 1086 2269 casus
1104 2207 1185 2272 satis

92 2303 271 2384 probavere.
297 2341 341 2354 -
368 2303 523 2370 Ceterum
553 2323 652 2368 nemo
683 2306 862 2386 negaverit,
889 2325 1049 2388 magnum
1076 2308 1185 2371 inesse

93 2421 291 2473 momentum
307 2420 343 2474 et
357 2409 559 2493 singularem
581 2409 763 2491 quamdam
786 2410 998 2476 voluntatum
1020 2409 1185 2494 significa·

92 2507 208 2575 tionem
224 2513 257 2576 iu
274 2513 336 2589 his,
351 2532 437 2597 quae
459 2513 561 2578 modo
578 2513 688 2576 mirari
710 2512 795 2589 licet,
815 2533 893 2596 erga
914 2513 1002 2580 1nsu
1027 2513 1185 2580 CHRISTI
1234 2555 1363 2602 (mm,

91 2612 251 2680 vicarium
269 2617 417 2700 undique
432 2615 636 2699 experrectis
653 2617 780 2694 studiis,
797 2617 944 2681 maxime
959 2639 1036 2684 cum
1053 2627 1104 2684 tot
1119 2620 1186 2685 sint
1210 2628 1292 2660 ‘W'
1310 2616 1361 2660 vim

89 2716 290 2785 inimicorum
306 2729 394 2784 artes
411 2740 449 2783 ac
465 2730 560 2784 tanta
576 2721 737 2803 potentia.
765 2720 935 2785 Coniectis
953 2743 997 2786 ex
1013 2722 1105 2787 omni
1121 2732 1185 2788 ter·
1211 2673 1362 2792 mum·

90 2841 197 2886 rarum
218 2832 312 2906 parte
339 2814 443 2888 oculis
460 2825 493 2887 in
519 2823 606 2888 hanc
631 2824 720 2888 beati
737 2824 824 2888 Petri
853 2825 985 2903 Sedem,
1006 2827 1186 2892 multitudo
1211 2793 1339 2838 '‘dm‘'

89 2925 333 2992 innumerabilis
346 2929 434 2994 IESU
449 2927 618 2994 CHRISTO
630 2927 778 3010 impertit
794 2927 870 2992 fidei
886 2949 966 2994 suae
982 2929 1186 2996 liberrimum

90 3028 323 3108 testimonium,
340 3049 440 3114 reque
455 3031 529 3118 ipsa
544 3029 676 3106 clamat,
692 3041 819 3113 quanta
838 3032 888 3096 vis
904 3032 1020 3098 salutis
1044 3034 1077 3098 in
1101 3035 1186 3098 Pon·

89 3131 210 3199 tificatu
227 3154 367 3198 romano
381 3136 600 3202 contineatur.
617 3173 658 3186 -
676 3135 873 3218 Optandum
891 3137 991 3221 igitur
1016 3149 1076 3215 est,
1091 3140 1186 3204 obse·
1244 3151 1362 3221 Cus'usnj-

89 3239 293 3322 crandusque
317 3240 420 3316 Deus,
442 3249 479 3303 ut
499 3241 609 3322 gratia
633 3260 694 3304 sua
717 3250 851 3304 tueatur
875 3240 1042 3326 latiusque
1063 3243 1187 3308 indies
1211 3212 1363 3316 ἶξῖἷῖξῖἷηῗ.

89 3343 262 3426 propagari
279 3342 392 3408 iubeat
408 3343 596 3408 istiusmodi
621 3344 807 3408 animorum
829 3365 971 3424 cursum,
988 3367 1055 3410 non
1073 3344 1186 3412 Eccle-
1211 3343 1277 3437 ᾗζζξ
1306 3336 1363 3388 Μ’

88 3445 152 3510 siae
166 3447 284 3524 solum,
300 3448 359 3512 sed
377 3447 456 3530 ipsis
473 3446 620 3529 imperiis
636 3457 670 3511 et
686 3449 876 3514 civitatibus
891 3451 1060 3514 verissime
1076 3451 1186 3534 prolu-

88 3559 205 3616 turum.
219 3589 263 3600 -·
279 3549 356 3634 Qua
379 3551 412 3615 in
435 3571 469 3615 re
489 3549 562 3616 Nos
584 3552 730 3633 quidem,
754 3553 843 3635 quod
869 3552 967 3617 officii
990 3555 1105 3633 Nostri
1128 3568 1188 3636 est,

87 3676 216 3720 summa
241 3675 306 3738 ope
332 3655 512 3739 studioque
541 3655 679 3720 nitimur
706 3666 741 3720 ut
772 3655 968 3739 opinionum
996 3672 1189 3727 commenta

87 3761 206 3826 cedant
221 3759 404 3843 aliquando
419 3761 561 3837 veritati,
576 3770 688 3843 utque,
704 3762 796 3824 omni
823 3761 1011 3844 suspicione
1026 3765 1179 3847 deposita
1229 3749 1363 3807 omnm·

1181 3814 1188 3842 ’
1213 3813 1252 3854 nir
1262 3809 1363 3868 Ponlr'fi·

89 3865 195 3930 sinant
220 3866 375 3929 homines
399 3866 509 3928 sanari
537 3865 626 3929 mala
653 3885 721 3942 sua,
748 3885 856 3948 neque
885 3867 1010 3931 diutius
1037 3878 1188 3933 recusent
1212 3868 1275 3972 ὥς
1289 3883 1365 3974 ⁶1²:er

88 3971 263 4048 quominus
287 3967 321 4032 in
349 3989 484 4034 omnem
509 3969 613 4032 vitam
630 3970 795 4052 privatam
822 3990 861 4033 ac
876 3969 1045 4053 publicam
1071 3971 1188 4037 influat
1212 3992 1285 4054 tarem
1309 3988 1365 4032 vcn-

89 4071 208 4155 largius
224 4075 288 4137 ista
303 4073 474 4137 Ecclesiae
491 4072 676 4138 catholicae
691 4074 850 4138 divinitus
867 4075 1060 4156 ingenerata
1077 4077 1187 4142 virtus,
1223 4046 1353 4165 migne

91 4173 162 4239 Imo
181 4177 293 4255 etiarn,
316 4178 342 4240 si
365 4176 438 4242 Nos
459 4177 603 4241 alienam
626 4176 696 4258 pati
720 4187 921 4259 potestatem
946 4199 1145 4259 recusamus,
1160 4183 1188 4246 si

91 4278 264 4345 obfirmato
280 4283 394 4344 animo
420 4281 492 4344 iura
508 4280 634 4345 Nostra
650 4282 867 4360 vindicamus,
882 4283 1134 4362 vindicabimus,
1149 4289 1190 4350 ea

93 4399 220 4468 quoque
236 4385 447 4469 potissimum
471 4405 589 4449 caussa
615 4405 796 4463 movemur,
820 4407 906 4468 quae
927 4389 1027 4452 modo
1043 4409 1188 4454 comme-
