3172 4874
254 373 305 423 DE
323 371 565 424 HIERARCHIA
582 371 624 424 IN
644 371 790 424 MEXICO
808 369 1049 428 ORDINANDA.
1130 377 1197 448 241

95 559 151 626 illa
168 562 292 645 pariter
306 560 377 626 sive
391 561 435 624 ad
451 561 533 638 iura,
548 561 618 627 sive
635 561 677 626 ad
695 563 819 642 munia,
842 564 911 627 sive
937 563 981 628 ad
999 583 1051 628 res
1066 562 1205 645 (intuitu

95 663 335 747 ecclesiastico)
362 663 573 748 pertinentia,
596 665 732 747 quaein
749 667 917 748 praesenti
934 666 1061 731 Nostra
1083 665 1206 730 consti·

94 771 224 833 tutione
240 787 401 851 expressa
418 785 485 832 non
501 776 589 845 sunt,
604 768 768 847 volumus,
795 769 885 851 quod
902 769 999 834 iuxta
1020 767 1207 834 catholicae

97 871 464 936 Ecclesiaedoctrinam
475 869 613 953 eiusque
624 870 838 955 disciplinam
850 873 893 936 ab
904 870 1106 955 Apostolica
1118 870 1207 938 Sede

96 975 279 1040 admissam
311 973 507 1057 regulariter
540 973 656 1038 haberi
689 983 723 1039 et
750 977 898 1040 exerceri
932 975 1079 1041 debeant
1105 984 1207 1058 atque

96 1079 332 1144 administrari.
358 1077 513 1142 Tandem
540 1078 567 1141 si
593 1097 754 1142 novarum
782 1078 974 1143 huiusmodi
1002 1077 1206 1144 dioecesium

97 1184 223 1248 bonum
240 1191 298 1246 aut
310 1181 446 1265 publica
458 1181 585 1246 utilitas
601 1181 701 1246 aliam
719 1201 841 1246 novam
854 1183 888 1246 in
905 1191 1076 1268 posterum
1090 1179 1209 1264 exigat

96 1287 439 1369 circumscriptionem
456 1294 515 1350 aut
531 1284 678 1370 aliquam
706 1286 969 1365 distractionem,
984 1285 1077 1350 nulla
1104 1286 1207 1349 etiam

96 1392 229 1456 adiecta
245 1389 435 1454 territoriali
450 1389 735 1472 compensatione,
751 1390 785 1453 id
812 1389 995 1473 peragendi
1022 1388 1158 1471 plenam
1174 1396 1208 1452 et

96 1496 237 1561 liberam
252 1495 359 1558 Nobis
376 1504 409 1559 et
421 1494 531 1558 eidem
549 1491 629 1560 Sedi
646 1493 866 1576 Apostolicae
881 1512 1089 1558 reservamus
1105 1491 1207 1557 sacul-

95 1609 211 1665 tatem.
223 1599 391 1666 Omnibus
407 1597 620 1682 itaquehisce
636 1598 827 1681 praemissis
843 1606 880 1662 ut
895 1598 1081 1680 praefertur
1091 1593 1207 1680 exple·

94 1705 137 1768 tis
167 1714 204 1768 et
230 1703 407 1782 absolutis,
431 1722 518 1766 nova
542 1703 576 1765 in
608 1702 790 1767 Mexicana
820 1702 948 1767 ditione
981 1701 1208 1767 ecclesiastica

97 1809 296 1874 Hierarchia
322 1809 419 1872 iuxta
449 1819 645 1890 sequentem
673 1818 887 1893 prospectum
915 1807 977 1873 erit
997 1807 1207 1874 constituta:
1260 1857 1383 1904 mmm.

96 1913 399 1996 archiepiscopatui
417 1913 600 1976 Mexicano
610 1913 930 1978 videlicetecclesias
944 1927 961 1981 t
977 1913 1207 1991 Puebla,Vera
1232 1922 1312 1988 untur
1325 1917 1383 1988 ‚Ec-

98 2017 197 2094 Cruz,
209 2015 431 2098 Tulancingo,
447 2015 592 2098 Chilapa
610 2025 645 2079 et
660 2015 876 2081 Cnemavaca
893 2030 911 2083 l>
928 2018 961 2079 in
978 2015 1207 2100 suffraganeas
1231 1979 1385 2094 {2⁸22}er

98 2122 313 2196 subiicimus;
329 2120 635 2204 archiepiscopatus
657 2120 701 2183 de
716 2119 955 2184 Guadalaxara
979 2119 1207 2204 suffraganeas
1232 2101 1344 2156 '‘W‘'

97 2227 224 2292 habeat
252 2223 408 2287 ecclesias
443 2237 460 2291 t
487 2223 677 2300 Zacntecas,
692 2223 797 2304 Tepic
812 2233 847 2286 et
863 2221 994 2286 Colima
1009 2236 1027 2289 r
1043 2244 1051 2302 ;
1081 2224 1218 2287 archie·'

99 2328 293 2411 piscopatui
311 2324 610 2391 Mechoacanensis
625 2323 855 2407 suffraganeae
866 2326 932 2388 sint
948 2325 1208 2393 ecclesiaetZa·

99 2451 203 2510 mora,
217 2431 311 2494 Leon
324 2443 358 2494 et
369 2428 584 2511 Queretarol)
600 2450 609 2507 ;
623 2428 936 2510 Archiepiscopatui
952 2429 995 2492 de
1011 2428 1210 2511 Antequera
1226 2490 1230 2502 ,

98 2535 170 2598 sive
203 2533 345 2600 Oaxaca
375 2531 601 2614 suffragentur
630 2531 790 2595 ecclesiae
817 2544 835 2599 ti
861 2530 1026 2610 Yucatan,
1053 2530 1211 2613 Chiapas,

98 2640 256 2704 Tabasco
286 2647 321 2702 et
347 2637 588 2717 Tehuantepec
615 2650 658 2714 );
689 2637 826 2700 tandem
857 2633 1013 2698 ecclesias
1046 2646 1064 2701 t
1094 2633 1211 2701 Sancti

98 2743 221 2809 Aloisii
240 2740 454 2818 Potosiensis,
472 2739 605 2805 Saltillo
628 2747 662 2803 et
677 2739 923 2822 Tamaulipas»
943 2739 1211 2823 archiepiscopa-

96 2849 146 2912 tui
174 2846 218 2910 de
249 2845 399 2923 Linares,
426 2853 460 2907 et
485 2843 693 2926 episcopales
720 2842 876 2906 ecclesias
908 2845 983 2910 (de
1000 2843 1212 2922 Chihuahua,

97 2948 238 3017 Sinaloa
255 2957 288 3012 et
307 2949 438 3014 Sonora
452 2961 482 3024 >‚
499 2967 560 3010 nec
577 2967 644 3010 non
661 2947 857 3012 vicariatum
885 2947 1049 3012 inferioris
1070 2947 1211 3014 Califor-

97 3058 173 3120 niae
204 3051 506 3136 archiepiscopatui
532 3052 575 3115 de
608 3051 771 3134 Durango
787 3053 819 3114 in
836 3051 1065 3134 suffraganeas
1082 3052 1210 3116 addici-

98 3180 181 3238 mus,
207 3176 247 3222 ac
278 3157 420 3238 proinde
437 3152 685 3239 metropolitico
709 3154 841 3218 illorum
866 3153 1209 3238 Archiepiscoporum

96 3263 157 3326 iuri
175 3259 361 3344 respective
378 3258 617 3322 subiicimuset
634 3257 801 3322 subiectas
818 3256 888 3321 lore
902 3258 1123 3322 declaramus.

143 3367 242 3430 Haec
258 3364 422 3440 volumus,
437 3362 617 3428 statuimus
634 3371 735 3444 atque
765 3362 933 3426 sancimus
953 3382 961 3440 ;
991 3362 1210 3426 decernentes
1262 3367 1308 3412 ua
1324 3365 1387 3410 litte·

97 3478 296 3554 praesentes
324 3467 466 3530 Nostras
480 3465 608 3530 litteras
627 3475 661 3530 et
676 3467 710 3530 in
731 3467 778 3530 cis
803 3475 962 3530 contenta
977 3485 1211 3549 quaecumque
1236 3425 1387 3531 {Qum

98 3574 191 3639 nullo
218 3591 381 3655 umquam
404 3580 556 3654 tempore
579 3591 623 3635 ex
647 3591 860 3654 quocumque
885 3574 997 3654 capite
1023 3571 1077 3634 vel
1094 3572 1211 3654 quavis
1237 3545 1316 3591 hm

98 3699 142 3742 ex
153 3697 273 3743 caussa
283 3677 500 3760 quantumvis
512 3675 650 3740 iuridica
667 3675 818 3757 legitima
833 3684 867 3738 et
883 3674 1210 3757 privilegiata,etiam

98 3802 143 3845 ex
158 3802 199 3846 eo
222 3781 313 3864 quod
330 3800 478 3856 caussae,
490 3788 626 3862 propter
642 3799 726 3862 quas
742 3779 926 3862 praemissa
942 3780 1057 3843 omnia
1074 3799 1210 3844 emana-

100 3893 176 3948 runt
192 3885 369 3961 adductae,
385 3883 574 3947 verificatae
590 3891 623 3946 et
640 3881 838 3946 iustificatae
854 3902 921 3946 non
939 3882 1117 3962 luerint,de
1134 3884 1211 3948 sub·

98 3987 259 4071 reptionis
274 3986 328 4052 vel
343 3987 550 4070 obreptionis
567 3994 625 4049 aut
642 3985 806 4050 nullitatis
832 3985 925 4066 vitio,
940 4007 998 4050 seu
1015 3987 1212 4052 intentionis

98 4091 245 4155 Nostrae
261 4099 319 4155 aut
335 4091 487 4174 quolibet
511 4089 580 4154 alio
596 4090 819 4168 substantiali,
835 4090 1158 4156 substantialissimo
1173 4113 1212 4157 ac

97 4193 280 4275 specialem
291 4204 324 4259 et
337 4193 546 4259 individuam
564 4193 770 4257 mentionem
787 4204 821 4258 et
837 4195 1091 4277 expressionem
1105 4197 1210 4280 requi-

97 4306 193 4360 rente
208 4297 412 4376 desectu,seu
429 4298 532 4362 etiarn
548 4317 594 4361 ex
610 4298 755 4380 eoquod
772 4297 804 4362 in
821 4298 1016 4380 praemissis
1031 4318 1213 4383 eorumque

97 4399 211 4482 aliquo
228 4401 460 4466 solemnitates
476 4411 510 4466 et
526 4403 664 4484 quaevis
681 4402 746 4466 alia
762 4403 928 4467 servanda
943 4414 977 4469 et
993 4403 1211 4487 adimplenda

187 4509 264 4558 Aera
277 4513 378 4560 Laurus
394 4513 466 4560 xiil.
1033 4517 1075 4564 lv.
1089 4541 1119 4552 -
1132 4517 1165 4564 16.
