3230 4874
190 401 268 466 Qun
285 395 524 450 VINDICATUR
541 353 763 448 convauulo
780 397 861 449 CUM
880 396 1024 448 aucun
1042 397 1160 448 ῙΝΙΤΑ.
1204 380 1253 467 69

148 574 289 639 rioribus
304 575 402 639 rebus
419 581 563 638 utantur.
578 608 624 621 -
647 561 696 636 At
719 593 789 655 quo
804 571 987 654 impensius
1002 591 1060 636 eos
1082 569 1253 655 diligimus
1330 586 1401 675 ὖΞΗ

146 697 187 742 eo
202 679 358 742 dolemus
373 677 524 742 acerbius
539 676 622 742 dum
637 687 788 739 versatur
798 675 844 740 ob
855 675 971 741 oculos
986 675 1099 760 imago
1108 675 1254 741 hominis
1310 634 1390 744 11890-

146 783 282 862 inimici,
306 783 364 867 qui
383 781 545 867 pietatem
562 781 595 846 in
613 781 758 864 patriam
785 791 987 865 praetexens
1008 783 1253 865 superseminat
1303 792 1429 853 Bomaris

145 889 274 954 zizania
289 890 402 956 tritico
418 887 611 966 lectissimo,
637 885 859 954 diffidentiam
884 888 1023 969 excitat,
1048 889 1188 957 dissidia
1203 913 1253 958 se·
1277 852 1431 958 ilem

145 993 198 1073 rit,
213 994 378 1088 sactorum
403 993 579 1058 veritatem
607 992 777 1077 pervertit,
804 1001 894 1058 recta
916 990 1091 1059 hominum
1114 996 1255 1061 consilia
1279 971 1357 1078 ἵζ’
1370 971 1432 1018 Μ’·

145 1098 235 1164 male
259 1097 466 1182 explicando
490 1097 670 1180 detorquet
694 1097 728 1161 in
756 1096 885 1162 laevam
919 1106 1060 1182 partem,
1084 1109 1186 1182 atque
1207 1099 1256 1165 ita

145 1203 319 1288 legitimae
334 1201 527 1268 auctoritati
541 1200 713 1265 Ecclesiae
724 1221 791 1266 non
808 1202 910 1267 modo
926 1200 1078 1266 debitum
1091 1201 1256 1268 detrectat

145 1305 359 1390 obsequium,
390 1305 449 1370 sed
482 1303 584 1369 etiam
618 1303 773 1370 iniuriam
806 1303 915 1384 insert,
940 1304 1127 1388 avertitque
1150 1305 1194 1369 ab
1216 1323 1257 1369 ea

147 1408 299 1476 fidelium
321 1410 454 1474 animos
469 1406 561 1473 avita
575 1407 701 1492 pietate
724 1407 981 1474 addictissimos.
996 1445 1040 1458 -
1055 1407 1159 1474 Porro
1172 1407 1257 1474 haec

145 1515 191 1580 de
213 1533 282 1599 qua
303 1511 474 1597 querimur
496 1510 665 1577 calumnia
687 1519 721 1578 et
744 1510 835 1578 fraus
857 1510 983 1577 inimici
1005 1511 1154 1577 hominis
1175 1511 1257 1577 satis

145 1617 183 1682 in
213 1618 328 1702 aprico
362 1615 426 1681 erit
456 1615 484 1680 si
518 1613 637 1682 sedato
670 1615 786 1680 animo
817 1615 1014 1700 respiciatur
1039 1633 1256 1679 romanorum

147 1719 351 1788 Pontificum
383 1720 416 1783 in
451 1718 550 1784 rebus
583 1719 725 1802 agendis
757 1719 977 1796 consuetudo,
999 1738 1107 1803 eaque
1128 1737 1256 1802 expen-

144 1827 273 1892 dantur
286 1844 374 1909 quae
389 1843 497 1907 nuper
518 1824 561 1888 de
588 1821 821 1889 Melitensibus
846 1823 989 1908 negotiis
1013 1823 1100 1888 inter
1128 1821 1200 1888 Nos
1222 1832 1258 1887 et

146 1929 294 2014 Regium
324 1927 525 2013 gubemium
552 1925 782 1992 Britannicum
809 1945 1004 1994 convenere.
1026 1927 1186 1992 Testatur
1207 1925 1257 1990 hi·

144 2034 251 2100 storia
276 2031 437 2100 Sanctam
462 2032 549 2096 hanc
576 2030 700 2098 Sedem
726 2031 761 2095 in
785 2030 944 2115 parandis
968 2041 1070 2115 atque
1101 2029 1256 2096 ineundis
1280 2087 1305 2133 P
1324 2027 1433 2099 ΒΜ

144 2135 427 2203 conventionibus
444 2155 520 2200 cum
536 2134 624 2200 civili
640 2131 944 2219 potestatejugiter
951 2133 1152 2219 populorum
1164 2154 1255 2200 com·
1280 2089 1435 2218 cerff&

144 2242 258 2308 modis
278 2249 312 2306 et
327 2239 514 2306 rationibus
528 2238 707 2318 studuisse,
720 2259 790 2324 quo
804 2239 930 2305 lactum
957 2249 1009 2304 est
1032 2248 1071 2305 ut
1097 2259 1198 2322 saepe
1220 2240 1254 2304 iu
1276 2206 1434 2325 mm

143 2345 350 2412 offensiones
387 2344 577 2423 incurreret,
613 2342 801 2409 simultates
839 2343 1032 2428 susciperet,
1061 2342 1256 2408 discrimina
1279 2331 1433 2436 mm*

144 2448 265 2529 obiret,
294 2449 362 2514 irae
393 2439 582 2530 potentium
611 2445 704 2512 fieret
728 2445 888 2513 obnoxia
920 2447 1024 2512 Porro
1048 2447 1181 2532 quoties
1211 2447 1255 2512 de
1278 2442 1413 2548 ff*

145 2554 247 2619 rebus
262 2554 372 2637 agitur
387 2572 475 2637 quae
489 2553 533 2617 ad
561 2551 757 2636 religionem
781 2551 962 2634 pertinent,
986 2571 1140 2634 quarum,
1161 2569 1254 2615 man·
1279 2514 1434 2632 uffa!

143 2658 251 2724 dante
277 2657 364 2736 Deo,
382 2655 523 2723 tutelam
548 2655 634 2740 gerit
658 2674 739 2740 prae
762 2654 879 2739 primis
905 2665 939 2720 et
963 2654 1087 2720 iudicia
1110 2667 1256 2736 exercet,
1281 2633 1387 2667 ''m'‘

145 2761 241 2827 nulla
270 2761 456 2846 cupiditate
479 2773 539 2826 aut
569 2761 683 2825 studio
713 2779 823 2825 rerum
849 2756 1073 2826 humanarum
1098 2759 1254 2826 obscura·

145 2877 219 2932 tarn
238 2875 386 2930 mentem
402 2865 446 2930 ad
462 2884 519 2930 eas
542 2864 688 2932 advertit
714 2863 866 2949 illudque
891 2873 1023 2948 spectat
1048 2864 1146 2931 unice
1163 2867 1254 2950 quod

146 2968 256 3054 gloria
287 2968 352 3034 Dei
383 2968 532 3054 postulet
560 2977 596 3034 et
626 2969 813 3033 animarum
840 2967 941 3047 salus,
962 2969 1122 3056 quodque
1147 2971 1256 3056 magis

146 3074 191 3140 ad
206 3074 333 3139 bonum
350 3071 531 3156 publicum,
545 3072 588 3137 ad
605 3071 757 3156 gentium
773 3091 891 3157 pacem
916 3081 951 3136 et
976 3072 1254 3157 tranquillitatem

147 3177 318 3263 expediat.
350 3176 481 3242 Eodem
523 3185 557 3242 et
588 3175 661 3242 Nos
699 3176 924 3261 spectavimus
960 3175 993 3240 in
1031 3177 1255 3243 conventione
1291 3182 1432 3230 craventio-

148 3282 296 3348 ineunda
312 3300 390 3347 cum
407 3281 602 3346 Britannico
616 3279 789 3364 gubernio,
804 3299 871 3366 qua
887 3279 969 3344 nihil
984 3279 1184 3366 derogatum
1203 3291 1254 3346 est
1279 3257 1335 3348 2¹22
1348 3249 1434 3373 ,Ἢ

148 3387 192 3453 de
215 3385 388 3452 Ecclesiae
412 3383 538 3450 iuribus
562 3393 595 3450 et
620 3383 784 3462 libertate,
808 3383 878 3450 imo
901 3402 942 3448 ea
968 3381 1095 3449 lirmius
1121 3385 1255 3452 adserta
1280 3365 1432 3467 {⁶3:3⁰ssss

149 3500 229 3556 sunt
244 3498 280 3554 et
294 3486 487 3553 constituta
505 3486 698 3552 Dumtaxat
712 3488 880 3572 quaedam
896 3485 1142 3553 ecclesiasticae
1156 3489 1254 3554 disci-
1280 3484 1341 3585 ξπ
1351 3479 1433 3585 “2222

149 3591 262 3676 plinae
285 3591 408 3675 capita,
432 3609 494 3655 usu
519 3589 586 3655 iarn
623 3599 766 3673 recepta,
791 3590 980 3656 accuratius
1002 3588 1142 3656 definita
1167 3602 1257 3673 sunt,
1279 3553 1433 3645 cim'revc

150 3691 324 3777 utriusque
333 3711 511 3776 supremae
521 3692 699 3776 potestatis
710 3711 885 3771 consensu,
896 3692 995 3757 huius
1005 3691 1171 3775 pactionis
1181 3713 1257 3774 ope.
1279 3663 1325 3705 ω’

152 3797 309 3861 Iamvero
323 3797 404 3860 dum
420 3794 504 3860 haec
520 3792 659 3880 agentes
674 3815 715 3861 ea
728 3815 864 3881 quoque
879 3815 1071 3862 curaremus
1084 3815 1172 3880 quae
1182 3798 1256 3862 usui

150 3907 184 3964 et
200 3899 313 3964 decori
328 3908 425 3964 erant
441 3898 553 3964 lutura
567 3897 720 3983 ephebeo
743 3897 970 3964 ecclesiastico
995 3897 1176 3977 Melitensi,
1199 3898 1256 3964 ubi

150 3999 371 4066 instituuntur
401 3999 575 4066 Ecclesiae
603 4000 803 4078 administri,
833 4019 919 4086 quos
949 4000 1057 4066 lucem
1089 4002 1207 4068 mundi
1222 4014 1257 4068 et

151 4102 255 4168 salem
271 4113 380 4169 terrae
395 4124 469 4169 esse
500 4103 593 4170 iubet
616 4106 732 4170 divina
747 4107 889 4183 vocatio,
905 4104 979 4178 Nos
993 4107 1174 4190 praeterire
1187 4125 1256 4171 non

151 4215 284 4293 poterat
299 4208 381 4292 quid
398 4207 472 4291 ipsa
492 4220 645 4294 posceret
661 4219 780 4275 natura
795 4210 869 4288 loci,
894 4230 982 4294 quae
1007 4209 1133 4278 incolas
1158 4211 1256 4278 simul

152 4311 323 4376 consociat
340 4311 536 4376 Melitenses
551 4323 584 4378 et
597 4311 739 4396 Anglos
755 4311 891 4379 Scilicet
906 4334 926 4377 e
952 4333 988 4378 re
1015 4312 1124 4378 Nobis
1148 4314 1257 4379 visum

153 4424 206 4479 est
220 4433 336 4480 curare
352 4423 389 4478 ut
405 4414 568 4500 ampliore
582 4416 778 4499 aptioreque
792 4413 922 4480 cultura
937 4415 1065 4482 alumni
1080 4415 1258 4501 expolian-
