3230 4874
133 680 151 767 'ff
161 650 174 777 l
283 703 332 763 ad
346 703 575 764 cardinalem
597 706 729 782 Rauso,
745 709 1082 782 archiepiscopum

556 873 818 936 Florentinum
845 941 850 954 ,

320 1044 385 1104 DE
407 1045 566 1108 CULTU
591 1047 776 1109 SACRAE
799 1050 1051 1110 FAMILIAE.

327 1297 470 1365 OVUM
497 1311 734 1383 argumentum
766 1303 932 1386 perspecti
959 1303 1009 1366 tui
1039 1323 1119 1386 erga
1149 1303 1237 1368 hanc
1322 1345 1353 1378 20

348 1401 583 1485 Apostolicam
602 1404 726 1470 Sedem
742 1405 845 1469 studii
858 1415 892 1470 et
913 1406 1066 1488 obsequii
1081 1406 1236 1488 prodide-
1265 1391 1409 1501 N‘WB·

284 1521 320 1669 g
349 1515 426 1574 runt
442 1506 573 1572 litterae
598 1506 760 1591 Augusto
789 1528 905 1572 mense
935 1517 1082 1574 exeunte
1104 1509 1146 1575 ad
1165 1507 1237 1576 Nos
1300 1550 1415 1611 Pomp„

167 1617 281 1668 W

349 1608 459 1688 datae,
482 1611 603 1694 quibus
629 1619 709 1676 vota
738 1610 846 1676 Nobis
871 1609 1066 1696 significasti
1091 1611 1235 1695 plurium
1259 1617 1333 1730 ξιτψ
1352 1625 1414 1717 ’ᾗ

128 1729 291 1808 fidelium,
305 1739 342 1794 ut
358 1729 529 1794 veneratio
540 1750 626 1814 quae
640 1729 775 1797 Christo
791 1730 942 1796 Domino
968 1753 1007 1796 ac
1025 1731 1127 1797 Matri
1158 1731 1235 1796 Vir·
1259 1731 1397 1836 qm?

129 1835 202 1920 gini
217 1843 252 1898 et
269 1831 303 1898 S.
321 1831 478 1916 losepho,
495 1833 701 1898 domesticae
729 1834 799 1899 eius
830 1835 1000 1900 societatis
1016 1833 1237 1912 consortibus,
1262 1849 1356 1894 currum
1369 1849 1414 1918 sq-

126 1938 192 2000 sub
208 1935 332 2002 Sacrae
348 1935 511 2000 Familiae
523 1937 623 2002 titulo
640 1938 831 2018 exhibetur,
842 1939 884 2002 ad
909 1939 1107 2023 ampliorem
1123 1939 1157 2004 in
1172 1940 1235 2004 Ec·
1261 1921 1309 2014 {fg
1331 1908 1415 2027 ξῗζῖ.

126 2041 230 2105 clesia
256 2040 366 2104 cultus
390 2039 593 2123 dignitatem
610 2042 823 2124 provehatur,
852 2051 954 2126 atque
974 2043 1096 2107 dehac
1112 2063 1156 2121 re,
1186 2045 1235 2108 uti
1261 2025 1361 2072 ‘imm

128 2145 200 2210 fieri
212 2144 314 2210 debet
329 2144 363 2207 in
375 2146 501 2209 caussis
516 2145 674 2228 gravibus
690 2143 792 2209 fidem
803 2166 842 2209 ac
858 2145 1070 2229 disciplinam
1081 2155 1234 2229 spectan-

127 2247 431 2324 tibus,sententiam
444 2257 477 2312 et
489 2245 649 2314 iudicium
666 2249 765 2312 huius
775 2249 995 2332 Apostolicae
1012 2249 1110 2315 Sedis
1120 2263 1235 2332 postu-

129 2351 216 2417 lasti.
233 2351 328 2415 Tuae
342 2352 576 2416 observantiae
586 2361 621 2416 et
636 2352 835 2435 prudentiae
847 2350 993 2416 officium
1011 2351 1085 2416 Nos
1100 2353 1235 2435 plurimi

127 2455 355 2533 aestimantes,
366 2453 543 2521 confestim
560 2455 799 2540 postulationis
816 2465 893 2519 tuac
921 2455 1085 2520 rationem
1110 2454 1234 2519 haben-

127 2560 209 2624 dam
221 2559 420 2637 censuimus,
436 2580 475 2623 ac
493 2579 562 2624 rem
579 2559 788 2642 propositam
806 2557 957 2625 Consilio
990 2557 1118 2625 Nostro
1132 2561 1234 2624 sacris

127 2661 247 2728 ritibus
272 2662 465 2746 praeposito
488 2663 759 2745 cognoscendam
785 2661 1029 2740 mandavimus,
1059 2672 1096 2727 ut
1112 2663 1234 2728 deinde

128 2766 172 2832 ad
190 2767 263 2830 Nos
273 2764 427 2830 consulta
443 2774 477 2830 et
493 2766 663 2849 exquisita
676 2764 821 2830 referret.
837 2803 880 2815 -—
897 2765 948 2830 Re
964 2766 1078 2849 itaque
1093 2765 1234 2849 diligen·
1303 2787 1409 2833 smus.

128 2882 181 2935 ter
194 2887 355 2952 expensa,
370 2867 432 2932 tibi
445 2887 534 2933 nunc
550 2867 788 2952 significamus,
798 2869 842 2934 ob
867 2868 1052 2952 peculiares
1064 2868 1235 2952 iustasque
1260 2845 1411 2976 ffl'fflss

129 2991 265 3037 caussas
286 2971 359 3036 Nos
375 2971 570 3049 decrevisse,
586 2981 623 3037 ut
639 2972 773 3056 pietatis
789 2972 899 3036 cultus
911 2991 990 3054 erga
1015 2971 1154 3040 Sacram
1171 2973 1234 3040 Fa·
1260 2965 1413 3072 &wlff

128 3073 269 3153 millam,
283 3073 383 3138 nullis
398 3073 471 3138 aliis
487 3074 634 3140 inductis
650 3076 721 3140 eius
738 3075 917 3140 exercendi
942 3075 1037 3140 novis
1053 3077 1177 3153 formis,
1200 3076 1235 3140 in
1259 3083 1352 3130 adscri-

128 3198 171 3245 eo
186 3187 276 3243 statu
293 3187 450 3254 servetur,
465 3177 499 3242 in
515 3198 583 3262 quo
593 3180 794 3244 auctoritate
809 3178 908 3244 huius
931 3178 1150 3262 Apostolicae
1176 3180 1235 3245 Se·
1256 3148 1332 3203 'mm'

127 3281 181 3349 dis
211 3281 373 3365 probatus
394 3280 467 3360 luit,
492 3293 594 3366 atque
617 3292 654 3348 ut
675 3282 1103 3367 potissimumchristianae
1114 3285 1235 3348 domus

129 3383 268 3452 Sacram
293 3383 471 3448 Familiam
488 3386 531 3449 ad
547 3389 798 3451 venerationem
816 3396 850 3451 et
866 3385 1061 3469 exemplum
1084 3389 1236 3469 proposi·

130 3498 201 3553 tarn
217 3487 473 3566 habeant,iuxta
489 3488 644 3554 instituta
661 3491 737 3574 piae
752 3489 840 3555 illius
856 3490 1124 3568 consociationis,
1134 3510 1234 3574 quam

130 3592 285 3656 decessor
298 3591 422 3656 Noster
435 3591 488 3657 fel.
512 3613 575 3657 rec.
602 3594 681 3658 Pius
710 3593 761 3658 lX
785 3595 855 3658 suis
871 3593 989 3659 litteris
1006 3594 1061 3658 die
1079 3608 1094 3675 5
1116 3595 1235 3659 lanua-

130 3695 169 3759 rii
184 3713 275 3759 anno
294 3695 379 3776 1870
389 3695 478 3760 datis
493 3695 649 3778 probavit
665 3707 700 3762 et
714 3697 1078 3779 commendavit,atque
1090 3697 1123 3761 in
1139 3717 1233 3781 spem

129 3809 255 3866 certam
298 3800 523 3865 maximorum
567 3800 736 3866 fructuum
764 3801 864 3866 latius
896 3801 929 3863 in
955 3800 1027 3863 dics
1055 3802 1234 3884 propagari

129 3904 315 3986 exoptavit.
327 3901 439 3986 Quam
456 3923 550 3987 spem
567 3903 765 3969 salutarium
783 3904 948 3969 bonorum
965 3913 1000 3966 et
1013 3903 1085 3967 Nos
1096 3904 1185 3968 ultro
1201 3904 1234 3965 in
1262 3905 1412 4010 fflffl·

131 4007 280 4072 eiusdem
297 4007 466 4071 societatis
482 4007 602 4090 spiritu
614 4009 788 4091 ponimus:
805 4005 1005 4072 confidimus
1021 4006 1111 4072 enim
1122 4006 1236 4070 fideles
1260 3976 1413 4128 parallff

130 4129 249 4176 omnes
259 4112 363 4194 probe
382 4109 617 4194 intelligentes,
644 4112 678 4175 in
701 4111 803 4189 cultu,
819 4131 919 4194 quern
933 4111 1056 4176 Sacrae
1073 4110 1236 4176 Familiae
1262 4083 1355 4187 2²52„
1381 4095 1415 4187 2⁶1

133 4211 304 4294 exhibent,
317 4233 389 4278 sese
400 4215 598 4298 mysterium
611 4217 700 4280 vitae
717 4215 935 4280 absconditae
950 4213 1110 4292 venerari,
1134 4234 1235 4299 quam
1261 4201 1398 4318 §2232ssss

134 4317 288 4385 Christus
304 4339 379 4383 cum
393 4317 535 4402 Virgine
547 4319 657 4384 Matre
672 4331 706 4384 et
723 4319 756 4384 S.
783 4317 930 4400 Iosepho
957 4320 1035 4402 egit,
1062 4319 1140 4386 inde
1167 4339 1237 4384 ma·
1264 4326 1316 4366 rem.

136 4442 221 4508 gnos
250 4421 404 4488 stimulos
429 4422 601 4489 habituros
628 4423 672 4490 ad
689 4421 765 4490 fidei
789 4422 952 4487 fervorem
984 4423 1173 4506 augendum
1202 4437 1236 4490 et
