3230 4874
334 373 385 424 DE
402 370 625 424 CONCORDIA
642 371 690 422 ET
707 371 802 424 ZELO
820 372 1002 426 PACIFICO·
1166 375 1230 426 111

125 551 242 630 nolint,
267 548 418 635 postulat
442 547 665 614 vehementer.
683 547 878 634 Utcumque
903 549 1000 614 vobis
1022 550 1103 616 data
1118 550 1162 616 sit
1177 569 1233 616 oc·
1266 564 1404 654 Noffigm

124 655 227 734 casio,
250 674 360 740 neque
382 651 520 718 monitis
544 669 652 735 neque
679 651 832 735 precibus
859 652 985 737 parcite
1010 663 1047 720 ut
1073 653 1230 720 omnibus
1302 660 1372 722 189⁰·
1403 640 1410 656 ⁸

125 779 322 846 persuasum
337 757 391 838 sit,
413 757 446 821 in
477 757 604 822 tuenda
629 755 800 840 religionis
824 777 951 836 caussa,
977 757 1228 843 posthabendas
1259 770 1411 842 recenses

124 885 199 930 esse
228 862 375 929 rationes
406 861 545 926 humani
576 859 747 925 commodi
784 880 938 947 quaeque
969 870 1048 927 sunt
1073 861 1230 946 privatim
1258 832 1412 936 ῗωέξξῗ

123 968 230 1046 utilia,
248 966 308 1032 sed
333 986 354 1030 a
380 963 510 1030 cunctis
536 962 778 1030 connitendum
804 973 843 1028 ut
868 985 888 1029 e
911 963 1095 1030 certamine
1108 961 1231 1029 victrix
1252 949 1413 1070 1522&ss

121 1073 275 1138 discedat
292 1069 453 1136 Ecclesia
468 1067 585 1153 Atque
596 1067 661 1133 hoc
675 1067 813 1154 quidem
830 1068 1069 1153 praestandum
1094 1076 1229 1133 estnon
1257 1071 1324 1117 '‘⁶¹⁶-

123 1197 186 1262 pro
216 1175 377 1259 cuiusque
406 1171 586 1258 prudentia
616 1181 650 1237 et
679 1172 826 1252 arbitrio,
849 1173 908 1237 sed
946 1180 1029 1239 nutu
1067 1181 1103 1238 et
1139 1171 1230 1237 iussu

121 1299 239 1346 eorum
264 1277 387 1364 quibus
411 1276 550 1342 huiusce
577 1275 623 1340 rei
649 1294 729 1341 cura
755 1285 807 1343 est
830 1275 1038 1343 demandata
1061 1276 1232 1343 divinitus.

121 1383 204 1448 Alia
218 1382 355 1467 quaevis
371 1379 494 1465 agendi
510 1377 597 1444 ratio
611 1378 786 1444 catholicis
802 1382 985 1464 proposita,
995 1380 1072 1445 huic
1088 1380 1228 1445 adversa

120 1485 174 1554 vel
200 1485 244 1552 ab
270 1505 311 1551 ea
337 1483 530 1561 deflectens,
557 1502 625 1546 non
653 1503 840 1568 prosperos,
866 1485 926 1549 sed
954 1483 1066 1550 tristes
1092 1483 1231 1550 haberet

120 1600 272 1669 eventus,
286 1589 413 1676 quippe
438 1607 524 1673 opus
551 1587 616 1652 Dei
644 1608 711 1652 non
736 1598 834 1668 esset,
860 1589 1014 1672 adeoque
1037 1588 1137 1655 saluti
1163 1608 1231 1654 non

120 1703 210 1760 esset
226 1693 415 1778 agentibus,
430 1693 490 1758 sed
507 1692 663 1770 iacturae,
678 1691 776 1757 iuxta
792 1692 932 1758 Domini
949 1690 1088 1759 effatum
1105 1717 1112 1760 :
1128 1708 1148 1763 t
1162 1691 1235 1772 Qui

120 1807 247 1862 nonest
265 1817 397 1874 mecum,
417 1805 531 1860 contra
551 1815 602 1860 me
620 1805 695 1872 ert,·
715 1794 777 1879 qui
796 1817 860 1861 non
877 1796 1003 1881 colligit
1021 1818 1144 1862 mecum
1161 1796 1232 1861 dis-

116 1901 272 1987 pergit.)

166 2005 335 2090 Equidem
359 2023 426 2068 non
450 2002 655 2088 ambigimus
681 2003 763 2087 quin
790 2024 907 2070 omnes
937 2006 1126 2092 Hispaniae
1149 2007 1233 2092 Epi·
1295 2033 1411 2104 praeses

122 2111 226 2194 scopi,
241 2109 299 2193 qui
315 2117 510 2173 constanter
525 2108 599 2172 Nos
622 2107 860 2174 demeruerunt
879 2109 998 2175 officiis
1013 2111 1092 2190 suis,
1106 2133 1169 2196 pro
1191 2133 1231 2177 ea
1258 2093 1411 2212 ng‘

124 2233 193 2298 qua
217 2219 390 2295 praestant
415 2208 482 2276 lide
505 2220 540 2276 et
563 2209 776 2276 observantia
792 2211 826 2276 in
842 2212 1231 2296 Apostolicarn'Sedem,
1256 2212 1387 2317 mg?

122 2335 283 2384 unacum
300 2316 390 2381 clero
405 2325 440 2380 et
456 2314 584 2398 populo
599 2313 652 2379 cui
669 2326 838 2399 praesunt,
853 2317 978 2401 optatis
993 2316 1084 2384 hisce
1097 2318 1231 2384 Nostris
1372 2304 1379 2317 ⁰

123 2419 294 2486 cumulate
323 2418 532 2484 satisfaciant
569 2430 604 2484 et
641 2419 859 2485 sollicitudini
897 2409 1043 2487 Nostrae
1080 2423 1230 2489 studiose

123 2524 359 2609 respondeant.
374 2521 492 2606 Atque
506 2522 570 2587 hac
590 2520 712 2587 fiducia
737 2522 812 2588 freti
837 2523 1072 2610 Apostolicam
1094 2527 1231 2594 benedi·

120 2629 278 2704 ctionem,
293 2636 454 2710 paternae
469 2625 618 2691 caritatis
634 2636 765 2705 testem,
780 2627 852 2706 tibi,
876 2627 999 2694 dilecte
1023 2628 1069 2694 fili
1097 2631 1231 2710 Noster,

119 2728 379 2795 Venerabilibus
396 2728 569 2794 Fratribus
581 2727 855 2814 Archiepiscopis
867 2741 902 2798 et
912 2732 1090 2818 Episcopis
1103 2734 1229 2820 Hispa·

120 2834 205 2912 niae,
220 2833 378 2899 omnibus
400 2834 458 2917 qui
474 2844 661 2899 conventus
677 2832 981 2920 caesaraugustani
992 2837 1228 2924 luercpartici-

119 2959 191 3022 pes,
215 2939 328 3004 eiusve
351 2937 443 3002 scitis
465 2934 639 3022 suffragati
667 2948 754 3018 sunt,
778 2940 842 3004 toti
866 2941 1012 3024 denique
1052 2943 1227 3028 Hispanae

119 3041 225 3126 genti,
249 3060 352 3126 quam
381 3059 514 3125 semper
545 3041 697 3125 impense
723 3041 916 3123 dileximus,
946 3054 1160 3130 peramanter
1194 3048 1226 3111 in

121 3145 275 3211 Domino
293 3145 513 3231 impertimus.

166 3249 295 3316 Datum
312 3251 443 3315 Romae
458 3251 548 3334 apud
567 3250 600 3316 S.
619 3249 755 3316 Petrum
771 3251 826 3316 die
851 3267 890 3332 14
907 3251 1108 3319 Novembris
1135 3256 1230 3334 1890,

123 3353 341 3420 Pontificatus
358 3354 472 3420 Nostri
489 3374 581 3419 anno
597 3354 849 3424 decimotertio,

833 3557 929 3626 LEO
955 3557 1016 3624 ΡΡ.
1041 3561 1144 3627 ΧΙΙῙ.

532 3885 825 4170 sss·
