3250 4876
212 411 264 462 DE
282 411 503 464 PRAECIPUIS
520 411 658 464 CIVIUM
675 407 996 461 CHRISTIANORUM
1009 406 1183 461 OFFICIIS.
1217 408 1256 457 11

158 517 1265 560 ᾖ-μῇ-,Ὓ-ῤ-μ-

151 595 256 671 nium,
271 597 365 661 sibia
382 597 471 662 IESU
485 596 655 663 CHRISTO
670 595 955 668 commendatum,
971 602 1135 676 perpetuo
1149 589 1263 656 studio
1293 593 1437 690 rasin.

148 700 391 785 vigilantiaque
406 710 636 766 conservatae
653 709 767 764 tuetur
784 700 943 764 Ecclesia.
1332 691 1399 750 '⁸⁹⁰⁴

195 803 263 868 Sed
288 823 389 887 quam
406 824 482 868 acre
502 805 662 868 adversus
685 801 872 866 Ecclesiam
890 801 1014 866 bellum
1028 799 1263 883 deflagraverlt
1350 851 1441 898 cmm

146 926 319 991 quamque
336 908 525 993 multiplex,
540 909 599 973 vix
615 909 737 973 attinet
750 909 813 972 hoc
826 907 901 972 loco
917 908 1037 972 dicere.
1052 904 1155 988 Quod
1171 902 1260 966 enim
1290 910 1423 956 Ecclesiam

148 1013 270 1076 rationi
286 1012 429 1096 contigit
444 1013 633 1096 complures
643 1032 695 1076 res
707 1011 856 1076 occultas
873 1023 906 1076 et
922 1032 943 1075 a
959 1021 1079 1074 natura
1094 1007 1262 1072 involutas
1288 974 1442 1100 Qum.

149 1114 310 1178 scientiae
326 1115 609 1198 pervestigatione
625 1115 777 1198 reperire,
792 1135 916 1198 easque
933 1116 965 1179 in
985 1115 1074 1179 vitae
1090 1133 1169 1177 usus
1184 1117 1264 1193 apte
1284 1103 1416 1196 mix-⁶⁵

150 1227 353 1295 convertere,
368 1227 481 1282 tantos
498 1217 561 1282 sibi
577 1218 713 1301 spiritus
726 1238 898 1301 sumpsere
915 1217 1079 1294 homines,
1093 1215 1210 1280 utiam
1228 1232 1263 1276 se
1290 1222 1354 1255 '¹⁸¹⁸-

150 1329 270 1402 putent
286 1339 410 1384 nornen
426 1341 526 1402 posse
538 1320 784 1405 imperiumque
798 1321 952 1386 divinum
969 1342 990 1385 a
1005 1318 1176 1384 communi
1192 1317 1261 1381 vita

147 1421 325 1505 depellere.
350 1422 491 1506 -Quo
518 1444 628 1488 errore
654 1425 798 1508 decepti,
814 1425 1018 1490 transferunt
1045 1426 1078 1487 in
1106 1429 1261 1486 naturam

146 1525 333 1590 humanam
360 1537 513 1610 ereptum
540 1527 616 1593 Deo
640 1529 886 1612 principatum:
904 1551 925 1595 a
942 1537 1060 1594 natura
1076 1525 1260 1611 petendum

147 1630 260 1695 omnis
290 1629 359 1694 veri
397 1631 598 1714 principium
636 1642 670 1697 et
707 1652 860 1698 normam
899 1633 1117 1717 praedicant:
1147 1631 1192 1694 ab
1221 1649 1261 1693 ea

149 1754 296 1810 manare,
311 1733 355 1798 ad
372 1755 515 1818 eamque
536 1755 610 1799 esse
625 1747 747 1801 cuncta
763 1737 932 1820 religionis
955 1735 1065 1800 officia
1080 1732 1263 1800 referenda.

149 1837 317 1924 Quocirca
345 1839 427 1903 nihil
459 1859 532 1904 esse
562 1840 722 1905 divinitus
753 1841 936 1905 traditum:
968 1860 1034 1904 non
1065 1837 1263 1921 disciplinae
1319 1843 1439 1915 sapgrsra

149 1961 282 2008 morum
308 1941 519 2020 christianae,
535 1963 601 2007 non
632 1943 803 2010 Ecclesiae
819 1946 1024 2028 parendum:
1041 1942 1167 2007 nullam
1185 1942 1262 2007 huic
1287 1904 1382 2009 ‘m'
1393 1904 1441 2008 οἷ’-

147 2063 223 2110 esse
247 2044 360 2128 legum
387 2045 599 2110 ferendarum
627 2057 840 2130 potestatem,
864 2047 955 2112 nulla
980 2047 1072 2126 iura;
1100 2046 1169 2110 irno
1199 2063 1261 2110 nec
1290 2022 1442 2130 mma,

148 2149 256 2214 ullum
269 2149 440 2214 Ecclesiae
451 2149 523 2214 dari
536 2151 570 2213 in
583 2152 785 2236 reipublicae
795 2152 957 2218 institutis
973 2151 1083 2216 locum
1096 2159 1262 2234 oportere.
1319 2155 1421 2187 ''W'‘

150 2255 331 2338 Expetunt
357 2274 437 2319 vero
463 2263 567 2338 atque
593 2255 686 2320 omni
710 2274 775 2338 ope
790 2256 1000 2320 contendunt
1020 2273 1194 2338 capessere
1210 2273 1262 2318 res
1288 2207 1428 2307 xmo

148 2357 300 2439 publicas
330 2369 365 2423 et
395 2359 438 2423 ad
469 2359 697 2443 gubernacula
742 2361 857 2424 sedere
888 2359 1071 2436 civitatum,
1102 2377 1171 2442 quo
1200 2356 1263 2420 sibi
1288 2322 1443 2426 ming}

152 2460 279 2526 facilius
307 2462 406 2528 liceat
433 2465 477 2528 ad
504 2463 566 2527 has
596 2462 768 2529 doctrinas
797 2463 941 2546 dirigere
969 2463 1059 2546 leges
1085 2479 1264 2544 moresque
1289 2440 1406 2487 mia·

151 2561 275 2648 fingere
305 2567 517 2650 populorum.
549 2567 603 2632 lta
639 2567 765 2650 passim
803 2565 1008 2631 catholicum
1047 2583 1171 2630 nomen
1210 2562 1263 2629 vel

147 2681 266 2754 aperte
281 2671 416 2753 petitur,
428 2671 483 2762 yel
509 2671 641 2737 occulte
656 2681 873 2754 oppugnatur
887 2692 894 2734 :
920 2675 1111 2754 magnaque
1125 2667 1265 2733 cuilibet

146 2794 297 2839 errorum
314 2775 524 2857 perversitati
540 2775 704 2860 permissa
720 2775 863 2854 licentia,
876 2775 991 2840 multis
1006 2795 1107 2859 saepe
1122 2773 1264 2840 vinculis

146 2879 285 2964 publica
301 2880 452 2945 veritatis
464 2879 666 2944 christianae
683 2879 846 2963 professio
861 2878 1111 2963 constringitur.

193 2983 261 3048 His
277 2984 379 3067 igitur
403 2994 474 3048 tam
497 2983 620 3068 iniquis
637 2985 745 3064 rebus,
760 2979 906 3068 p'rimurn
931 2985 1085 3048 omnium
1102 2983 1266 3067 respicere
1321 3003 1442 3063 sarreia

150 3107 186 3152 se
197 3089 340 3172 quisque
355 3088 468 3165 debet,
482 3087 765 3173 vehementerque
774 3107 899 3166 curare,
910 3096 946 3154 ut
962 3088 1032 3154 alte
1046 3087 1265 3171 comprehen·
1291 3063 1425 3182 {Zffif

151 3213 223 3258 sam
238 3193 355 3257 animo
370 3189 471 3255 fidem
485 3189 616 3256 intenta
625 3193 780 3257 custodia
795 3192 1099 3269 tueatur‚cavendo
1109 3188 1266 3273 pericula,
1291 3183 1444 3290 mmm·

150 3295 419 3380 nominatimque
435 3305 553 3360 contra
581 3297 690 3361 varias
706 3296 952 3380 sophismatum
970 3294 1118 3360 fallacias
1134 3313 1268 3375 semper
1363 3277 1370 3296 '

148 3409 310 3465 armatus.
325 3399 383 3464 Ad
400 3398 495 3463 cuius
518 3399 786 3464 incolumitatem
802 3399 936 3464 virtutis
952 3398 1034 3462 illud
1050 3399 1152 3462 etiam
1169 3416 1267 3480 peru-

146 3503 218 3582 tile,
245 3515 278 3568 et
306 3522 512 3586 magnopere
537 3513 803 3569 consentaneum
835 3502 1043 3587 temporibus
1071 3501 1268 3578 iudicamus,

146 3607 300 3673 studium
325 3606 478 3690 diligens,
505 3616 543 3671 ut
559 3616 609 3672 est
638 3605 779 3672 facultas
801 3616 835 3672 et
860 3616 980 3690 captus
996 3605 1216 3688 singulorum,
1232 3605 1265 3667 in

145 3710 333 3776 christiana
353 3709 512 3792 ,doctrina
536 3727 671 3791 ponere,
686 3727 870 3792 earumque
895 3727 1015 3785 rerum,
1029 3727 1117 3792 quae
1133 3706 1266 3790 religio·
1292 3704 1446 3822 mm&

147 3833 229 3882 nem
255 3814 441 3892 continent,
456 3832 607 3897 quasque
633 3814 767 3898 assequi
793 3813 923 3878 ratione
950 3813 1038 3891 licet,
1054 3813 1181 3877 maiore
1200 3831 1267 3895 qua
1294 3837 1320 3868 re
1340 3823 1442 3870 studeat.

146 3927 265 4007 potest
281 3919 401 3983 notitia
430 3923 577 3984 mentem
603 3917 763 3983 imbuere.
779 3917 935 4000 Cumque
951 3915 1051 3982 fidem
1080 3936 1148 3981 non
1165 3918 1268 3980 modo

147 4025 265 4107 vigere
285 4024 319 4086 in
336 4021 457 4086 animis
474 4021 713 4104 incorruptam,
728 4021 787 4084 sed
804 4019 948 4084 assiduis
963 4020 1066 4082 etiam
1083 4019 1268 4083 incremen-

147 4127 195 4195 tis
225 4133 381 4208 oporteat
411 4143 600 4207 augescere,
626 4123 780 4187 iteranda
811 4140 972 4206 persaepe
999 4121 1042 4185 ad
1075 4120 1187 4184 Deum
1215 4130 1267 4184 est

148 4230 298 4314 supplex
313 4237 415 4312 atque
430 4226 566 4292 humilis
582 4224 829 4308 Apostolorum
846 4223 1020 4308 flagitatio,
1031 4223 1160 4307 adauge
1177 4223 1270 4290 nobis

186 4489 205 4523 r.
220 4473 289 4528 Luc.
303 4483 381 4526 xvnr,
393 4484 415 4531 5
