3172 4874
403 337 473 429 178
549 353 739 408 terrem
756 353 914 408 nucrcr„
935 342 956 373 ‘⁸
976 355 1111 408 nunus(
1131 354 1320 407 uovaauu
1338 389 1361 419 „

220 539 317 644 ''tuh“
331 545 372 598 re·
397 558 454 603 eos
470 536 527 620 qui
542 554 680 618 operam
696 533 879 612 conserant,
895 533 981 598 inter
1007 555 1043 598 se
1068 541 1202 616 oportet
1227 531 1403 597 contineri.
1420 532 1509 596 Peri-

219 613 351 718 iicdepidf‘
397 639 510 704 culosa
525 658 604 702 vero
616 638 798 714 contentio,
811 637 936 720 quippe
947 658 1034 720 quae
1046 637 1090 702 ab
1101 638 1293 702 hominibus
1303 637 1509 702 turbulentis

396 754 430 808 et
445 743 574 808 callidis
590 742 633 806 ad
650 740 907 824 pervertendum
934 741 1092 806 iudicium
1118 741 1186 804 veri
1201 741 1508 824 concitandamque

395 847 553 912 seditiose
569 845 819 910 multitudinem
846 845 971 928 passim
999 847 1225 927 detorquetur.
1241 845 1441 927 Utcumque
1457 845 1507 922 sit,

218 979 369 1036 mernist-
395 953 495 1036 plane
520 951 683 1027 videmus,
707 949 796 1033 quod
824 952 1039 1014 consentiunt
1066 949 1219 1027 universi,
1244 947 1382 1014 infimae
1410 950 1506 1012 sortis

218 731 276 764 NR

216 1051 301 1154 232⁸
313 1051 369 1156 32
394 1057 585 1122 hominibus
616 1054 767 1120 celeriter
796 1074 869 1118 esse
900 1064 1001 1136 atque
1031 1062 1220 1136 opportune
1251 1051 1504 1126 consulendum,

216 1161 284 1201 im·
393 1182 468 1225 cum
492 1181 567 1244 pars
582 1159 732 1224 maxima
748 1159 781 1222 in
799 1159 920 1223 misera
935 1159 1198 1242 calamitosaque
1215 1155 1351 1220 fortuna
1367 1158 1503 1239 indigne

390 1275 571 1330 versentur.

248 1414 335 1460 sm
436 1369 524 1432 Nam
535 1367 703 1432 veteribus
715 1364 880 1428 artificum
892 1364 1042 1447 collegiis
1058 1361 1503 1447 superioresaeculodeletis,

212 1469 361 1526 quaestionis.
391 1473 549 1554 nulloque
565 1472 598 1536 in
615 1489 731 1533 eorum
748 1469 858 1533 locum
876 1467 1018 1532 suffecto
1035 1469 1212 1551 praesidio,
1222 1487 1300 1531 cum
1319 1468 1392 1550 ipsa
1408 1467 1499 1528 insti-

229 1553 255 1598 1>
255 1552 365 1598 ’ΜΝ
390 1581 464 1636 tuta
479 1571 636 1654 legesque
657 1569 810 1652 publicae
821 1569 948 1632 avitam
965 1568 1161 1650 religionem
1181 1568 1366 1642 exuissent
1377 1568 1497 1630 sensim

210 1616 283 1716 ἱππ
298 1613 364 1716 m·
389 1677 514 1742 sactum
530 1686 580 1739 est
597 1683 634 1738 ut
649 1673 786 1757 opifices
814 1673 1051 1738 inhumanitati
1075 1675 1289 1738 dominorum
1304 1671 1498 1736 effrenatae-

210 1743 363 1836 i‘e'rturr-mn'
388 1799 453 1862 que
479 1778 738 1860 competitorum
770 1777 947 1858 cupiditati
976 1776 1144 1841 solitarios
1175 1787 1276 1857 atque
1307 1773 1498 1838 indefensos

387 1893 520 1964 tempus
547 1882 728 1946 tradiderit.
757 1881 886 1945 Malum
914 1881 1012 1946 auxit
1040 1901 1139 1946 usura
1166 1900 1280 1955 vorax,
1311 1899 1402 1961 quae
1434 1899 1496 1940 non

386 1985 488 2048 semel
505 1985 675 2050 Ecclesiae
690 1985 815 2050 iudicio
838 1985 1009 2060 damnata,
1025 1995 1138 2051 tamen
1156 1984 1199 2049 ab
1222 1981 1418 2047 hominibus
1433 1984 1497 2044 ari-

385 2091 436 2154 dis
452 2099 486 2154 et
502 2089 710 2173 quaestuosis
727 2110 786 2172 per
800 2073 901 2154 aliam
919 2089 1064 2172 speciem
1083 2097 1258 2153 exercetur
1273 2087 1394 2151 eadem
1410 2109 1419 2148 :
1435 2085 1496 2147 huc

384 2197 549 2260 accedunt
564 2204 597 2259 et
613 2193 792 2259 conductio
807 2214 946 2276 operum
958 2205 991 2258 et
1008 2214 1116 2258 rerum
1128 2193 1278 2257 omnium
1295 2191 1494 2256 commercia

384 2296 451 2362 iere
477 2299 511 2362 in
539 2318 719 2380 paucorum
749 2297 884 2362 redacta
909 2307 1122 2379 potestatem,
1149 2298 1196 2360 ita
1220 2305 1257 2360 ut
1281 2293 1436 2378 opulenti
1458 2314 1493 2355 ac

384 2404 584 2486 praedivites
601 2402 756 2485 perpauci
785 2421 889 2482 prope
916 2401 1035 2464 servile
1053 2401 1167 2483 iugum
1185 2397 1336 2462 infinitae
1352 2397 1494 2482 proleta-

385 2509 507 2571 riorum
524 2506 731 2571 multitudini
747 2505 976 2587 imposuerint.

233 2650 248 2686 ιλ
264 2651 333 2688 ms
428 2611 486 2674 Ad
502 2611 599 2674 huius
616 2609 825 2673 sanationem
845 2608 923 2670 mali
941 2608 1136 2672 Socialiseae
1150 2607 1297 2691 quidem,
1316 2607 1493 2670 sollicitata

207 2693 358 2810 3332
385 2714 555 2796 egentium
584 2716 616 2776 in
642 2714 826 2796 locupletes
853 2715 986 2792 invidia,
1002 2724 1150 2778 evertere
1165 2715 1312 2795 privatas
1328 2713 1491 2776 bonorum

205 2823 273 2896 {1323
290 2825 359 2897 ³355ss
384 2817 610 2900 possessiones
620 2819 829 2883 contendunt
840 2827 1002 2900 oportere,
1016 2837 1196 2901 earumque
1216 2817 1492 2880 lococommunia

206 2911 311 2941 ΜΝ
383 2921 543 2985 universis
568 2921 775 3004 singulorum
804 2923 893 2986 bona
921 2923 1037 3000 iacere,
1053 2921 1307 3005 procurantibus
1334 2921 1413 2984 viris
1436 2919 1491 3003 qui

229 3082 358 3142 Μηίων
382 3033 440 3090 aut
467 3024 649 3107 municipio
679 3026 836 3106 praesint,
864 3035 922 3090 aut
953 3035 1060 3090 totam
1094 3025 1335 3108 rempublicam
1366 3035 1490 3108 gerant

203 3141 310 3188 socialis·
383 3130 558 3196 Eiusmodi
585 3129 803 3193 translatione
829 3129 993 3194 bonorum
1020 3153 1039 3195 a
1070 3131 1209 3213 privatis
1230 3130 1274 3193 ad
1305 3149 1491 3204 commune,

204 3214 264 3248 Μ’
381 3233 506 3299 mederi
523 3253 558 3296 se
574 3252 672 3314 posse
689 3233 858 3314 praesenti
877 3233 966 3296 malo
979 3235 1190 3310 arbitrantur,
1202 3253 1254 3296 res
1265 3241 1300 3296 et
1314 3235 1491 3296 commoda

241 3360 353 3406 Socratas.
381 3339 466 3401 inter
477 3337 564 3400 cives
577 3335 795 3418 aequabiliter
812 3337 997 3418 partiendo.
1014 3337 1082 3403 Sed
1099 3347 1150 3402 est
1170 3337 1255 3400 adeo
1276 3356 1392 3400 eorum
1408 3337 1491 3399 ratio

203 3423 287 3522 3¹⁹¹
313 3435 355 3525 3
379 3442 422 3505 ad
454 3441 704 3517 contentionem
731 3441 956 3504 dirimendam
984 3443 1108 3524 inepta,
1136 3451 1172 3506 ut
1200 3443 1309 3523 ipsum
1335 3439 1488 3524 opificum

201 3537 335 3654 ζζξξῗξζῇι.
378 3565 484 3627 genus
500 3543 624 3610 afficiat
649 3545 885 3609 incommodo:
911 3547 1097 3630 eademque
1123 3557 1295 3629 praeterea
1318 3556 1371 3610 est
1394 3544 1488 3608 valde

200 3658 331 3724 s⁰subvee
378 3649 511 3726 iniusta,
534 3647 612 3731 quia
636 3649 704 3712 vim
730 3651 977 3730 possessoribus
1006 3651 1165 3733 legitimis
1195 3649 1301 3728 affert,
1332 3651 1488 3734 pervertit

199 3727 258 3762 srva.
377 3751 485 3816 officia
502 3752 714 3834 reipublicae,
730 3753 929 3836 penitusque
947 3755 1063 3818 miscet
1079 3755 1239 3819 civitates

212 3905 235 3946 ,ο
249 3906 334 3961 ,mu
420 3857 520 3934 Sane,
531 3858 621 3939 quod
635 3855 732 3920 facile
745 3866 795 3920 est
808 3859 988 3939 pervidere,
1002 3861 1108 3942 ipsius
1121 3880 1252 3942 operae,
1270 3880 1372 3943 quam
1387 3859 1484 3922 susci-

197 3962 348 4031 ‘⁸.‘·'¹‘¹²’¹(‘¹'·
374 3962 470 4043 piunt
487 3961 543 4044 qui
560 3961 592 4024 in
621 3969 692 4024 arte
708 3959 820 4042 aliqua
846 3973 1050 4042 quaestuosa
1077 3976 1259 4042 versantur,
1274 3965 1357 4029 haec
1379 3983 1437 4047 per
1450 3983 1485 4025 se

198 4030 289 4063 nmers
300 4035 344 4078 yur

195 4078 337 4179 carrazedo
373 4085 490 4128 caussa
506 4074 565 4142 est,
577 4074 680 4146 atque
702 4063 756 4128 hic
770 4063 846 4128 finis
869 4086 936 4148 quo
950 4069 1108 4150 proxime
1128 4078 1259 4151 spectat
1271 4067 1401 4144 artifex,
1417 4087 1482 4130 rem

191 4147 348 4248 5221?ssss
372 4169 434 4230 sibi
445 4188 603 4249 quaerere
613 4169 811 4252 privatoque
822 4171 891 4234 iure
904 4172 1075 4253 possidere
1089 4175 1137 4236 uti
1151 4194 1247 4238 suam
1257 4193 1297 4238 ac
1309 4172 1482 4256 propriam.

189 4256 335 4362 333
374 4271 406 4330 ls
422 4271 510 4332 enim
539 4271 566 4333 si
585 4273 679 4348 vires,
689 4273 716 4334 si
738 4273 937 4338 industriam
951 4296 1045 4340 suam
1069 4277 1164 4341 alteri
1180 4280 1384 4352 commodat,
1399 4275 1480 4338 banc

173 4364 273 4440 ,ΜΛ
283 4377 343 4424 pm
369 4371 414 4432 ob
429 4389 580 4434 caussam
597 4375 791 4438 commodat
801 4387 837 4438 ut
851 4397 902 4439 res
916 4379 1126 4462 adipiscatur
1139 4380 1182 4445 ad
1195 4382 1319 4446 victum
1341 4381 1478 4446 cultum·
