<?xml version="1.0" encoding="UTF-8"?>
<!DOCTYPE html PUBLIC "-//W3C//DTD XHTML 1.0 Transitional//EN"
    "http://www.w3.org/TR/xhtml1/DTD/xhtml1-transitional.dtd">
<html xmlns="http://www.w3.org/1999/xhtml" xml:lang="en" lang="en">
 <head>
  <title>
</title>
<meta http-equiv="Content-Type" content="text/html;charset=utf-8" />
  <meta name='ocr-system' content='tesseract 3.04.00' />
  <meta name='ocr-capabilities' content='ocr_page ocr_carea ocr_par ocr_line ocrx_word'/>
</head>
<body>
  <div class='ocr_page' id='page_1' title='image "./sanctissimidomi03xiiigoog_0206.png"; bbox 0 0 3336 4870; ppageno 0'>
   <div class='ocr_carea' id='block_1_1' title="bbox 294 369 1300 450">
    <p class='ocr_par' dir='ltr' id='par_1_1' title="bbox 294 369 1300 450">
     <span class='ocr_line' id='line_1_1' title="bbox 294 369 1300 450; baseline -0.01 -13"><span class='ocrx_word' id='word_1_1' title='bbox 294 384 483 437; x_wconf 68' lang='lat' dir='ltr'>arrianae</span> <span class='ocrx_word' id='word_1_2' title='bbox 510 381 666 433; x_wconf 71' lang='lat' dir='ltr'>encres.</span> <span class='ocrx_word' id='word_1_3' title='bbox 696 369 716 398; x_wconf 83' lang='lat'>‘⁴</span> <span class='ocrx_word' id='word_1_4' title='bbox 736 381 918 431; x_wconf 79' lang='lat' dir='ltr'>axeuurc</span> <span class='ocrx_word' id='word_1_5' title='bbox 938 379 1007 428; x_wconf 77' lang='lat' dir='ltr'>ran</span> <span class='ocrx_word' id='word_1_6' title='bbox 1026 378 1134 430; x_wconf 73' lang='lat' dir='ltr'>anuo</span> <span class='ocrx_word' id='word_1_7' title='bbox 1153 411 1174 440; x_wconf 92' lang='lat'>„</span> <span class='ocrx_word' id='word_1_8' title='bbox 1233 379 1300 450; x_wconf 90' lang='lat'>193</span> 
     </span>
    </p>
   </div>
   <div class='ocr_carea' id='block_1_2' title="bbox 192 547 1481 665">
    <p class='ocr_par' dir='ltr' id='par_1_2' title="bbox 192 547 1481 665">
     <span class='ocr_line' id='line_1_2' title="bbox 192 547 1481 665; baseline -0.005 -44"><span class='ocrx_word' id='word_1_9' title='bbox 192 577 327 621; x_wconf 90' lang='lat' dir='ltr'>summo</span> <span class='ocrx_word' id='word_1_10' title='bbox 343 553 557 619; x_wconf 87' lang='lat' dir='ltr'>dominatore</span> <span class='ocrx_word' id='word_1_11' title='bbox 573 571 692 629; x_wconf 89' lang='lat' dir='ltr'>rerum,</span> <span class='ocrx_word' id='word_1_12' title='bbox 708 571 747 615; x_wconf 90' lang='lat' dir='ltr'>ac</span> <span class='ocrx_word' id='word_1_13' title='bbox 764 551 881 616; x_wconf 90' lang='lat' dir='ltr'>mundi</span> <span class='ocrx_word' id='word_1_14' title='bbox 903 547 1023 632; x_wconf 88' lang='lat' dir='ltr'>opifice</span> <span class='ocrx_word' id='word_1_15' title='bbox 1040 550 1116 614; x_wconf 92' lang='lat' dir='ltr'>Deo</span> <span class='ocrx_word' id='word_1_16' title='bbox 1139 549 1304 628; x_wconf 85' lang='lat' dir='ltr'><strong>dubitent,</strong></span> <span class='ocrx_word' id='word_1_17' title='bbox 1330 585 1481 665; x_wconf 60' lang='lat' dir='ltr'>narniens</span> 
     </span>
    </p>
   </div>
   <div class='ocr_carea' id='block_1_3' title="bbox 145 655 1482 948">
    <p class='ocr_par' dir='ltr' id='par_1_3' title="bbox 145 655 1482 948">
     <span class='ocr_line' id='line_1_3' title="bbox 192 655 1438 734; baseline -0.006 -8"><span class='ocrx_word' id='word_1_18' title='bbox 192 662 236 726; x_wconf 90' lang='lat' dir='ltr'>sit</span> <span class='ocrx_word' id='word_1_19' title='bbox 253 679 359 724; x_wconf 90' lang='lat' dir='ltr'>necne</span> <span class='ocrx_word' id='word_1_20' title='bbox 381 657 434 734; x_wconf 88' lang='lat' dir='ltr'>sit,</span> <span class='ocrx_word' id='word_1_21' title='bbox 456 656 509 722; x_wconf 90' lang='lat' dir='ltr'>vel</span> <span class='ocrx_word' id='word_1_22' title='bbox 534 657 568 720; x_wconf 93' lang='lat' dir='ltr'>in</span> <span class='ocrx_word' id='word_1_23' title='bbox 593 655 665 720; x_wconf 91' lang='lat' dir='ltr'>eius</span> <span class='ocrx_word' id='word_1_24' title='bbox 687 665 807 720; x_wconf 89' lang='lat' dir='ltr'>natura</span> <span class='ocrx_word' id='word_1_25' title='bbox 832 665 952 733; x_wconf 87' lang='lat' dir='ltr'>errent,</span> <span class='ocrx_word' id='word_1_26' title='bbox 967 655 1178 720; x_wconf 84' lang='lat' dir='ltr'>ethnicorum</span> <span class='ocrx_word' id='word_1_27' title='bbox 1203 675 1305 734; x_wconf 91' lang='lat' dir='ltr'>more,</span> <span class='ocrx_word' id='word_1_28' title='bbox 1372 672 1438 720; x_wconf 83' lang='lat'><em>1888.</em></span> 
     </span>
     <span class='ocr_line' id='line_1_4' title="bbox 145 756 1440 842; baseline -0.008 -13"><span class='ocrx_word' id='word_1_29' title='bbox 145 807 148 810; x_wconf 96' lang='lat'>-</span> <span class='ocrx_word' id='word_1_30' title='bbox 192 764 382 828; x_wconf 89' lang='lat' dir='ltr'>deterrime.</span> <span class='ocrx_word' id='word_1_31' title='bbox 399 760 489 824; x_wconf 90' lang='lat' dir='ltr'>Hinc</span> <span class='ocrx_word' id='word_1_32' title='bbox 514 757 680 823; x_wconf 88' lang='lat' dir='ltr'>demutari</span> <span class='ocrx_word' id='word_1_33' title='bbox 701 778 836 821; x_wconf 91' lang='lat' dir='ltr'>necesse</span> <span class='ocrx_word' id='word_1_34' title='bbox 852 767 903 822; x_wconf 90' lang='lat' dir='ltr'>est</span> <span class='ocrx_word' id='word_1_35' title='bbox 928 759 1035 841; x_wconf 84' lang='lat' dir='ltr'>ipsam</span> <span class='ocrx_word' id='word_1_36' title='bbox 1064 757 1211 841; x_wconf 86' lang='lat' dir='ltr'>speciem</span> <span class='ocrx_word' id='word_1_37' title='bbox 1239 756 1304 822; x_wconf 91' lang='lat' dir='ltr'>for·</span> <span class='ocrx_word' id='word_1_38' title='bbox 1434 831 1440 842; x_wconf 35' lang='grc' dir='ltr'>Ι</span> 
     </span>
     <span class='ocr_line' id='line_1_5' title="bbox 195 837 1482 948; baseline -0.005 -16"><span class='ocrx_word' id='word_1_39' title='bbox 195 883 353 948; x_wconf 85' lang='lat' dir='ltr'>mamque</span> <span class='ocrx_word' id='word_1_40' title='bbox 375 862 518 938; x_wconf 87' lang='lat' dir='ltr'>virtutis,</span> <span class='ocrx_word' id='word_1_41' title='bbox 540 859 827 938; x_wconf 85' lang='lat' dir='ltr'>iuris,ofiicii.1ta</span> <span class='ocrx_word' id='word_1_42' title='bbox 849 860 996 944; x_wconf 89' lang='lat' dir='ltr'>quidem,</span> <span class='ocrx_word' id='word_1_43' title='bbox 1008 869 1045 923; x_wconf 91' lang='lat' dir='ltr'>ut</span> <span class='ocrx_word' id='word_1_44' title='bbox 1060 860 1143 924; x_wconf 92' lang='lat' dir='ltr'>dum</span> <span class='ocrx_word' id='word_1_45' title='bbox 1167 861 1305 926; x_wconf 89' lang='lat' dir='ltr'>rationis</span> <span class='ocrx_word' id='word_1_46' title='bbox 1329 837 1482 938; x_wconf 57' lang='lat' dir='ltr'>fflm&#39;riii</span> 
     </span>
    </p>
   </div>
   <div class='ocr_carea' id='block_1_4' title="bbox 194 949 1484 1069">
    <p class='ocr_par' dir='ltr' id='par_1_4' title="bbox 194 949 1484 1069">
     <span class='ocr_line' id='line_1_6' title="bbox 194 949 1484 1069; baseline -0.01 -34"><span class='ocrx_word' id='word_1_47' title='bbox 194 969 421 1054; x_wconf 85' lang='lat' dir='ltr'>principatum</span> <span class='ocrx_word' id='word_1_48' title='bbox 451 965 597 1049; x_wconf 80' lang='lat' dir='ltr'>gloriose</span> <span class='ocrx_word' id='word_1_49' title='bbox 622 964 828 1048; x_wconf 88' lang='lat' dir='ltr'>praedicant,</span> <span class='ocrx_word' id='word_1_50' title='bbox 858 963 1052 1048; x_wconf 84' lang='lat' dir='ltr'>ingeniique</span> <span class='ocrx_word' id='word_1_51' title='bbox 1081 949 1484 1069; x_wconf 46' lang='lat' dir='ltr'>subtilitatem&#39;fffflzss</span> 
     </span>
    </p>
   </div>
   <div class='ocr_carea' id='block_1_5' title="bbox 197 1066 1485 1190">
    <p class='ocr_par' dir='ltr' id='par_1_5' title="bbox 197 1066 1485 1190">
     <span class='ocr_line' id='line_1_7' title="bbox 197 1066 1485 1190; baseline -0.008 -51"><span class='ocrx_word' id='word_1_52' title='bbox 197 1071 467 1157; x_wconf 88' lang='lat' dir='ltr'>magnificentius</span> <span class='ocrx_word' id='word_1_53' title='bbox 492 1067 644 1145; x_wconf 87' lang='lat' dir='ltr'>efferunt,</span> <span class='ocrx_word' id='word_1_54' title='bbox 668 1088 770 1151; x_wconf 91' lang='lat' dir='ltr'>quarn</span> <span class='ocrx_word' id='word_1_55' title='bbox 799 1088 860 1151; x_wconf 91' lang='lat' dir='ltr'>par</span> <span class='ocrx_word' id='word_1_56' title='bbox 883 1078 945 1145; x_wconf 89' lang='lat' dir='ltr'>est,</span> <span class='ocrx_word' id='word_1_57' title='bbox 970 1066 1104 1130; x_wconf 91' lang='lat' dir='ltr'>debitas</span> <span class='ocrx_word' id='word_1_58' title='bbox 1131 1069 1307 1151; x_wconf 84' lang='lat' dir='ltr'>superbiae</span> <span class='ocrx_word' id='word_1_59' title='bbox 1326 1070 1422 1190; x_wconf 41' lang='lat'>{253⁰</span> <span class='ocrx_word' id='word_1_60' title='bbox 1438 1083 1485 1186; x_wconf 46' lang='grc' dir='ltr'>ἵν</span> 
     </span>
    </p>
   </div>
   <div class='ocr_carea' id='block_1_6' title="bbox 196 1171 1483 1369">
    <p class='ocr_par' dir='ltr' id='par_1_6' title="bbox 196 1171 1483 1369">
     <span class='ocr_line' id='line_1_8' title="bbox 196 1171 1478 1266; baseline -0.012 -21"><span class='ocrx_word' id='word_1_61' title='bbox 196 1201 321 1266; x_wconf 87' lang='lat' dir='ltr'>poenas</span> <span class='ocrx_word' id='word_1_62' title='bbox 341 1197 450 1242; x_wconf 90' lang='lat' dir='ltr'>rerum</span> <span class='ocrx_word' id='word_1_63' title='bbox 467 1176 692 1241; x_wconf 87' lang='lat' dir='ltr'>maximarum</span> <span class='ocrx_word' id='word_1_64' title='bbox 717 1173 929 1258; x_wconf 84' lang='lat' dir='ltr'>ignoratione</span> <span class='ocrx_word' id='word_1_65' title='bbox 952 1171 1056 1240; x_wconf 87' lang='lat' dir='ltr'>luant.</span> <span class='ocrx_word' id='word_1_66' title='bbox 1078 1211 1122 1224; x_wconf 89' lang='lat'>—-</span> <span class='ocrx_word' id='word_1_67' title='bbox 1138 1173 1308 1258; x_wconf 84' lang='lat' dir='ltr'>Corrupto</span> <span class='ocrx_word' id='word_1_68' title='bbox 1339 1189 1478 1258; x_wconf 51' lang='lat' dir='ltr'>ignorante</span> 
     </span>
     <span class='ocr_line' id='line_1_9' title="bbox 196 1255 1483 1369; baseline -0.008 -21"><span class='ocrx_word' id='word_1_69' title='bbox 196 1283 411 1369; x_wconf 91' lang='lat' dir='ltr'>opinionibus</span> <span class='ocrx_word' id='word_1_70' title='bbox 427 1283 551 1358; x_wconf 88' lang='lat' dir='ltr'>animo,</span> <span class='ocrx_word' id='word_1_71' title='bbox 566 1279 665 1343; x_wconf 91' lang='lat' dir='ltr'>simul</span> <span class='ocrx_word' id='word_1_72' title='bbox 682 1280 805 1344; x_wconf 90' lang='lat' dir='ltr'>insidet</span> <span class='ocrx_word' id='word_1_73' title='bbox 821 1289 996 1362; x_wconf 87' lang='lat' dir='ltr'>tamquam</span> <span class='ocrx_word' id='word_1_74' title='bbox 1013 1278 1047 1342; x_wconf 92' lang='lat' dir='ltr'>in</span> <span class='ocrx_word' id='word_1_75' title='bbox 1067 1279 1162 1342; x_wconf 90' lang='lat' dir='ltr'>venis</span> <span class='ocrx_word' id='word_1_76' title='bbox 1179 1279 1307 1343; x_wconf 87' lang='lat' dir='ltr'>medul·</span> <span class='ocrx_word' id='word_1_77' title='bbox 1331 1262 1383 1362; x_wconf 48' lang='lat' dir='ltr'>{⁸ss</span> <span class='ocrx_word' id='word_1_78' title='bbox 1408 1255 1483 1308; x_wconf 53' lang='grc' dir='ltr'>Μ’</span> 
     </span>
    </p>
   </div>
   <div class='ocr_carea' id='block_1_7' title="bbox 197 1382 1485 2196">
    <p class='ocr_par' dir='ltr' id='par_1_7' title="bbox 197 1382 1485 1884">
     <span class='ocr_line' id='line_1_10' title="bbox 197 1382 1308 1473; baseline -0.009 -18"><span class='ocrx_word' id='word_1_79' title='bbox 197 1391 304 1473; x_wconf 86' lang='lat' dir='ltr'>lisque</span> <span class='ocrx_word' id='word_1_80' title='bbox 319 1384 510 1468; x_wconf 89' lang='lat' dir='ltr'>corruptela</span> <span class='ocrx_word' id='word_1_81' title='bbox 526 1403 657 1450; x_wconf 87' lang='lat' dir='ltr'>morum</span> <span class='ocrx_word' id='word_1_82' title='bbox 673 1403 800 1466; x_wconf 78' lang='lat' dir='ltr'>3eaque</span> <span class='ocrx_word' id='word_1_83' title='bbox 812 1383 922 1447; x_wconf 88' lang='lat' dir='ltr'>sanari</span> <span class='ocrx_word' id='word_1_84' title='bbox 935 1383 968 1446; x_wconf 94' lang='lat' dir='ltr'>in</span> <span class='ocrx_word' id='word_1_85' title='bbox 982 1383 1046 1447; x_wconf 94' lang='lat' dir='ltr'>hoc</span> <span class='ocrx_word' id='word_1_86' title='bbox 1061 1402 1184 1466; x_wconf 88' lang='lat' dir='ltr'>genere</span> <span class='ocrx_word' id='word_1_87' title='bbox 1199 1382 1308 1446; x_wconf 91' lang='lat' dir='ltr'>homi·</span> 
     </span>
     <span class='ocr_line' id='line_1_11' title="bbox 197 1485 1475 1570; baseline -0.005 -14"><span class='ocrx_word' id='word_1_88' title='bbox 197 1510 278 1556; x_wconf 91' lang='lat' dir='ltr'>num</span> <span class='ocrx_word' id='word_1_89' title='bbox 290 1489 364 1552; x_wconf 91' lang='lat' dir='ltr'>sine</span> <span class='ocrx_word' id='word_1_90' title='bbox 378 1507 511 1552; x_wconf 91' lang='lat' dir='ltr'>summa</span> <span class='ocrx_word' id='word_1_91' title='bbox 523 1485 721 1551; x_wconf 87' lang='lat' dir='ltr'>difficultate</span> <span class='ocrx_word' id='word_1_92' title='bbox 740 1505 808 1550; x_wconf 93' lang='lat' dir='ltr'>non</span> <span class='ocrx_word' id='word_1_93' title='bbox 824 1495 947 1569; x_wconf 89' lang='lat' dir='ltr'>potest,</span> <span class='ocrx_word' id='word_1_94' title='bbox 965 1495 1143 1569; x_wconf 90' lang='lat' dir='ltr'>propterea</span> <span class='ocrx_word' id='word_1_95' title='bbox 1155 1487 1246 1570; x_wconf 92' lang='lat' dir='ltr'>quod</span> <span class='ocrx_word' id='word_1_96' title='bbox 1263 1506 1308 1550; x_wconf 88' lang='lat' dir='ltr'>ex</span> <span class='ocrx_word' id='word_1_97' title='bbox 1338 1494 1475 1564; x_wconf 63' lang='lat' dir='ltr'>sanaaans</span> 
     </span>
     <span class='ocr_line' id='line_1_12' title="bbox 197 1554 1485 1676; baseline -0.01 -15"><span class='ocrx_word' id='word_1_98' title='bbox 197 1613 265 1661; x_wconf 90' lang='lat' dir='ltr'>una</span> <span class='ocrx_word' id='word_1_99' title='bbox 280 1601 377 1676; x_wconf 88' lang='lat' dir='ltr'>parte</span> <span class='ocrx_word' id='word_1_100' title='bbox 389 1591 567 1674; x_wconf 89' lang='lat' dir='ltr'>opiniones</span> <span class='ocrx_word' id='word_1_101' title='bbox 576 1588 718 1654; x_wconf 90' lang='lat' dir='ltr'>vitiosae</span> <span class='ocrx_word' id='word_1_102' title='bbox 734 1589 927 1655; x_wconf 87' lang='lat' dir='ltr'>adulterant</span> <span class='ocrx_word' id='word_1_103' title='bbox 937 1589 1099 1654; x_wconf 91' lang='lat' dir='ltr'>iudicium</span> <span class='ocrx_word' id='word_1_104' title='bbox 1112 1589 1310 1668; x_wconf 82' lang='lat' dir='ltr'>honestatis,</span> <span class='ocrx_word' id='word_1_105' title='bbox 1332 1554 1485 1660; x_wconf 52' lang='lat' dir='ltr'>itiitehcinii.</span> 
     </span>
     <span class='ocr_line' id='line_1_13' title="bbox 197 1679 1390 1778; baseline -0.003 -17"><span class='ocrx_word' id='word_1_106' title='bbox 197 1718 242 1761; x_wconf 85' lang='lat' dir='ltr'>ex</span> <span class='ocrx_word' id='word_1_107' title='bbox 257 1697 363 1762; x_wconf 91' lang='lat' dir='ltr'>altera</span> <span class='ocrx_word' id='word_1_108' title='bbox 376 1696 489 1758; x_wconf 90' lang='lat' dir='ltr'>lumen</span> <span class='ocrx_word' id='word_1_109' title='bbox 505 1693 601 1758; x_wconf 88' lang='lat' dir='ltr'>abest</span> <span class='ocrx_word' id='word_1_110' title='bbox 617 1691 694 1757; x_wconf 91' lang='lat' dir='ltr'>fidei</span> <span class='ocrx_word' id='word_1_111' title='bbox 710 1694 923 1772; x_wconf 86' lang='lat' dir='ltr'>christianae,</span> <span class='ocrx_word' id='word_1_112' title='bbox 934 1713 1021 1776; x_wconf 90' lang='lat' dir='ltr'>quae</span> <span class='ocrx_word' id='word_1_113' title='bbox 1031 1693 1141 1756; x_wconf 90' lang='lat' dir='ltr'>omnis</span> <span class='ocrx_word' id='word_1_114' title='bbox 1158 1705 1209 1758; x_wconf 90' lang='lat' dir='ltr'>est</span> <span class='ocrx_word' id='word_1_115' title='bbox 1219 1695 1309 1778; x_wconf 93' lang='lat' dir='ltr'>prin·</span> <span class='ocrx_word' id='word_1_116' title='bbox 1329 1679 1390 1733; x_wconf 52' lang='grc' dir='ltr'>μ’·</span> 
     </span>
     <span class='ocr_line' id='line_1_14' title="bbox 197 1797 830 1884; baseline -0.003 -19"><span class='ocrx_word' id='word_1_117' title='bbox 197 1801 323 1884; x_wconf 90' lang='lat' dir='ltr'>cipium</span> <span class='ocrx_word' id='word_1_118' title='bbox 340 1820 380 1863; x_wconf 91' lang='lat' dir='ltr'>ac</span> <span class='ocrx_word' id='word_1_119' title='bbox 396 1797 654 1862; x_wconf 88' lang='lat' dir='ltr'>fundamentum</span> <span class='ocrx_word' id='word_1_120' title='bbox 672 1797 830 1863; x_wconf 90' lang='lat' dir='ltr'>iustitiae.</span> 
     </span>
    </p>

    <p class='ocr_par' dir='ltr' id='par_1_8' title="bbox 197 1901 1485 2196">
     <span class='ocr_line' id='line_1_15' title="bbox 241 1901 1308 1983; baseline -0.001 -15"><span class='ocrx_word' id='word_1_121' title='bbox 241 1904 299 1968; x_wconf 87' lang='lat' dir='ltr'>Ex</span> <span class='ocrx_word' id='word_1_122' title='bbox 324 1901 490 1967; x_wconf 90' lang='lat' dir='ltr'>eiusmodi</span> <span class='ocrx_word' id='word_1_123' title='bbox 520 1901 646 1965; x_wconf 86' lang='lat' dir='ltr'>caussis</span> <span class='ocrx_word' id='word_1_124' title='bbox 671 1913 817 1983; x_wconf 88' lang='lat' dir='ltr'>quantas</span> <span class='ocrx_word' id='word_1_125' title='bbox 844 1901 1019 1965; x_wconf 91' lang='lat' dir='ltr'>hominum</span> <span class='ocrx_word' id='word_1_126' title='bbox 1047 1902 1192 1966; x_wconf 91' lang='lat' dir='ltr'>societas</span> <span class='ocrx_word' id='word_1_127' title='bbox 1220 1904 1308 1968; x_wconf 91' lang='lat' dir='ltr'>cala-</span> 
     </span>
     <span class='ocr_line' id='line_1_16' title="bbox 197 2003 1485 2086; baseline -0.002 -16"><span class='ocrx_word' id='word_1_128' title='bbox 197 2007 333 2070; x_wconf 89' lang='lat' dir='ltr'>mitates</span> <span class='ocrx_word' id='word_1_129' title='bbox 355 2004 571 2080; x_wconf 84' lang='lat' dir='ltr'>contraxerit,</span> <span class='ocrx_word' id='word_1_130' title='bbox 592 2003 745 2084; x_wconf 91' lang='lat' dir='ltr'>quotidie</span> <span class='ocrx_word' id='word_1_131' title='bbox 768 2003 874 2068; x_wconf 91' lang='lat' dir='ltr'>oculis</span> <span class='ocrx_word' id='word_1_132' title='bbox 889 2004 1143 2086; x_wconf 90' lang='lat' dir='ltr'>quodammodo</span> <span class='ocrx_word' id='word_1_133' title='bbox 1158 2014 1308 2071; x_wconf 87' lang='lat' dir='ltr'>contem·</span> <span class='ocrx_word' id='word_1_134' title='bbox 1379 2033 1485 2078; x_wconf 66' lang='lat' dir='ltr'>anum.</span> 
     </span>
     <span class='ocr_line' id='line_1_17' title="bbox 197 2098 1485 2196; baseline 0.002 -22"><span class='ocrx_word' id='word_1_135' title='bbox 197 2111 338 2196; x_wconf 89' lang='lat' dir='ltr'>plamur.</span> <span class='ocrx_word' id='word_1_136' title='bbox 370 2109 512 2173; x_wconf 89' lang='lat' dir='ltr'>Venena</span> <span class='ocrx_word' id='word_1_137' title='bbox 541 2108 771 2174; x_wconf 90' lang='lat' dir='ltr'>doctrinarum</span> <span class='ocrx_word' id='word_1_138' title='bbox 796 2110 935 2194; x_wconf 91' lang='lat' dir='ltr'>proclivi</span> <span class='ocrx_word' id='word_1_139' title='bbox 958 2129 1055 2174; x_wconf 92' lang='lat' dir='ltr'>cursu</span> <span class='ocrx_word' id='word_1_140' title='bbox 1080 2110 1113 2174; x_wconf 92' lang='lat' dir='ltr'>in</span> <span class='ocrx_word' id='word_1_141' title='bbox 1141 2112 1307 2178; x_wconf 90' lang='lat' dir='ltr'>rationem</span> <span class='ocrx_word' id='word_1_142' title='bbox 1333 2098 1425 2138; x_wconf 59' lang='lat' dir='ltr'>&#39;am&#39;</span> <span class='ocrx_word' id='word_1_143' title='bbox 1448 2107 1485 2136; x_wconf 61' lang='lat' dir='ltr'>‘r&#39;</span> 
     </span>
    </p>
   </div>
   <div class='ocr_carea' id='block_1_8' title="bbox 1333 2151 1485 2198">
    <p class='ocr_par' dir='ltr' id='par_1_9' title="bbox 1333 2151 1485 2198">
     <span class='ocr_line' id='line_1_18' title="bbox 1333 2151 1485 2198; baseline -0.013 -1"><span class='ocrx_word' id='word_1_144' title='bbox 1333 2166 1398 2198; x_wconf 84' lang='lat' dir='ltr'>rorrs</span> <span class='ocrx_word' id='word_1_145' title='bbox 1422 2151 1485 2196; x_wconf 80' lang='lat' dir='ltr'>lrr&#39;sce</span> 
     </span>
    </p>
   </div>
   <div class='ocr_carea' id='block_1_9' title="bbox 195 2211 1485 2328">
    <p class='ocr_par' dir='ltr' id='par_1_10' title="bbox 195 2211 1485 2328">
     <span class='ocr_line' id='line_1_19' title="bbox 195 2211 1485 2328; baseline -0.003 -49"><span class='ocrx_word' id='word_1_146' title='bbox 195 2215 287 2279; x_wconf 87' lang='lat' dir='ltr'>vitae</span> <span class='ocrx_word' id='word_1_147' title='bbox 309 2233 428 2296; x_wconf 89' lang='lat' dir='ltr'>resque</span> <span class='ocrx_word' id='word_1_148' title='bbox 444 2212 595 2295; x_wconf 91' lang='lat' dir='ltr'>publicas</span> <span class='ocrx_word' id='word_1_149' title='bbox 615 2220 811 2295; x_wconf 81' lang='lat' dir='ltr'>pervasere:</span> <span class='ocrx_word' id='word_1_150' title='bbox 827 2214 1086 2291; x_wconf 76' lang='lat' dir='ltr'>rationalrsmus,</span> <span class='ocrx_word' id='word_1_151' title='bbox 1106 2214 1306 2279; x_wconf 82' lang='lat' dir='ltr'>materialis·</span> <span class='ocrx_word' id='word_1_152' title='bbox 1331 2211 1485 2328; x_wconf 40' lang='lat' dir='ltr'>&amp;affigit</span> 
     </span>
    </p>
   </div>
   <div class='ocr_carea' id='block_1_10' title="bbox 197 2307 1585 2400">
    <p class='ocr_par' dir='ltr' id='par_1_11' title="bbox 197 2307 1585 2400">
     <span class='ocr_line' id='line_1_20' title="bbox 197 2307 1585 2400; baseline -0.001 -17"><span class='ocrx_word' id='word_1_153' title='bbox 197 2340 281 2396; x_wconf 86' lang='lat' dir='ltr'>mus,</span> <span class='ocrx_word' id='word_1_154' title='bbox 295 2316 476 2381; x_wconf 73' lang='lat' dir='ltr'>atheismus</span> <span class='ocrx_word' id='word_1_155' title='bbox 496 2337 654 2400; x_wconf 89' lang='lat' dir='ltr'>peperere</span> <span class='ocrx_word' id='word_1_156' title='bbox 668 2317 899 2395; x_wconf 71' lang='lat' dir='ltr'>socrblrsmum,</span> <span class='ocrx_word' id='word_1_157' title='bbox 915 2317 1196 2396; x_wconf 84' lang='lat' dir='ltr'>communr&#39;smum,</span> <span class='ocrx_word' id='word_1_158' title='bbox 1219 2319 1306 2383; x_wconf 82' lang='lat' dir='ltr'>m&#39;ln&#39;·</span> <span class='ocrx_word' id='word_1_159' title='bbox 1324 2330 1427 2389; x_wconf 77' lang='lat' dir='ltr'>funesta</span> <span class='ocrx_word' id='word_1_160' title='bbox 1447 2328 1487 2373; x_wconf 79' lang='lat' dir='ltr'>sed</span> <span class='ocrx_word' id='word_1_161' title='bbox 1578 2307 1585 2322; x_wconf 82' lang='grc'><strong>’</strong></span> 
     </span>
    </p>
   </div>
   <div class='ocr_carea' id='block_1_11' title="bbox 1269 2389 1484 2447">
    <p class='ocr_par' dir='ltr' id='par_1_12' title="bbox 1269 2389 1484 2447">
     <span class='ocr_line' id='line_1_21' title="bbox 1269 2389 1484 2447; baseline -0.023 -11"><span class='ocrx_word' id='word_1_162' title='bbox 1269 2422 1288 2436; x_wconf 92' lang='grc'>..</span> <span class='ocrx_word' id='word_1_163' title='bbox 1333 2389 1410 2447; x_wconf 71' lang='lat' dir='ltr'>logica</span> <span class='ocrx_word' id='word_1_164' title='bbox 1426 2401 1484 2446; x_wconf 82' lang='lat' dir='ltr'>qua-</span> 
     </span>
    </p>
   </div>
   <div class='ocr_carea' id='block_1_12' title="bbox 197 2418 1485 2504">
    <p class='ocr_par' dir='ltr' id='par_1_13' title="bbox 197 2418 1485 2504">
     <span class='ocr_line' id='line_1_22' title="bbox 197 2418 1485 2504; baseline -0.005 -18"><span class='ocrx_word' id='word_1_165' title='bbox 197 2423 333 2486; x_wconf 83' lang='lat' dir='ltr'>lismum</span> <span class='ocrx_word' id='word_1_166' title='bbox 346 2443 358 2484; x_wconf 93' lang='lat'><em>:</em></span> <span class='ocrx_word' id='word_1_167' title='bbox 375 2431 477 2484; x_wconf 87' lang='lat' dir='ltr'>tetras</span> <span class='ocrx_word' id='word_1_168' title='bbox 493 2421 629 2504; x_wconf 89' lang='lat' dir='ltr'>quidem</span> <span class='ocrx_word' id='word_1_169' title='bbox 653 2418 872 2504; x_wconf 89' lang='lat' dir='ltr'>funestasque</span> <span class='ocrx_word' id='word_1_170' title='bbox 893 2430 1015 2503; x_wconf 88' lang='lat' dir='ltr'>pestes,</span> <span class='ocrx_word' id='word_1_171' title='bbox 1031 2421 1089 2484; x_wconf 89' lang='lat' dir='ltr'>sed</span> <span class='ocrx_word' id='word_1_172' title='bbox 1105 2442 1189 2504; x_wconf 88' lang='lat' dir='ltr'>quas</span> <span class='ocrx_word' id='word_1_173' title='bbox 1205 2442 1250 2484; x_wconf 91' lang='lat' dir='ltr'>ex</span> <span class='ocrx_word' id='word_1_174' title='bbox 1267 2443 1307 2485; x_wconf 87' lang='lat' dir='ltr'>ns</span> <span class='ocrx_word' id='word_1_175' title='bbox 1333 2449 1390 2492; x_wconf 66' lang='lat' dir='ltr'>am</span> <span class='ocrx_word' id='word_1_176' title='bbox 1414 2447 1485 2492; x_wconf 53' lang='lat' dir='ltr'><em>dedu.</em></span> 
     </span>
    </p>
   </div>
   <div class='ocr_carea' id='block_1_13' title="bbox 198 2506 1486 2618">
    <p class='ocr_par' dir='ltr' id='par_1_14' title="bbox 198 2506 1486 2618">
     <span class='ocr_line' id='line_1_23' title="bbox 198 2506 1486 2618; baseline -0.004 -29"><span class='ocrx_word' id='word_1_177' title='bbox 198 2523 371 2609; x_wconf 89' lang='lat' dir='ltr'>principiis</span> <span class='ocrx_word' id='word_1_178' title='bbox 395 2523 581 2606; x_wconf 88' lang='lat' dir='ltr'>ingenerari</span> <span class='ocrx_word' id='word_1_179' title='bbox 609 2542 676 2587; x_wconf 92' lang='lat' dir='ltr'>non</span> <span class='ocrx_word' id='word_1_180' title='bbox 705 2525 809 2588; x_wconf 91' lang='lat' dir='ltr'>modo</span> <span class='ocrx_word' id='word_1_181' title='bbox 842 2533 1107 2588; x_wconf 90' lang='lat' dir='ltr'>consentaneum</span> <span class='ocrx_word' id='word_1_182' title='bbox 1135 2533 1217 2601; x_wconf 90' lang='lat' dir='ltr'>erat,</span> <span class='ocrx_word' id='word_1_183' title='bbox 1247 2527 1306 2590; x_wconf 92' lang='lat' dir='ltr'>sed</span> <span class='ocrx_word' id='word_1_184' title='bbox 1332 2506 1486 2618; x_wconf 50' lang='lat' dir='ltr'>‘fflsmuss‘f</span> 
     </span>
    </p>
   </div>
   <div class='ocr_carea' id='block_1_14' title="bbox 146 2624 1494 4269">
    <p class='ocr_par' dir='ltr' id='par_1_15' title="bbox 196 2624 1485 2919">
     <span class='ocr_line' id='line_1_24' title="bbox 196 2624 1485 2730; baseline 0.002 -40"><span class='ocrx_word' id='word_1_185' title='bbox 196 2647 303 2710; x_wconf 90' lang='lat' dir='ltr'>prope</span> <span class='ocrx_word' id='word_1_186' title='bbox 331 2627 564 2692; x_wconf 89' lang='lat' dir='ltr'>necessarium.</span> <span class='ocrx_word' id='word_1_187' title='bbox 590 2665 634 2676; x_wconf 91' lang='lat'>-—</span> <span class='ocrx_word' id='word_1_188' title='bbox 658 2627 759 2706; x_wconf 89' lang='lat' dir='ltr'>Sane,</span> <span class='ocrx_word' id='word_1_189' title='bbox 784 2628 811 2690; x_wconf 90' lang='lat' dir='ltr'>si</span> <span class='ocrx_word' id='word_1_190' title='bbox 839 2626 956 2711; x_wconf 90' lang='lat' dir='ltr'>religio</span> <span class='ocrx_word' id='word_1_191' title='bbox 979 2627 1146 2692; x_wconf 91' lang='lat' dir='ltr'>catholica</span> <span class='ocrx_word' id='word_1_192' title='bbox 1170 2629 1308 2712; x_wconf 90' lang='lat' dir='ltr'>impune</span> <span class='ocrx_word' id='word_1_193' title='bbox 1334 2624 1485 2730; x_wconf 50' lang='lat' dir='ltr'>mm·</span> 
     </span>
     <span class='ocr_line' id='line_1_25' title="bbox 197 2719 1426 2814; baseline 0.004 -22"><span class='ocrx_word' id='word_1_194' title='bbox 197 2730 355 2807; x_wconf 88' lang='lat' dir='ltr'>reiicitur,</span> <span class='ocrx_word' id='word_1_195' title='bbox 370 2729 465 2794; x_wconf 90' lang='lat' dir='ltr'>cuius</span> <span class='ocrx_word' id='word_1_196' title='bbox 491 2731 586 2812; x_wconf 91' lang='lat' dir='ltr'>origo</span> <span class='ocrx_word' id='word_1_197' title='bbox 611 2729 726 2794; x_wconf 87' lang='lat' dir='ltr'>divina</span> <span class='ocrx_word' id='word_1_198' title='bbox 750 2739 821 2794; x_wconf 90' lang='lat' dir='ltr'>tarn</span> <span class='ocrx_word' id='word_1_199' title='bbox 844 2731 1029 2795; x_wconf 89' lang='lat' dir='ltr'>illustribus</span> <span class='ocrx_word' id='word_1_200' title='bbox 1055 2741 1106 2795; x_wconf 89' lang='lat' dir='ltr'>est</span> <span class='ocrx_word' id='word_1_201' title='bbox 1131 2733 1308 2814; x_wconf 87' lang='lat' dir='ltr'>perspicua</span> <span class='ocrx_word' id='word_1_202' title='bbox 1334 2719 1426 2791; x_wconf 78' lang='lat' dir='ltr'>lism&#39;us·</span> 
     </span>
     <span class='ocr_line' id='line_1_26' title="bbox 197 2833 1308 2919; baseline 0.005 -23"><span class='ocrx_word' id='word_1_203' title='bbox 197 2833 313 2916; x_wconf 87' lang='lat' dir='ltr'>signis,</span> <span class='ocrx_word' id='word_1_204' title='bbox 327 2833 446 2915; x_wconf 91' lang='lat' dir='ltr'>quidni</span> <span class='ocrx_word' id='word_1_205' title='bbox 472 2834 642 2914; x_wconf 89' lang='lat' dir='ltr'>quaelibet</span> <span class='ocrx_word' id='word_1_206' title='bbox 667 2834 838 2917; x_wconf 88' lang='lat' dir='ltr'>religionis</span> <span class='ocrx_word' id='word_1_207' title='bbox 853 2835 960 2898; x_wconf 90' lang='lat' dir='ltr'>forma</span> <span class='ocrx_word' id='word_1_208' title='bbox 983 2834 1160 2915; x_wconf 90' lang='lat' dir='ltr'>reiiciatur,</span> <span class='ocrx_word' id='word_1_209' title='bbox 1186 2838 1308 2919; x_wconf 90' lang='lat' dir='ltr'>quibus</span> 
     </span>
    </p>

    <p class='ocr_par' dir='ltr' id='par_1_16' title="bbox 199 2936 1310 3022">
     <span class='ocr_line' id='line_1_27' title="bbox 199 2936 1310 3022; baseline 0.003 -20"><span class='ocrx_word' id='word_1_210' title='bbox 199 2939 284 3002; x_wconf 89' lang='lat' dir='ltr'>tales</span> <span class='ocrx_word' id='word_1_211' title='bbox 305 2936 512 3000; x_wconf 89' lang='lat' dir='ltr'>assentiendi</span> <span class='ocrx_word' id='word_1_212' title='bbox 529 2947 626 3000; x_wconf 88' lang='lat' dir='ltr'>notas</span> <span class='ocrx_word' id='word_1_213' title='bbox 647 2937 765 3002; x_wconf 88' lang='lat' dir='ltr'>abesse</span> <span class='ocrx_word' id='word_1_214' title='bbox 781 2937 910 3022; x_wconf 86' lang='lat' dir='ltr'>liquet?</span> <span class='ocrx_word' id='word_1_215' title='bbox 927 2939 963 3004; x_wconf 91' lang='lat' dir='ltr'>Si</span> <span class='ocrx_word' id='word_1_216' title='bbox 980 2939 1113 3003; x_wconf 88' lang='lat' dir='ltr'>animus</span> <span class='ocrx_word' id='word_1_217' title='bbox 1138 2960 1205 3004; x_wconf 91' lang='lat' dir='ltr'>non</span> <span class='ocrx_word' id='word_1_218' title='bbox 1223 2951 1310 3005; x_wconf 87' lang='lat' dir='ltr'>esta</span> 
     </span>
    </p>

    <p class='ocr_par' dir='ltr' id='par_1_17' title="bbox 199 3042 1309 3127">
     <span class='ocr_line' id='line_1_28' title="bbox 199 3042 1309 3127; baseline 0.002 -21"><span class='ocrx_word' id='word_1_219' title='bbox 199 3061 340 3124; x_wconf 88' lang='lat' dir='ltr'>corpore</span> <span class='ocrx_word' id='word_1_220' title='bbox 356 3053 476 3105; x_wconf 83' lang='lat' dir='ltr'>natura</span> <span class='ocrx_word' id='word_1_221' title='bbox 503 3042 689 3120; x_wconf 90' lang='lat' dir='ltr'>distinctus,</span> <span class='ocrx_word' id='word_1_222' title='bbox 704 3054 950 3127; x_wconf 88' lang='lat' dir='ltr'>proptereaque</span> <span class='ocrx_word' id='word_1_223' title='bbox 965 3043 1003 3122; x_wconf 89' lang='lat' dir='ltr'>si,</span> <span class='ocrx_word' id='word_1_224' title='bbox 1025 3044 1214 3110; x_wconf 88' lang='lat' dir='ltr'>intereunte</span> <span class='ocrx_word' id='word_1_225' title='bbox 1239 3065 1309 3109; x_wconf 88' lang='lat' dir='ltr'>cor-</span> 
     </span>
    </p>

    <p class='ocr_par' dir='ltr' id='par_1_18' title="bbox 200 3145 1312 3232">
     <span class='ocr_line' id='line_1_29' title="bbox 200 3145 1312 3232; baseline 0.005 -25"><span class='ocrx_word' id='word_1_226' title='bbox 200 3165 292 3230; x_wconf 88' lang='lat' dir='ltr'>pore,</span> <span class='ocrx_word' id='word_1_227' title='bbox 315 3165 393 3228; x_wconf 91' lang='lat' dir='ltr'>spes</span> <span class='ocrx_word' id='word_1_228' title='bbox 417 3146 491 3208; x_wconf 89' lang='lat' dir='ltr'>aevi</span> <span class='ocrx_word' id='word_1_229' title='bbox 518 3145 607 3210; x_wconf 86' lang='lat' dir='ltr'>beati</span> <span class='ocrx_word' id='word_1_230' title='bbox 634 3149 829 3230; x_wconf 89' lang='lat' dir='ltr'>aeternique</span> <span class='ocrx_word' id='word_1_231' title='bbox 855 3148 947 3212; x_wconf 91' lang='lat' dir='ltr'>nulla</span> <span class='ocrx_word' id='word_1_232' title='bbox 968 3155 1129 3230; x_wconf 89' lang='lat' dir='ltr'>superest,</span> <span class='ocrx_word' id='word_1_233' title='bbox 1150 3149 1232 3232; x_wconf 93' lang='lat' dir='ltr'>quid</span> <span class='ocrx_word' id='word_1_234' title='bbox 1249 3151 1312 3214; x_wconf 90' lang='lat' dir='ltr'>erit</span> 
     </span>
    </p>

    <p class='ocr_par' dir='ltr' id='par_1_19' title="bbox 199 3250 1312 3337">
     <span class='ocr_line' id='line_1_30' title="bbox 199 3250 1312 3337; baseline 0.004 -23"><span class='ocrx_word' id='word_1_235' title='bbox 199 3271 339 3316; x_wconf 86' lang='lat' dir='ltr'>caussae</span> <span class='ocrx_word' id='word_1_236' title='bbox 362 3250 582 3334; x_wconf 89' lang='lat' dir='ltr'>quamobrem</span> <span class='ocrx_word' id='word_1_237' title='bbox 598 3251 730 3316; x_wconf 89' lang='lat' dir='ltr'>labores</span> <span class='ocrx_word' id='word_1_238' title='bbox 747 3252 989 3336; x_wconf 89' lang='lat' dir='ltr'>molestiaeque</span> <span class='ocrx_word' id='word_1_239' title='bbox 1012 3254 1046 3316; x_wconf 93' lang='lat' dir='ltr'>in</span> <span class='ocrx_word' id='word_1_240' title='bbox 1071 3273 1111 3316; x_wconf 90' lang='lat' dir='ltr'>eo</span> <span class='ocrx_word' id='word_1_241' title='bbox 1127 3255 1312 3337; x_wconf 90' lang='lat' dir='ltr'>suscipian-</span> 
     </span>
    </p>

    <p class='ocr_par' dir='ltr' id='par_1_20' title="bbox 201 3353 1311 3436">
     <span class='ocr_line' id='line_1_31' title="bbox 201 3353 1311 3436; baseline 0.004 -18"><span class='ocrx_word' id='word_1_242' title='bbox 201 3369 265 3434; x_wconf 90' lang='lat' dir='ltr'>tur,</span> <span class='ocrx_word' id='word_1_243' title='bbox 287 3363 325 3418; x_wconf 92' lang='lat' dir='ltr'>ut</span> <span class='ocrx_word' id='word_1_244' title='bbox 347 3355 518 3436; x_wconf 87' lang='lat' dir='ltr'>appetitus</span> <span class='ocrx_word' id='word_1_245' title='bbox 541 3355 739 3419; x_wconf 88' lang='lat' dir='ltr'>obedientes</span> <span class='ocrx_word' id='word_1_246' title='bbox 763 3353 845 3420; x_wconf 88' lang='lat' dir='ltr'>liant</span> <span class='ocrx_word' id='word_1_247' title='bbox 878 3356 1025 3420; x_wconf 83' lang='lat' dir='ltr'>rationi?</span> <span class='ocrx_word' id='word_1_248' title='bbox 1049 3355 1228 3421; x_wconf 90' lang='lat' dir='ltr'>Summum</span> <span class='ocrx_word' id='word_1_249' title='bbox 1252 3358 1311 3422; x_wconf 93' lang='lat' dir='ltr'>ho·</span> 
     </span>
    </p>

    <p class='ocr_par' dir='ltr' id='par_1_21' title="bbox 202 3457 1313 3646">
     <span class='ocr_line' id='line_1_32' title="bbox 202 3457 1313 3540; baseline 0.002 -18"><span class='ocrx_word' id='word_1_250' title='bbox 202 3459 302 3523; x_wconf 91' lang='lat' dir='ltr'>minis</span> <span class='ocrx_word' id='word_1_251' title='bbox 334 3459 396 3522; x_wconf 90' lang='lat' dir='ltr'>erit</span> <span class='ocrx_word' id='word_1_252' title='bbox 428 3460 575 3540; x_wconf 85' lang='lat' dir='ltr'>positum</span> <span class='ocrx_word' id='word_1_253' title='bbox 603 3460 730 3523; x_wconf 92' lang='lat' dir='ltr'>bonum</span> <span class='ocrx_word' id='word_1_254' title='bbox 767 3461 800 3524; x_wconf 92' lang='lat' dir='ltr'>in</span> <span class='ocrx_word' id='word_1_255' title='bbox 828 3457 979 3523; x_wconf 83' lang='lat' dir='ltr'>fruendis</span> <span class='ocrx_word' id='word_1_256' title='bbox 1005 3460 1094 3524; x_wconf 91' lang='lat' dir='ltr'>vitae</span> <span class='ocrx_word' id='word_1_257' title='bbox 1124 3462 1313 3526; x_wconf 88' lang='lat' dir='ltr'>commodis</span> 
     </span>
     <span class='ocr_line' id='line_1_33' title="bbox 202 3561 1311 3646; baseline 0.002 -22"><span class='ocrx_word' id='word_1_258' title='bbox 202 3561 444 3645; x_wconf 91' lang='lat' dir='ltr'>potiundisque</span> <span class='ocrx_word' id='word_1_259' title='bbox 470 3562 712 3644; x_wconf 90' lang='lat' dir='ltr'>voluptatibus.</span> <span class='ocrx_word' id='word_1_260' title='bbox 739 3562 895 3646; x_wconf 88' lang='lat' dir='ltr'>Cumque</span> <span class='ocrx_word' id='word_1_261' title='bbox 922 3583 1024 3626; x_wconf 90' lang='lat' dir='ltr'>nemo</span> <span class='ocrx_word' id='word_1_262' title='bbox 1047 3583 1133 3626; x_wconf 92' lang='lat' dir='ltr'>unus</span> <span class='ocrx_word' id='word_1_263' title='bbox 1156 3565 1209 3642; x_wconf 89' lang='lat' dir='ltr'>sit,</span> <span class='ocrx_word' id='word_1_264' title='bbox 1231 3564 1311 3646; x_wconf 92' lang='lat' dir='ltr'>quin</span> 
     </span>
    </p>

    <p class='ocr_par' dir='ltr' id='par_1_22' title="bbox 202 3665 1313 3750">
     <span class='ocr_line' id='line_1_34' title="bbox 202 3665 1313 3750; baseline 0 -20"><span class='ocrx_word' id='word_1_265' title='bbox 202 3667 245 3730; x_wconf 87' lang='lat' dir='ltr'>ad</span> <span class='ocrx_word' id='word_1_266' title='bbox 270 3665 370 3730; x_wconf 88' lang='lat' dir='ltr'>beate</span> <span class='ocrx_word' id='word_1_267' title='bbox 393 3667 573 3730; x_wconf 89' lang='lat' dir='ltr'>vivendum</span> <span class='ocrx_word' id='word_1_268' title='bbox 601 3666 704 3750; x_wconf 92' lang='lat' dir='ltr'>ipsius</span> <span class='ocrx_word' id='word_1_269' title='bbox 728 3677 868 3732; x_wconf 86' lang='lat' dir='ltr'>naturae</span> <span class='ocrx_word' id='word_1_270' title='bbox 896 3667 1071 3730; x_wconf 90' lang='lat' dir='ltr'>admonitu</span> <span class='ocrx_word' id='word_1_271' title='bbox 1099 3667 1313 3750; x_wconf 88' lang='lat' dir='ltr'>impulsuque</span> 
     </span>
    </p>

    <p class='ocr_par' dir='ltr' id='par_1_23' title="bbox 146 3769 1313 3855">
     <span class='ocr_line' id='line_1_35' title="bbox 146 3769 1313 3855; baseline -0.001 -22"><span class='ocrx_word' id='word_1_272' title='bbox 146 3793 149 3798; x_wconf 93' lang='lat'>·</span> <span class='ocrx_word' id='word_1_273' title='bbox 204 3769 338 3848; x_wconf 90' lang='lat' dir='ltr'>feratur,</span> <span class='ocrx_word' id='word_1_274' title='bbox 362 3771 432 3834; x_wconf 92' lang='lat' dir='ltr'>iure</span> <span class='ocrx_word' id='word_1_275' title='bbox 462 3772 604 3854; x_wconf 90' lang='lat' dir='ltr'>quisque</span> <span class='ocrx_word' id='word_1_276' title='bbox 636 3772 823 3836; x_wconf 86' lang='lat' dir='ltr'>detraxerit</span> <span class='ocrx_word' id='word_1_277' title='bbox 854 3771 946 3855; x_wconf 92' lang='lat' dir='ltr'>quod</span> <span class='ocrx_word' id='word_1_278' title='bbox 979 3771 1100 3853; x_wconf 90' lang='lat' dir='ltr'>cuique</span> <span class='ocrx_word' id='word_1_279' title='bbox 1131 3771 1247 3852; x_wconf 91' lang='lat' dir='ltr'>possit,</span> <span class='ocrx_word' id='word_1_280' title='bbox 1276 3781 1313 3833; x_wconf 92' lang='lat' dir='ltr'>ut</span> 
     </span>
    </p>

    <p class='ocr_par' dir='ltr' id='par_1_24' title="bbox 204 3874 1313 3959">
     <span class='ocr_line' id='line_1_36' title="bbox 204 3874 1313 3959; baseline -0.002 -21"><span class='ocrx_word' id='word_1_281' title='bbox 204 3874 347 3939; x_wconf 90' lang='lat' dir='ltr'>aliorum</span> <span class='ocrx_word' id='word_1_282' title='bbox 370 3874 486 3957; x_wconf 89' lang='lat' dir='ltr'>spoliis</span> <span class='ocrx_word' id='word_1_283' title='bbox 508 3875 702 3940; x_wconf 84' lang='lat' dir='ltr'>facultatem</span> <span class='ocrx_word' id='word_1_284' title='bbox 720 3885 860 3959; x_wconf 85' lang='lat' dir='ltr'>quaerat</span> <span class='ocrx_word' id='word_1_285' title='bbox 883 3876 982 3940; x_wconf 92' lang='lat' dir='ltr'>beate</span> <span class='ocrx_word' id='word_1_286' title='bbox 996 3875 1140 3939; x_wconf 89' lang='lat' dir='ltr'>vivendi.</span> <span class='ocrx_word' id='word_1_287' title='bbox 1157 3874 1231 3937; x_wconf 91' lang='lat' dir='ltr'>Nec</span> <span class='ocrx_word' id='word_1_288' title='bbox 1254 3891 1313 3956; x_wconf 94' lang='lat' dir='ltr'>po·</span> 
     </span>
    </p>

    <p class='ocr_par' dir='ltr' id='par_1_25' title="bbox 204 3975 1494 4269">
     <span class='ocr_line' id='line_1_37' title="bbox 204 3975 1314 4057; baseline -0.005 -14"><span class='ocrx_word' id='word_1_289' title='bbox 204 3987 312 4043; x_wconf 89' lang='lat' dir='ltr'>testas</span> <span class='ocrx_word' id='word_1_290' title='bbox 342 3979 410 4042; x_wconf 89' lang='lat' dir='ltr'>ulla</span> <span class='ocrx_word' id='word_1_291' title='bbox 433 3976 544 4043; x_wconf 91' lang='lat' dir='ltr'>frenos</span> <span class='ocrx_word' id='word_1_292' title='bbox 575 3988 627 4043; x_wconf 91' lang='lat' dir='ltr'>est</span> <span class='ocrx_word' id='word_1_293' title='bbox 649 3979 807 4044; x_wconf 89' lang='lat' dir='ltr'>habitura</span> <span class='ocrx_word' id='word_1_294' title='bbox 839 3989 963 4057; x_wconf 88' lang='lat' dir='ltr'>tantos,</span> <span class='ocrx_word' id='word_1_295' title='bbox 985 3986 1023 4042; x_wconf 92' lang='lat' dir='ltr'>ut</span> <span class='ocrx_word' id='word_1_296' title='bbox 1055 3977 1136 4041; x_wconf 89' lang='lat' dir='ltr'>satis</span> <span class='ocrx_word' id='word_1_297' title='bbox 1159 3975 1314 4040; x_wconf 92' lang='lat' dir='ltr'>cohibere</span> 
     </span>
     <span class='ocr_line' id='line_1_38' title="bbox 205 4067 1492 4173; baseline -0.003 -28"><span class='ocrx_word' id='word_1_298' title='bbox 205 4083 363 4148; x_wconf 86' lang='lat' dir='ltr'>incitatas</span> <span class='ocrx_word' id='word_1_299' title='bbox 385 4083 588 4165; x_wconf 82' lang='lat' dir='ltr'>cupiditates</span> <span class='ocrx_word' id='word_1_300' title='bbox 610 4093 736 4166; x_wconf 90' lang='lat' dir='ltr'>queat;</span> <span class='ocrx_word' id='word_1_301' title='bbox 762 4102 972 4167; x_wconf 89' lang='lat' dir='ltr'>consequens</span> <span class='ocrx_word' id='word_1_302' title='bbox 999 4081 1088 4146; x_wconf 87' lang='lat' dir='ltr'>enirn</span> <span class='ocrx_word' id='word_1_303' title='bbox 1116 4089 1177 4156; x_wconf 88' lang='lat' dir='ltr'>est,</span> <span class='ocrx_word' id='word_1_304' title='bbox 1196 4089 1234 4144; x_wconf 87' lang='lat' dir='ltr'>nt</span> <span class='ocrx_word' id='word_1_305' title='bbox 1263 4079 1313 4142; x_wconf 87' lang='lat' dir='ltr'>vis</span> <span class='ocrx_word' id='word_1_306' title='bbox 1341 4067 1414 4173; x_wconf 41' lang='grc' dir='ltr'>,αξξ</span> <span class='ocrx_word' id='word_1_307' title='bbox 1422 4079 1492 4172; x_wconf 49' lang='lat'>5322}</span> 
     </span>
     <span class='ocr_line' id='line_1_39' title="bbox 205 4185 1494 4269; baseline -0.005 -17"><span class='ocrx_word' id='word_1_308' title='bbox 205 4187 380 4269; x_wconf 79' lang='lat' dir='ltr'>frangatur</span> <span class='ocrx_word' id='word_1_309' title='bbox 394 4185 507 4269; x_wconf 86' lang='lat' dir='ltr'>legum</span> <span class='ocrx_word' id='word_1_310' title='bbox 534 4196 569 4251; x_wconf 91' lang='lat' dir='ltr'>et</span> <span class='ocrx_word' id='word_1_311' title='bbox 594 4188 705 4252; x_wconf 91' lang='lat' dir='ltr'>omnis</span> <span class='ocrx_word' id='word_1_312' title='bbox 720 4188 914 4253; x_wconf 88' lang='lat' dir='ltr'>debilitetur</span> <span class='ocrx_word' id='word_1_313' title='bbox 929 4185 1122 4261; x_wconf 87' lang='lat' dir='ltr'>auctoritas,</span> <span class='ocrx_word' id='word_1_314' title='bbox 1138 4185 1164 4246; x_wconf 90' lang='lat' dir='ltr'>si</span> <span class='ocrx_word' id='word_1_315' title='bbox 1182 4203 1314 4246; x_wconf 90' lang='lat' dir='ltr'>summa</span> <span class='ocrx_word' id='word_1_316' title='bbox 1341 4186 1400 4232; x_wconf 71' lang='lat' dir='ltr'>tatis</span> <span class='ocrx_word' id='word_1_317' title='bbox 1421 4186 1494 4254; x_wconf 64' lang='lat' dir='ltr'>losse</span> 
     </span>
    </p>
   </div>
   <div class='ocr_carea' id='block_1_15' title="bbox 1339 4251 1494 4306">
    <p class='ocr_par' dir='ltr' id='par_1_26' title="bbox 1339 4251 1494 4306">
     <span class='ocr_line' id='line_1_40' title="bbox 1339 4251 1494 4306; baseline -0.032 -13"><span class='ocrx_word' id='word_1_318' title='bbox 1339 4251 1494 4306; x_wconf 76' lang='lat' dir='ltr'>compnmen·</span> 
     </span>
    </p>
   </div>
   <div class='ocr_carea' id='block_1_16' title="bbox 203 4289 1496 4376">
    <p class='ocr_par' dir='ltr' id='par_1_27' title="bbox 203 4289 1496 4376">
     <span class='ocr_line' id='line_1_41' title="bbox 203 4289 1496 4376; baseline -0.009 -20"><span class='ocrx_word' id='word_1_319' title='bbox 203 4303 309 4376; x_wconf 89' lang='lat' dir='ltr'>atque</span> <span class='ocrx_word' id='word_1_320' title='bbox 333 4299 469 4354; x_wconf 89' lang='lat' dir='ltr'>aeterna</span> <span class='ocrx_word' id='word_1_321' title='bbox 496 4291 582 4356; x_wconf 92' lang='lat' dir='ltr'>ratio</span> <span class='ocrx_word' id='word_1_322' title='bbox 609 4292 755 4356; x_wconf 91' lang='lat' dir='ltr'>iubentis</span> <span class='ocrx_word' id='word_1_323' title='bbox 782 4291 927 4357; x_wconf 89' lang='lat' dir='ltr'>vetantis</span> <span class='ocrx_word' id='word_1_324' title='bbox 951 4290 1016 4354; x_wconf 91' lang='lat' dir='ltr'>Dei</span> <span class='ocrx_word' id='word_1_325' title='bbox 1044 4289 1245 4370; x_wconf 89' lang='lat' dir='ltr'>repudietur.</span> <span class='ocrx_word' id='word_1_326' title='bbox 1263 4289 1315 4351; x_wconf 90' lang='lat' dir='ltr'>lta</span> <span class='ocrx_word' id='word_1_327' title='bbox 1341 4308 1381 4352; x_wconf 74' lang='lat' dir='ltr'>ros</span> <span class='ocrx_word' id='word_1_328' title='bbox 1412 4305 1496 4362; x_wconf 79' lang='lat' dir='ltr'>impar</span> 
     </span>
    </p>
   </div>
   <div class='ocr_carea' id='block_1_17' title="bbox 206 4363 1494 4481">
    <p class='ocr_par' dir='ltr' id='par_1_28' title="bbox 206 4363 1494 4481">
     <span class='ocr_line' id='line_1_42' title="bbox 206 4363 1494 4481; baseline -0.001 -21"><span class='ocrx_word' id='word_1_329' title='bbox 206 4394 394 4481; x_wconf 90' lang='lat' dir='ltr'>perturbari</span> <span class='ocrx_word' id='word_1_330' title='bbox 421 4393 573 4460; x_wconf 90' lang='lat' dir='ltr'>funditus</span> <span class='ocrx_word' id='word_1_331' title='bbox 598 4417 734 4461; x_wconf 89' lang='lat' dir='ltr'>necesse</span> <span class='ocrx_word' id='word_1_332' title='bbox 759 4407 810 4462; x_wconf 89' lang='lat' dir='ltr'>est</span> <span class='ocrx_word' id='word_1_333' title='bbox 835 4393 968 4460; x_wconf 91' lang='lat' dir='ltr'>civilem</span> <span class='ocrx_word' id='word_1_334' title='bbox 984 4391 1159 4458; x_wconf 90' lang='lat' dir='ltr'>hominum</span> <span class='ocrx_word' id='word_1_335' title='bbox 1176 4393 1315 4457; x_wconf 87' lang='lat' dir='ltr'>societa·</span> <span class='ocrx_word' id='word_1_336' title='bbox 1341 4369 1391 4472; x_wconf 50' lang='grc' dir='ltr'>ᾖξ’</span> <span class='ocrx_word' id='word_1_337' title='bbox 1444 4363 1494 4409; x_wconf 62' lang='lat'>&#39;⁰²‘</span> 
     </span>
    </p>
   </div>
   <div class='ocr_carea' id='block_1_18' title="bbox 302 4553 1255 4617">
    <p class='ocr_par' dir='ltr' id='par_1_29' title="bbox 302 4553 1255 4617">
     <span class='ocr_line' id='line_1_43' title="bbox 302 4553 1255 4617; baseline -0.002 -13"><span class='ocrx_word' id='word_1_338' title='bbox 302 4558 379 4605; x_wconf 78' lang='lat' dir='ltr'>Aera</span> <span class='ocrx_word' id='word_1_339' title='bbox 391 4555 492 4604; x_wconf 75' lang='lat' dir='ltr'>Leonis</span> <span class='ocrx_word' id='word_1_340' title='bbox 504 4557 575 4607; x_wconf 80' lang='lat' dir='ltr'>xm.</span> <span class='ocrx_word' id='word_1_341' title='bbox 1122 4553 1168 4603; x_wconf 93' lang='lat'>111.</span> <span class='ocrx_word' id='word_1_342' title='bbox 1182 4570 1255 4617; x_wconf 70' lang='lat'>-13,</span> 
     </span>
    </p>
   </div>
   <div class='ocr_carea' id='block_1_19' title="bbox 0 0 1687 4870">
    <p class='ocr_par' dir='ltr' id='par_1_30' title="bbox 0 0 1687 4870">
     <span class='ocr_line' id='line_1_44' title="bbox 0 0 1687 4870; baseline 0 0"><span class='ocrx_word' id='word_1_343' title='bbox 0 0 1687 4870; x_wconf 95' lang='lat' dir='ltr'> </span> 
     </span>
    </p>
   </div>
  </div>
 </body>
</html>
