3140 4866
162 933 187 982 l.
205 931 412 982 LITTERAE
434 931 720 993 neos'romcAE,
748 933 789 983 de
813 934 949 997 collegio
973 935 1167 988 clericorum

123 1019 350 1073 Bohemorum
361 1019 395 1068 ln
410 1018 495 1070 Urbe
507 1019 689 1074 condendo.
705 1043 740 1054 -
753 1019 767 1068 1
781 1019 920 1070 Januar.
938 1019 1020 1071 1890
1058 1057 1160 1074 ......
1220 1034 1231 1074 r

232 1108 353 1162 Munere
374 1123 507 1178 supremo
527 1110 657 1180 fungens,
677 1109 808 1166 Pontifex
829 1111 865 1166 de
887 1111 1062 1167 instituendo
1086 1114 1162 1168 clero

196 1185 341 1254 sollicitus,
353 1187 512 1257 praesertim
524 1188 560 1244 de
573 1189 700 1259 collegiis
713 1191 854 1244 variarum
876 1190 1025 1245 nationum
1058 1192 1161 1247 Romae

196 1267 363 1335 condendis,
379 1267 579 1326 auxiliantibus
595 1269 740 1326 Cardinali
749 1271 1022 1342 Archiep.Pragensi
1033 1283 1060 1327 et
1072 1275 1163 1344 lmpe-

197 1357 290 1402 ratore
301 1346 433 1414 Austriae,
446 1348 584 1418 Regeque
597 1350 752 1412 Bohemiae,
780 1351 932 1420 collegium
959 1351 1163 1422 Bohemorum,

198 1426 226 1480 in
237 1425 347 1497 privata
355 1426 442 1481 domo
452 1425 626 1496 inchoatum,
643 1429 671 1483 i‘n
681 1430 758 1484 aedes
766 1431 804 1484 ad
814 1431 842 1485 S.
853 1430 1016 1484 Franciscae
1025 1431 1165 1485 Romanae

195 1504 254 1560 suis
275 1505 433 1575 sumptibus
461 1508 641 1576 translatum,
663 1526 714 1579 spe
740 1509 851 1564 eximiae
871 1509 1027 1579 juventutis
1052 1509 1163 1578 ductus,

194 1601 307 1641 necnon
325 1586 411 1641 totius
432 1585 580 1642 Bohemiae
605 1588 677 1643 votis
694 1588 905 1656 obsecundans,
928 1587 1067 1643 canonice
1079 1589 1162 1658 erigit

198 1679 250 1720 1·2.
263 1694 299 1704 -
313 1664 460 1720 Bohemiae
485 1665 695 1738 Episcoporum
716 1684 784 1722 cura
797 1667 834 1722 sit
846 1667 950 1722 eodem
962 1667 1000 1722 ad
1020 1684 1163 1722 summum

194 1744 311 1815 triginta
326 1746 458 1799 alumnos
466 1745 597 1815 egregius
607 1747 738 1802 mittendi
751 1747 900 1815 3.—Ratio
910 1746 1068 1801 studiorum
1079 1757 1166 1818 atque

195 1843 307 1882 morum
314 1827 508 1882 instructionis
519 1828 603 1898 hujus
611 1829 722 1898 collegii
742 1829 911 1884 describitur
924 1844 947 1898 3.
959 1859 994 1869 -
1005 1830 1165 1885 Ordinandi

195 1905 302 1960 alumni
315 1922 333 1960 a
344 1906 488 1961 communi
501 1923 644 1962 canonum
656 1909 719 1977 lege
732 1908 891 1964 eximuntur
904 1922 958 1977 3·4
970 1907 1165 1980 —Collegium

200 1983 398 2038 Ut'bam'anum
407 2001 459 2054 pro
470 2002 572 2040 norma
584 1987 722 2041 habeatur
734 1987 801 2041 novi
815 1987 926 2056 collegii
937 2002 965 2052 ⁴3
976 2017 1011 2026 —-
1019 1989 1096 2058 quod
1110 1989 1165 2042 Bo·

196 2062 300 2117 hemiae
311 2063 463 2118 Antistites
477 2074 584 2132 regent,
595 2081 646 2134 per
659 2065 869 2120 moderatorem
882 2067 919 2120 ab
932 2065 1041 2121 eisdem
1062 2083 1164 2135 propo·

195 2140 330 2210 nendum,
344 2157 361 2194 a
373 2157 484 2196 summo
498 2159 565 2197 vero
580 2143 718 2197 Pontifice
731 2143 946 2212 instituendum,
956 2143 1032 2199 Huic
1045 2145 1163 2213 singulis

196 2219 280 2276 annis
291 2219 437 2290 regiminis
445 2222 585 2276 rationem
597 2221 774 2277 redditurum
782 2223 928 2288 4.-Adsit
938 2232 1090 2293 protector,
1101 2239 1165 2278 nec·

196 2317 255 2356 non
276 2299 413 2370 magister
431 2300 583 2370 pietatis4
604 2330 638 2339 -
662 2303 766 2356 Annua
786 2301 914 2357 subsidia
939 2302 1059 2370 collegio
1074 2303 1165 2357 Bobe-

197 2397 308 2436 morum
317 2379 510 2435 munificentia
520 2381 643 2434 Romani
655 2380 801 2437 Pontificis
810 2379 990 2450 assignantur
1000 2393 1023 2448 5.
1034 2381 1165 2435 —Coete·

196 2477 260 2516 rum
276 2459 432 2514 liberalitas
457 2459 606 2514 Bobemiae
615 2470 674 2514 tam
687 2460 793 2514 salubri
807 2460 885 2529 operi
899 2476 957 2513 non
970 2459 1091 2514 deluerit
1108 2471 1131 2528 5.

159 2570 191 2621 2.
217 2567 423 2620 LITTERAE
461 2567 732 2628 ENCYCLICAE,
774 2569 815 2618 ds
838 2567 1014 2630 praeolpuls
1039 2568 1168 2618 civium

129 2657 386 2711 christianorum
399 2654 627 2706 omens-10
640 2656 778 2707 dannan.
793 2653 883 2706 1800.

233 2744 399 2800 Posthabito
411 2743 552 2814 sapientia
564 2745 720 2800 christiana
738 2745 835 2800 omnia
845 2746 922 2800 mala
931 2745 1082 2801 imminent
1093 2746 1117 2799 6.
1132 2775 1167 2784 --

153 2851 156 2856 ·
196 2825 363 2894 Progressio
382 2824 411 2878 in
432 2825 532 2879 ordine
556 2825 704 2894 materiali,
724 2826 777 2881 etsi
805 2825 861 2880 hoc
892 2835 1022 2895 tempore
1055 2825 1166 2894 ingens,

194 2905 343 2961 hominem
354 2903 490 2960 adfinem
503 2922 594 2974 suurn,
608 2907 703 2960 Deum
716 2921 819 2974 nempe
839 2906 1070 2974 cognoscendum
1080 2917 1166 2975 atquc

193 2985 358 3050 amandum,
368 2984 722 3055 ducerenequit6.-1dem
733 2985 847 3040 valetde
860 2984 997 3040 societate
1005 2985 1167 3054 6.-Quare

193 3065 318 3121 societas
340 3073 456 3119 externa
476 3065 645 3134 provehens,
668 3065 719 3120 sed
740 3064 909 3133 religionem
928 3065 1085 3133 negligens,
1108 3079 1166 3118 non

193 3159 264 3198 vera
288 3142 410 3198 societas
429 3143 562 3198 habenda
583 3153 626 3198 est
644 3143 670 3197 6.
682 3173 716 3183 -
730 3143 837 3210 Hodie,
858 3160 915 3213 quo
941 3144 1033 3212 magis
1064 3140 1167 3197 crescit

193 3239 263 3278 cura
274 3237 369 3276 rerum
380 3222 578 3293 corporalium,
591 3239 625 3276 eo
638 3221 732 3277 minor
742 3221 772 3276 lit
780 3221 925 3292 religionis
934 3221 1167 3286 sollicitud07.-

196 3302 269 3357 lnde
290 3299 400 3371 injuriae
420 3299 486 3355 fidei
506 3301 668 3356 christianae
677 3301 789 3371 publice
816 3301 903 3355 illatae
922 3314 947 3366 7.
962 3329 996 3339 -
1020 3299 1092 3354 Inde
1110 3297 1166 3353 dis·

194 3379 474 3448 criminahominum,
482 3379 685 3450 civitatumque
694 3394 718 3446 7.
729 3379 831 3434 -Vim
841 3379 933 3434 ordini
942 3377 1048 3434 tuendo
1058 3381 1168 3447 absque

192 3458 456 3528 religionisvinculo
465 3461 603 3528 imparem
613 3459 860 3529 esse,gravesjam
870 3475 954 3512 casus
965 3457 1088 3512 docuere
1101 3471 1165 3523 7.-

195 3541 301 3610 Quare,
321 3549 350 3593 ut
364 3537 497 3593 redeatur
518 3547 579 3593 tum
603 3539 632 3592 in
655 3540 766 3608 privata
786 3538 853 3605 vita,
878 3548 939 3592 tum
961 3537 988 3590 in
1002 3538 1117 3606 publica
1129 3535 1166 3591 ad

194 3615 380 3672 christianam
400 3616 579 3688 sapientiam,
592 3617 637 3671 his
652 3617 765 3672 Litteris
788 3615 919 3671 Pontifex
943 3615 1038 3670 officia
1069 3615 1167 3670 catho-

194 3696 315 3750 licorum
326 3695 488 3750 describere
501 3695 621 3750 intendit
634 3710 658 3762 7.

232 3773 381 3842 Catholici,
403 3775 460 3830 fide
486 3786 627 3844 suscepta,
650 3775 846 3845 Ecclesiaeque
858 3791 908 3845 per
935 3774 1028 3843 ipsam
1053 3771 1167 3838 subditi,

195 3853 290 3907 officia
301 3853 355 3907 sibi
363 3855 478 3924 propria
486 3869 636 3924 suscepere
650 3853 673 3908 8.
684 3881 720 3892 -
731 3853 780 3907 Uti
795 3853 865 3907 civis
875 3862 1019 3908 terrenam
1032 3849 1162 3922 patriam,

196 3931 245 4000 ita,
257 3931 315 3986 imo
327 3932 428 4001 magis,
448 3931 605 3986 catholicus
631 3930 792 3986 Ecclesiam
805 3931 923 4000 diligere
936 3931 1031 3998 debet,
1044 3929 1168 3999 patriam

195 4010 349 4078 caelestem,
368 4009 396 4064 in
413 4010 495 4065 terris
509 4009 738 4081 peregrinantem
752 4010 820 4063 8.-
834 4012 962 4081 Uterque
974 4025 1055 4065 amor
1073 4025 1091 4063 a
1104 4009 1168 4063 Deo

196 4098 312 4143 auctore
323 4098 376 4158 est,
388 4089 510 4162 ideoque
524 4091 622 4158 nequit
646 4090 717 4143 alter
741 4105 807 4144 cum
838 4089 929 4143 altero
952 4104 1080 4158 pugnare
1093 4086 1118 4140 8.
1132 4115 1167 4125 -

198 4167 329 4237 Pugnant
341 4177 437 4224 tamen
457 4169 620 4238 aliquando,
639 4169 716 4236 dum,
735 4185 770 4223 ex
782 4169 865 4238 culpa
888 4167 1052 4237 reipublicae
1077 4177 1167 4220 recto·

197 4263 269 4314 rum,
279 4248 349 4302 ordo
359 4247 432 4303 inter
445 4257 593 4318 utrumque
606 4247 773 4318 pervertitur
786 4248 840 4316 8-9.
849 4277 883 4287 -
897 4247 1007 4316 Quibus
1020 4246 1049 4300 in
1055 4243 1168 4300 casibus

198 4325 263 4381 Deo
284 4327 476 4382 obediendum
509 4327 600 4396 magis
612 4343 699 4397 quam
712 4327 875 4382 hominibus
884 4341 909 4392 9.
931 4355 966 4365 -
986 4325 1058 4380 Haec
1092 4324 1169 4380 nullo

197 4404 283 4460 modo
294 4405 396 4462 seditio
407 4416 451 4461 est
461 4421 485 4476 p
496 4436 533 4446 -
545 4407 623 4462 Nam
636 4406 716 4461 deest
729 4407 893 4477 reipublicae
901 4405 1027 4474 legitima
1039 4413 1167 4474 potestas
