3172 4874
273 1561 291 1611 J
295 1515 367 1604 tir'rll

286 1613 351 1670 1891.

244 1903 391 1948 uniuersita-

244 1965 289 2005 dm
356 1977 382 2004 (tl
387 1987 394 1998 ·

244 2019 357 2064 tholt'caur

246 2079 346 2124 Orrawoe

241 2139 371 2188 conditam.

617 1519 691 1584 UM
719 1520 826 1586 Nobis
851 1521 1082 1587 Romanorum
1110 1522 1313 1589 Pontificum
1340 1525 1499 1608 praedeces

482 1627 552 1784 C
638 1643 751 1688 sorum
768 1624 968 1690 Nostrorum
985 1626 1134 1708 vestigiis
1152 1627 1405 1694 inhaerentibus
1418 1627 1498 1710 potius

244 1737 333 1826 mo?
353 1724 398 1828 ἐξ
421 1513 609 1894 {U}
638 1727 720 1792 nihil
752 1729 795 1794 sit
825 1736 941 1816 atque
956 1729 1136 1813 antiquius,
1165 1750 1269 1814 quam
1300 1743 1340 1796 ut
1370 1729 1499 1796 catholica

601 394 604 395 ⁷
632 394 636 399 =
670 396 674 399 ι
707 396 712 401 ·
743 396 748 403 s
780 396 786 403 .
818 398 821 401 s
854 398 857 403 .
1026 400 1027 403 ,
1489 403 1493 407 ,

433 438 435 447 κ
457 415 917 440 ιιιιιιιιιιιιιιιιιιιιιιιιιιιιιιιιιιιιι
918 416 922 419 “
923 428 1475 447 ιιιιιιιιιιιιιιιιιιιιιιιιιιιιιιιιιιιιιιιιιιιι

436 444 445 473 '¹
455 442 463 479 z
472 443 1466 470 m.
1475 462 1491 485 ⁸¹.

579 503 907 589 mersum:
933 509 1377 595 apostoncae

617 815 981 880 npnnoauurun
1010 819 1342 881 recursurum
1489 906 1492 911 k

425 1094 462 1216 j}
495 1117 733 1180 cuuourcr
757 1117 1067 1182 carnot-reas
1084 1119 1454 1181 uu1vensrrnr1s
1478 1126 1492 1207 ζ

638 1832 792 1896 iuventus
808 1831 945 1913 optimis
960 1831 1157 1898 informetur
1172 1835 1419 1917 disciplinis,ad
1433 1833 1498 1896 nobi·

421 1939 505 2003 liora
531 1935 704 2019 religiosae
730 1935 763 1998 in
790 1935 907 2000 litteris
937 1955 976 2000 ac
1007 1937 1154 2001 scientiis
1166 1939 1284 2003 institu
1297 1939 1401 2003 tionis
1424 1937 1497 2018 lycea

419 2061 506 2127 quae
522 2053 555 2105 et
571 2041 747 2106 doctorum
765 2040 969 2122 praestantia
990 2051 1025 2105 et
1047 2041 1237 2106 auditorum
1256 2037 1497 2126 frequentiam·

419 2154 522 2223 teant,
547 2145 770 2228 cogitationes
794 2163 956 2228 curasque
983 2143 1124 2210 Nostras
1147 2145 1324 2210 intendere
1349 2165 1408 2230 pro
1427 2163 1455 2206 re
1471 2157 1496 2204 ac

419 2263 570 2337 tempore
596 2251 789 2336 satagimus.
822 2251 897 2315 Hac
930 2259 1042 2316 mente
1072 2251 1261 2335 conlegium
1292 2253 1330 2316 in
1360 2248 1496 2334 praeclm

419 2357 625 2426 Canadensis
652 2356 796 2439 regionis
820 2357 909 2434 urbe,
935 2356 988 2420 cui
1014 2356 1151 2438 vulgare
1175 2375 1301 2420 nomen
1320 2368 1340 2421 t
1358 2355 1494 2423 omna»

416 2463 482 2526 iam
511 2461 589 2526 inde
613 2461 657 2524 ab
683 2477 773 2524 anno
792 2459 874 2539 1848
890 2457 1077 2536 fundatum,
1093 2459 1382 2544 amplioribusque
1406 2455 1496 2522 indie

414 2567 584 2642 continuo,
618 2582 678 2628 nec
709 2563 905 2628 intermissis
936 2583 1084 2646 unquam
1115 2564 1332 2628 incrementis
1362 2569 1495 2628 ornatura

413 2671 556 2751 ideoque
571 2688 661 2732 anno
681 2667 764 2730 1866
778 2688 799 2731 a
814 2687 971 2750 supremo
998 2667 1135 2750 legifero
1150 2667 1294 2732 concilio
1315 2659 1495 2734 Canadensis

413 2773 558 2857 regionis
573 2773 709 2836 nomine
725 2779 759 2834 et
774 2771 900 2835 iuribus
923 2771 1146 2836 universitatis
1160 2770 1268 2836 civilis
1284 2783 1429 2845 auctum,
1445 2783 1495 2848 pre-

413 2877 507 2942 cibus
522 2873 755 2958 suffragiisque
771 2887 955 2939 annuentes
981 2875 1166 2961 Praepositi
1192 2875 1361 2958 generalis
1377 2873 1494 2952 Congrt

413 2981 559 3066 gationis
584 2979 785 3047 Oblatorum
811 2979 938 3044 Mariae
956 2980 1205 3058 immaculatae,
1221 2981 1275 3044 cui
1299 2981 1391 3045 idem
1412 2974 1494 3041 oonle·

413 3087 505 3170 mum
522 3084 750 3148 concreditum
766 3093 826 3162 est,
841 3093 875 3148 et
890 3085 1066 3150 doctorum
1082 3085 1187 3169 ipsius
1212 3082 1360 3166 conlegii
1374 3076 1494 3147 deuna·

412 3190 504 3266 lium,
515 3207 577 3252 nec
593 3207 660 3252 non
671 3187 882 3252 Venerabilis
898 3186 1024 3252 Fratris
1039 3187 1295 3270 Archiepiscopi
1308 3179 1493 3252 Ottawensis,

411 3315 470 3379 per
485 3294 613 3360 litteras
624 3291 849 3376 Apostolicae,
860 3313 946 3377 quae
959 3293 1123 3376 incipiunt
1139 3291 1372 3376 (Apostolica
1384 3288 1491 3355 sedes»

410 3418 501 3462 anno
514 3399 598 3480 1889
608 3397 713 3474 datas,
726 3397 891 3480 dignitate
903 3417 942 3461 ac
958 3397 1083 3462 iuribus
1095 3395 1281 3461 catholicae
1292 3384 1492 3459 universitatis

411 3502 649 3565 decoravimus.
674 3499 847 3564 Nonnulla
863 3500 999 3584 insuper
1014 3499 1192 3564 statuimus
1208 3497 1252 3563 ad
1268 3497 1375 3580 ipsius
1390 3493 1492 3558 univer·

411 3602 518 3667 sitatis
543 3604 669 3668 bonurn
695 3603 858 3685 perutilia,
882 3623 920 3667 ac
943 3604 1188 3687 perpendentes
1218 3601 1262 3667 ad
1294 3585 1491 3663 universitatis

410 3706 666 3790 prosperitatem
697 3726 735 3770 ac
765 3706 867 3771 decus
898 3707 1078 3790 plurimum
1117 3706 1277 3770 interesse
1313 3721 1387 3767 eam
1416 3693 1490 3802 rectit

409 3813 564 3895 aptisque
588 3810 717 3894 legibus
744 3812 924 3894 prudenter
954 3811 1081 3889 instrui,
1110 3811 1232 3894 quibus
1262 3809 1334 3873 eius
1364 3796 1489 3908 regimill

408 3928 598 3998 opportune
634 3913 870 3992 consuleretur,
907 3915 1063 3979 iussimus
1099 3924 1136 3979 ut
1174 3911 1262 3977 illius
1293 3904 1488 3976 universitate

408 4027 537 4084 statuta
552 4028 586 4083 et
602 4017 692 4100 leges
709 4018 927 4100 Apostolicae
943 4019 1020 4082 huic
1036 4017 1117 4084 Sedi
1142 4018 1252 4100 primo
1276 4029 1405 4100 quoque
1424 4016 1487 4114 ϊεῠξ·

408 4142 490 4204 pore
507 4121 756 4200 exhiberentur,
777 4141 854 4205 quo,
869 4121 908 4185 iis
925 4131 1055 4186 mature
1081 4109 1485 4193 examinatis,auctoritat1⁵

409 4225 556 4288 Nostrae
586 4225 687 4289 robur
716 4226 945 4290 adiiceremus.
979 4225 1144 4291 Mandato
1173 4223 1252 4288 huic
1290 4219 1407 4284 Nostro
1432 4220 1483 4271 tun

411 4323 621 4390 Venerabilis
648 4327 765 4391 Frater
780 4327 985 4394 Ottawensis
1001 4328 1165 4404 Antistes,
1185 4337 1258 4392 tum
1274 4323 1407 4389 dilectus
1419 4312 1483 4376 filus

412 4425 636 4492 universitatis
651 4439 855 4496 memoratae
867 4443 974 4496 rector
987 4453 1092 4515 nuper
1103 4429 1374 4504 obsecundantes,
1384 4423 1483 4485 statuta
