3230 4874
339 748 387 808 ad
411 748 565 807 Petrum
590 747 795 820 Iosephum
823 743 1049 816 Episcopum

535 918 860 990 viglevanensem.

1306 1302 1401 1353 IUNII

182 1227 561 1302 fflffittRAVHER
588 1225 797 1307 molesteque
813 1223 951 1287 tulimus
978 1221 1119 1286 allatum
1145 1220 1253 1286 Nobis
1347 1257 1365 1302 3

141 1232 331 1604 {IV-lg
360 1338 518 1402 nuncium
532 1337 575 1402 de
587 1337 680 1419 gravi
693 1335 898 1400 contumelia
908 1335 969 1398 tibi
983 1333 1139 1417 irrogata,
1149 1351 1252 1416 quum
1323 1353 1389 1413 1890.

307 1455 332 1523 le
359 1457 496 1530 propter
520 1447 604 1510 sacri
622 1445 770 1509 muneris
785 1445 834 1509 tui
855 1443 1122 1527 perfunctionem
1139 1463 1252 1506 coram
1292 1463 1431 1510 ortamn-

258 1525 334 1601 ἢ
357 1555 444 1618 laico
458 1555 656 1637 magistratu
669 1553 859 1637 quaestioni
871 1553 1042 1617 obnoxius
1055 1552 1155 1630 suisti,
1167 1573 1254 1634 quae
1276 1596 1352 1642 grav,
1366 1581 1431 1640 ,ry-u.

140 1663 185 1726 de
201 1661 364 1743 suspectis
389 1660 538 1724 criminis
554 1660 670 1725 haberi
686 1661 781 1726 solet.
797 1659 905 1724 Dolor
931 1669 1055 1738 autom,
1071 1678 1171 1741 quem
1196 1668 1255 1724 tua
1280 1641 1432 1760 '‘amsa‘'

140 1789 261 1836 caussa
272 1773 430 1854 cepimus,
442 1792 483 1836 eo
494 1771 556 1836 suit
571 1771 722 1836 acerbior
733 1773 824 1853 quod
841 1771 1041 1854 episcopalis
1056 1771 1204 1853 dignitas
1220 1771 1252 1834 in
1279 1758 1431 1879 Wp'sslfslfsna

140 1889 175 1944 te
201 1880 388 1944 laederetur
412 1891 446 1946 et
470 1902 595 1946 novum
620 1890 824 1965 suppeteret,
848 1879 943 1943 triste
972 1879 1062 1956 satis,
1093 1879 1253 1944 indicium
1276 1881 1346 1998 ἐξὲξ
1369 1879 1431 1923 ‘'mv-

139 1991 233 2054 dirae
262 1993 502 2072 insectationis,
526 2014 592 2076 qua
620 1996 652 2057 in
682 1992 779 2056 ltalia
800 1991 1012 2056 conflictatur
1036 1991 1194 2056 Ecclesia.
1211 2029 1255 2040 -

142 2100 246 2166 Lenit
276 2112 390 2169 tamen
418 2105 663 2188 aegritudinem
690 2103 851 2168 Nostram
877 2099 1038 2184 cogitatio
1063 2099 1255 2181 effectuum,

142 2231 228 2294 quos
253 2233 388 2278 necesse
413 2226 463 2281 est
487 2216 565 2280 oriri
596 2235 641 2280 ex
666 2213 858 2279 huiusmodi
886 2213 1069 2276 vexatione
1095 2214 1253 2278 adversos
1314 2248 1431 2294 Em,

139 2321 290 2386 conciliis
306 2324 482 2391 hominum
506 2327 563 2409 qui
580 2346 654 2390 eam
683 2324 876 2388 intulerunt.
896 2323 974 2406 Quo
990 2323 1079 2386 enim
1096 2325 1252 2407 explora·
1280 2311 1360 2412 {523¹
1377 2308 1431 2425 ᾖξ’

139 2431 207 2495 tior
223 2431 260 2498 fit
276 2434 400 2500 iniusta
415 2436 474 2514 vis,
489 2456 557 2518 qua
580 2436 685 2500 saevit
711 2436 744 2498 in
769 2435 954 2499 Ecclesiam
972 2433 1078 2498 civilis
1094 2444 1253 2518 potestas,
1278 2425 1431 2541 ζζζξζὲῗοη,

139 2560 228 2623 quae
253 2541 326 2625 ipsa
347 2546 573 2610 conscientiae
590 2566 713 2610 arcana
737 2545 913 2610 contendit
936 2564 1111 2609 accensere
1133 2545 1254 2609 ditioni
1278 2542 1430 2658 mmm·

140 2671 223 2714 suae
239 2665 398 2737 metuque
415 2675 598 2738 poenarum
615 2655 782 2720 deterrere
807 2657 850 2720 ab
873 2654 984 2720 officio
1006 2655 1254 2738 dispensatores
1281 2663 1411 2708 '‘seranda-

143 2764 379 2844 mysteriorum
398 2765 473 2843 Dci,
488 2787 529 2830 eo
556 2767 661 2850 liquet
677 2767 825 2850 apertius
847 2787 949 2851 qnam
967 2766 1146 2848 impudens
1163 2785 1254 2832 men·

141 2873 276 2937 dacium
293 2875 346 2954 sit,
355 2896 422 2958 quo
439 2877 609 2961 religionis
621 2877 735 2943 hostes
748 2899 821 2943 sese
834 2881 941 2942 iustae
953 2877 1117 2942 libertatis
1129 2879 1256 2942 iactant

141 2985 340 3064 adsertores,
352 2996 386 3051 et
397 3007 498 3069 quam
512 2989 623 3053 irritus
636 3010 750 3054 eorum
763 3000 904 3054 conatus
919 2999 955 3054 ut
968 2999 1104 3055 sanctae
1117 2988 1256 3054 militiae

142 3094 269 3161 Christi
285 3099 473 3180 proditores
491 3100 614 3166 iaciant
629 3104 688 3186 qui
704 3123 776 3167 sese
793 3103 838 3166 illi
855 3101 1028 3167 addixere.

190 3207 237 3272 Hi
253 3211 353 3287 enirn,
370 3209 445 3274 Deo
464 3212 663 3294 opitulante,
688 3233 797 3297 neque
822 3213 922 3277 minis
946 3213 1067 3276 cedent
1089 3229 1197 3292 neque
1213 3211 1256 3274 ab

141 3313 254 3380 officio
278 3317 472 3397 descissent,
499 3341 621 3386 novam
649 3323 718 3388 imo
744 3343 764 3387 e
791 3321 895 3386 nobili
926 3321 1111 3385 certamine
1141 3320 1254 3401 adepti

141 3426 284 3510 gloriam
309 3430 463 3511 gestient,
486 3431 730 3514 Apostolorum
756 3434 870 3512 instar,
894 3433 1020 3516 quippe
1050 3449 1092 3494 eo
1119 3428 1255 3491 nomine

142 3540 234 3620 quod
252 3537 327 3602 Deo
344 3541 514 3620 pamerint
529 3541 622 3625 digni
638 3543 745 3608 habiti
761 3544 829 3609 sint
844 3540 1082 3608 contumeliam
1101 3537 1179 3619 pati.

188 3647 301 3712 Macte
318 3649 418 3731 igitur
433 3651 556 3727 animo,
572 3653 784 3717 Venerabilis
806 3653 932 3730 Frater,
948 3652 1088 3733 Nosque
1104 3647 1164 3712 tibi
1180 3663 1265 3729 gra-¹
1309 3674 1434 3719 Hortatur

142 3758 242 3823 tulari
255 3759 355 3824 sinito
367 3781 428 3842 pro
443 3763 643 3829 sacerdotali
661 3763 734 3828 zelo
748 3773 782 3828 et
797 3762 988 3827 constantia
1003 3781 1070 3844 qua
1087 3757 1255 3842 pastorale
1281 3733 1432 3851 3ssssssss

144 3868 365 3932 ministerium
391 3870 485 3934 obis:
510 3891 613 3953 quam
641 3884 776 3937 strenue
803 3871 905 3935 iniisti
933 3873 1022 3936 viam
1053 3889 1093 3933 ea
1123 3865 1256 3951 pergito
1281 3857 1431 3964 :munz

142 3966 306 4056 alacriter,
333 3999 416 4044 neve
439 3979 611 4046 molestias
636 3981 832 4047 reformides
856 4001 939 4063 quas
963 3980 1024 4043 tibi
1049 3979 1133 4044 sorte
1155 3978 1256 4041 viset
1280 3970 1433 4076 mss*

144 4090 295 4174 nequitia
309 4091 484 4156 hominurn
507 4092 617 4156 adhuc
633 4093 696 4156 erit
721 4094 873 4157 allatura.
896 4090 1040 4173 Erigant
1055 4100 1089 4154 te
1104 4097 1254 4154 veterum
1280 4091 1330 4136 ster.

142 4203 301 4286 exempla
328 4202 477 4268 fidelium
505 4203 694 4286 dequibus
719 4203 800 4267 illud
829 4202 990 4268 traditum
1006 4211 1056 4264 est
1076 4197 1196 4282 <quod
1219 4196 1255 4261 in

144 4311 247 4376 multo
260 4311 473 4396 experimento
499 4310 724 4376 tribulationis
738 4309 945 4375 abundantia
966 4307 1090 4393 gaudii
1112 4307 1255 4390 r'psmum

134 4426 237 4508 fuit:
256 4438 271 4491 a
292 4425 397 4506 erigat
414 4443 489 4506 spes
506 4422 667 4487 mercedis
683 4421 910 4505 amplissimae
935 4418 1101 4483 manentis
1118 4437 1175 4483 eos
1198 4417 1256 4499 qui
