3336 4870
346 425 350 432 ,
378 346 447 432 196
499 364 692 417 cirtense
721 362 878 416 sueves.
910 350 931 381 “
951 365 1134 420 exnuurs
1161 367 1232 420 mu
1259 367 1368 421 nuno
1386 404 1407 434 „

197 537 279 644 m
317 539 348 586 12'·
373 547 475 623 atque
490 539 554 604 hoc
570 539 687 604 ordine
702 549 880 622 generatus
901 541 1012 621 homo,
1022 551 1059 608 ut
1074 544 1207 610 animus
1219 545 1397 629 imperaret
1412 565 1483 610 cor-

274 633 279 651 '
373 643 457 724 pori,
471 642 641 726 appetitus
657 651 770 706 mente
782 643 989 730 consilioque
1001 657 1195 730 regerentur
1209 673 1216 714 :
1232 669 1339 732 eoque
1355 649 1401 726 fit,
1416 669 1482 714 non

371 743 495 807 dedere
510 764 547 808 se
578 745 733 828 pessimis
759 745 906 811 dominis
921 748 1171 832 cupiditatibus,
1197 750 1485 834 praestantissima

222 859 326 904 vntum
371 847 414 911 sit
430 848 649 931 maximeque
670 850 821 932 optanda
836 851 983 918 libertas.
1009 889 1053 902 -
1076 855 1252 919 Praeterea
1276 855 1309 919 in
1326 855 1399 938 ipsa
1422 853 1482 918 bu-

235 932 318 964 m*
371 952 461 1014 mani
472 952 603 1033 generis
614 951 776 1016 societate
788 973 854 1018 non
868 963 1009 1038 apparet
1019 957 1101 1039 quid
1111 958 1284 1041 expectari
1296 958 1340 1023 ab
1348 957 1485 1022 homine

369 1053 442 1116 sine
458 1053 521 1117 hac
548 1055 651 1118 animi
668 1052 846 1120 affectione
876 1059 991 1141 possit.
1009 1059 1176 1125 Utrumne
1207 1059 1338 1126 iuturus
1362 1068 1414 1124 est
1439 1058 1483 1122 ad

368 1156 453 1220 bene
470 1159 664 1222 merendum
692 1179 892 1241 propensus,
908 1163 964 1245 qui
996 1161 1160 1240 iacienda,
1187 1163 1357 1247 fugienda,
1373 1162 1482 1226 metiri

369 1279 482 1324 amore
509 1263 561 1325 sui
587 1263 823 1328 consueverit?
850 1264 928 1329 Non
946 1268 1181 1349 magnanimus
1206 1267 1384 1350 quisquam
1411 1284 1484 1328 esse

367 1371 489 1444 potest,
515 1383 583 1428 non
610 1363 790 1443 beneficus,
816 1387 884 1430 non
911 1368 1108 1447 misericors,
1135 1389 1202 1434 non
1219 1369 1402 1443 abstinens,
1423 1363 1481 1448 qui

370 1486 435 1530 non
454 1468 582 1550 seipse
608 1471 741 1560 vincere
765 1471 929 1550 didicerit,
955 1482 1057 1556 atque
1084 1472 1233 1538 humana
1257 1472 1372 1537 omnia
1400 1487 1484 1552 prae

369 1573 492 1638 virtute
519 1585 742 1640 contemnere.
774 1613 818 1625 —
844 1577 917 1640 Nec
941 1577 1125 1656 silebimus,
1149 1578 1182 1642 id
1211 1577 1350 1642 omnino
1376 1572 1481 1639 videri

224 1681 281 1726 Hac
306 1681 343 1726 lv·
368 1677 483 1740 divino
507 1679 678 1760 provisum
705 1680 854 1758 consilio,
870 1689 907 1743 ut
923 1681 1015 1745 nulla
1038 1681 1146 1746 afferri
1172 1681 1262 1746 salus
1277 1676 1485 1748 hominibus,

192 1745 335 1844 ‘librili
369 1780 431 1843 nisi
447 1801 524 1846 cum
541 1782 757 1846 contentione
781 1793 815 1847 et
834 1784 950 1848 dolore
966 1794 1075 1869 queat.
1093 1785 1223 1850 Revera
1243 1785 1271 1848 si
1292 1783 1384 1847 Deus
1400 1779 1482 1844 libe·

192 1857 277 1902 diuino
305 1873 344 1904 ca·
424 1885 431 1898 ·
845 1887 853 1900 .
947 1889 956 1902 .
1121 1889 1130 1903 .
1342 1887 1350 1901 .
1446 1883 1455 1900 .

188 1917 343 1976 ,ih-„m
369 1892 533 1948 rationem
550 1886 669 1968 culpae
696 1895 730 1949 et
754 1897 853 1951 errati
880 1907 1013 1952 veniam
1038 1888 1214 1954 hommum
1236 1907 1350 1972 generi
1375 1884 1485 1962 dedu,

192 1977 287 2029 “mm'’
368 1987 431 2050 hac
459 1987 531 2072 lege
558 1989 662 2066 dedit,
688 1997 725 2051 ut
758 1989 962 2073 Unigenitus
989 2013 1068 2057 suus
1098 2013 1224 2075 poenas
1255 1993 1316 2057 sibi
1346 1989 1481 2055 debitas

368 2089 539 2174 iustasque
577 2089 788 2175 persolveret.
822 2095 1042 2179 iustitiaeque
1082 2097 1217 2160 divinae
1254 2114 1331 2159 cum
1371 2093 1490 2158 IESUS,

370 2193 561 2260 CHRISTUS
591 2195 781 2260 satisfacere
812 2198 876 2261 alia
909 2210 1012 2282 atque
1042 2200 1108 2264 alia
1144 2201 1273 2264 ratione
1306 2195 1482 2281 potuisset.

369 2299 486 2364 maluit
502 2308 615 2364 tamen
632 2319 692 2384 per
707 2320 857 2366 summos
868 2304 1034 2368 cruciatus
1050 2302 1187 2386 profusa
1199 2304 1269 2368 vita
1278 2300 1481 2366 satisfacere.

368 2401 485 2484 Atque
499 2403 548 2465 ita
562 2402 707 2466 alumnis
724 2422 763 2466 ac
775 2406 996 2470 sectatoribus
1013 2407 1182 2471 suishanc
1198 2408 1306 2490 legem
1318 2403 1481 2490 imposuit
1498 2399 1503 2412 ’

207 2539 325 2597 mm„
369 2523 431 2566 suo
446 2523 563 2568 cruore
587 2506 761 2584 sancitam,
789 2515 825 2569 ut
841 2527 956 2572 eorum
982 2520 1070 2574 esset
1082 2511 1152 2574 vita
1179 2531 1256 2575 cum
1275 2527 1413 2574 ‘morum
1440 2526 1481 2570 ac

208 2603 325 2656 ’ΝΜ
370 2618 560 2689 temporum
578 2609 668 2672 vitiis
694 2619 856 2692 perpetua
871 2613 1019 2676 certatio.
1037 2613 1128 2696 Quid
1149 2614 1336 2698 Apostolos
1358 2611 1400 2676 ad
1418 2611 1480 2674 im·

190 2663 345 2785 {lilioli
371 2711 542 2774 buendum
566 2713 707 2776 veritate
733 2715 895 2778 mundum
926 2714 1005 2780 iecit
1035 2717 1186 2794 invictos,
1209 2717 1290 2801 quid
1317 2725 1481 2797 martyres

194 2775 258 2880 liiii.
280 2777 346 2821 Μ’
371 2816 631 2879 innumerabiles
654 2817 688 2880 in
715 2815 793 2881 fidei
809 2819 1009 2884 christianae
1025 2831 1163 2886 cruento
1178 2819 1481 2886 testimoniorobo·

372 2920 466 2996 ravit,
482 2920 546 2982 nisi
561 2918 696 2984 affectio
716 2922 819 2984 animi
836 2921 882 2985 illi
905 2923 970 3004 legi
986 2923 1224 3007 obtemperans
1247 2926 1318 2989 sine
1334 2924 1484 2987 timore?

372 3024 445 3087 Nec
471 3023 538 3087 alia
563 3025 618 3088 via
645 3025 691 3088 ire
716 3034 945 3106 perrexerunt,
969 3036 1138 3110 quotquot
1160 3047 1259 3092 curae
1283 3027 1346 3091 suit
1369 3026 1482 3089 vivere

373 3149 465 3192 more
480 3129 670 3207 christiano,
680 3128 809 3212 sibique
824 3129 947 3194 virtute
962 3133 1134 3196 consulere
1147 3151 1274 3215 :neque
1290 3131 1392 3213 igitur
1416 3131 1482 3194 alia

372 3233 470 3297 nobis
481 3235 638 3312 eundum,
650 3234 677 3296 si
694 3234 884 3299 consultum
908 3235 1007 3300 saluti
1027 3238 1181 3301 volumus
1190 3236 1243 3301 vel
1266 3245 1402 3301 nostrae
1414 3237 1481 3300 sin·

371 3337 536 3423 gulosum,
551 3337 603 3402 vel
620 3340 799 3402 communi.
824 3339 954 3419 Itaque,
970 3340 1168 3406 dominante
1182 3341 1390 3423 procacitate
1405 3339 1479 3403 libi-

372 3445 499 3518 dinum,
514 3442 599 3504 tueri
615 3462 650 3504 se
666 3461 832 3525 quemque
848 3441 985 3504 viriliter
1000 3462 1134 3507 necesse
1144 3455 1196 3508 est
1208 3464 1228 3506 a
1240 3442 1480 3508 blandimentis

373 3547 548 3612 luxuriae:
574 3565 717 3628 cumque
741 3547 866 3627 passim
895 3547 937 3608 sit
954 3546 986 3608 in
1015 3545 1163 3611 fruendis
1188 3548 1310 3630 opibus
1325 3557 1359 3610 et
1375 3549 1481 3630 copiis

214 3699 348 3745 Mum„
372 3667 442 3720 tam
474 3653 621 3718 insolens
656 3653 848 3729 ostentatio,
879 3653 1081 3719 muniendus
1116 3656 1248 3720 animus
1279 3667 1330 3720 est
1361 3667 1477 3721 contra

193 3757 347 3863 mftffi
371 3760 562 3824 divitiarum
594 3767 808 3840 sumptuosas
839 3755 1020 3835 illecebras,
1047 3777 1089 3822 ne
1113 3759 1165 3823 his
1182 3759 1314 3824 inhIans
1338 3759 1478 3840 animus,

213 3876 321 3945 conquu-
371 3885 457 3947 quae
473 3863 673 3946 appelantur
698 3862 797 3938 bona,
821 3879 907 3943 quae
937 3881 998 3925 nec
1024 3862 1146 3926 satiare
1170 3882 1246 3926 eum
1274 3872 1424 3946 possunt,
1439 3884 1480 3930 ac

195 3940 302 3982 ’ΨΜ
373 3970 462 4032 brevi
486 3976 564 4030 sunt
579 3965 757 4047 dilapsura,
772 3964 965 4029 thesaurum
982 3967 1117 4030 amittat
1133 3987 1200 4030 non
1216 3965 1428 4032 deficientem
1444 3969 1477 4032 in

371 4071 480 4134 caelis.
497 4069 652 4152 Denique
668 4069 750 4131 illud
763 4068 866 4130 etiam
878 4068 1072 4146 dolendum,
1082 4071 1172 4152 quod
1188 4071 1364 4151 opiniones
1376 4081 1478 4153 atque

371 4175 529 4258 exempla
544 4173 730 4257 perniciosa
746 4180 842 4236 tanto
868 4192 968 4256 opere
983 4174 1026 4237 ad
1044 4172 1244 4239 molliendos
1268 4175 1399 4239 animos
1422 4195 1477 4238 va-

371 4279 504 4341 luerunt
533 4287 571 4341 ut
601 4275 762 4359 plurimos
789 4275 855 4339 iam
881 4295 986 4358 prope
997 4277 1122 4359 pudeat
1147 4279 1293 4343 nominis
1323 4279 1477 4371 vitaeque

370 4381 589 4445 christianae:
612 4380 700 4462 quod
729 4379 864 4462 quidem
890 4390 949 4445 aut
973 4382 1124 4466 perditae
1149 4385 1318 4468 nequitiae
1342 4393 1477 4462 estant
