3230 4874
387 355 455 422 1²4
488 351 676 404 trasenna
694 349 821 402 arose.
846 338 867 368 ‘⁴
887 349 927 402 ru
957 351 1134 404 suasano
1151 351 1480 418 Quoruucnuuu„

204 531 354 651 Μιῑιῡὲἕ-
379 529 584 594 incrementa
610 527 778 604 daturum,
805 525 958 610 precibus
984 527 1027 591 ad
1052 527 1126 593 Nos
1140 527 1251 592 allatrs
1266 529 1483 595 annuendum

202 650 327 698 Amano·
332 656 356 698 ι
379 651 561 710 censemus
575 641 680 716 atque
704 630 757 696 his
782 629 901 696 litteris
926 632 970 695 ad
998 631 1158 696 maiorem
1187 631 1252 697 Dei
1267 631 1419 716 gloriam,
1440 633 1483 698 ad

202 709 354 816 frisii*
308 783 353 814 ιι.
378 737 621 802 incrementum
646 733 832 800 catholicae
862 733 1042 818 religionis,
1071 735 1298 815 seminarium,
1327 738 1432 824 quod
1442 739 1486 802 ad

201 829 335 936 fimi,
379 839 413 905 S.
444 838 595 905 Caroli
586 859 620 904 rn
651 839 733 903 urbe
763 837 877 904 sedern
910 839 1022 914 habet,
1051 838 1247 906 excolendis
1283 841 1487 906 dioecesium

379 945 499 1011 Italiae
513 942 701 1028 superioris,
716 951 752 1008 et
768 941 980 1020 Mutinensis,
1004 943 1195 1008 Parmensis
1217 963 1256 1008 ac
1274 945 1488 1010 Placentinae

377 1048 523 1132 regionis
538 1047 675 1126 clericis,
690 1044 754 1112 sub
770 1047 927 1131 auspiciis
943 1054 1136 1112 sanctorum
1148 1046 1305 1114 caelitum
1318 1047 1491 1113 Ambrosii

376 1161 409 1216 et
424 1151 544 1230 Caroli,
570 1171 611 1217 ac
637 1149 701 1216 sub
716 1149 843 1216 Nostra
859 1161 893 1217 et
909 1169 1138 1216 successorum
1155 1151 1357 1218 Nostrorum
1375 1165 1488 1220 aucto·

377 1257 485 1337 ritate,
510 1257 669 1342 erigimus
697 1265 731 1322 ct
756 1256 1002 1336 constituimus,
1031 1265 1134 1341 atque
1162 1258 1282 1324 eodem
1314 1258 1386 1324 iure
1418 1279 1488 1326 esse

377 1356 541 1440 volumus,
570 1379 639 1445 quo
669 1378 756 1444 quae
785 1359 917 1443 optimo
947 1369 981 1424 et
1011 1359 1164 1444 legitimo
1193 1361 1264 1426 iure
1293 1361 1488 1428 clericorum

378 1466 557 1532 seminaria
572 1466 607 1530 in
624 1463 706 1530 urbe
722 1472 808 1529 sunt

311 1615 353 1646 a„
422 1569 509 1636 Cum
525 1589 625 1654 porro
651 1567 802 1634 maxime
826 1567 988 1634 interesse
1011 1567 1054 1633 ad
1081 1567 1219 1653 plenum
1235 1568 1487 1654 perfectumque

236 1674 307 1764 ,ἠ
320 1675 354 1764 ᾖ
378 1673 501 1738 mentis
516 1671 709 1756 ingeniique
725 1670 853 1736 culturn
877 1681 1044 1755 putemus,
1068 1680 1106 1736 ut
1131 1671 1246 1755 quiin
1271 1674 1487 1738 seminarium

275 1778 280 1790 '
322 1779 350 1825 ί·
377 1783 587 1861 cooptantur,
596 1777 659 1841 rite
670 1785 799 1860 ponant
810 1774 1033 1840 fundamenta
1042 1775 1224 1854 doctrinae,
1235 1776 1359 1860 quibus
1371 1778 1486 1859 positis
1597 1853 1598 1870 ,

377 1880 521 1946 solidum
553 1880 676 1944 deinde
703 1879 863 1944 scientiae
889 1877 1079 1944 aedificium
1107 1879 1140 1943 in
1167 1897 1263 1944 suam
1290 1889 1325 1944 et
1345 1881 1484 1946 aliorum
1597 1877 1598 1880 ’

376 1984 550 2049 bominum
567 1983 747 2049 utilitatem
763 1981 932 2062 attollant,
947 1983 1135 2061 statuimus,
1150 1991 1188 2048 ut
1203 1983 1226 2047 ii
1248 2003 1387 2050 emenso
1403 1985 1483 2050 litte-

376 2106 486 2154 rarum
498 2105 606 2166 cursu,
618 2087 805 2152 studiorum
819 2086 852 2150 in
866 2085 1046 2152 seminario
1062 2085 1194 2153 initium
1210 2107 1231 2152 a
1245 2073 1482 2171 philosophicis

375 2191 560 2275 disciplinis
576 2191 710 2270 ducant,
725 2210 765 2255 ac
790 2190 916 2255 exinde
944 2190 1007 2255 rite
1022 2189 1175 2255 instructi
1190 2198 1226 2255 et
1240 2191 1428 2274 comparati
1442 2191 1481 2255 ad

375 2295 517 2360 aliarum
533 2293 785 2378 disciplinarum
803 2293 957 2377 regiones
972 2293 1237 2378 progrediantur.

419 2400 520 2484 Quod
536 2400 564 2464 si
580 2397 748 2464 interdurn
761 2397 950 2481 contigerit,
961 2406 998 2463 ut
1010 2397 1147 2462 iuvenes
1158 2397 1269 2462 clerici
1278 2397 1480 2482 philosophi·

375 2525 488 2570 carum
512 2501 764 2586 disciplinarum
790 2520 888 2566 cursu
916 2499 983 2564 lam
1008 2499 1183 2584 perfuncti,
1210 2501 1243 2566 in
1268 2501 1479 2566 seminarium

375 2608 476 2691 recipi
491 2605 640 2690 cupiant,
655 2613 689 2669 et
713 2603 819 2669 iustas
843 2603 889 2669 ob
904 2623 1040 2669 caussas
1055 2625 1075 2670 a
1091 2605 1262 2670 communi
1278 2607 1480 2690 praescripto

376 2712 458 2779 solvi
474 2708 654 2794 postulent,
669 2707 839 2774 seminarii
855 2708 1077 2774 moderatoris
1094 2727 1215 2774 munus
1238 2709 1311 2787 erit,
1327 2710 1370 2774 de
1387 2711 1426 2774 iis
1440 2709 1479 2774 ad

376 2817 450 2882 Nos
475 2823 509 2879 et
535 2831 742 2880 successores
770 2811 913 2879 Nostros
938 2813 1122 2894 referrent
1145 2815 1236 2900 quod
1255 2825 1478 2900 opportunum
1595 2887 1596 2890 ᾖ

375 2919 483 2984 visum
501 2917 598 2983 suerit
615 2917 824 2983 decernatur.
1595 2909 1596 2912 ’

420 3020 583 3086 Paternae
597 3029 710 3085 autem
728 3017 874 3084 Nostrae
896 3019 1152 3087 benevolentiae
1166 3041 1272 3101 curas,
1286 3042 1372 3106 quas
1388 3023 1479 3087 semi·

376 3123 469 3190 nario
495 3125 557 3190 rite
580 3124 817 3190 constituendo
838 3125 1052 3204 contulimus,
1075 3144 1168 3190 acres
1189 3127 1343 3192 stimulos
1368 3129 1479 3192 admo·

374 3237 466 3294 turas
482 3225 682 3294 confidimus
697 3227 866 3293 seminarii
882 3228 1036 3308 alumnis,
1052 3238 1090 3293 ut
1105 3227 1239 3296 virtutis
1263 3239 1297 3296 ct
1310 3231 1479 3296 doctrinae
1594 3311 1595 3314 ᾖ

375 3332 474 3398 laude
489 3334 522 3397 in
538 3333 611 3398 dies
628 3333 735 3418 magis
750 3342 939 3416 augeantur
952 3353 961 3412 ;
976 3352 1079 3416 quam
1097 3333 1139 3399 ad
1157 3333 1292 3400 laudem
1308 3341 1366 3400 eds
1382 3337 1477 3400 etiam

374 3435 545 3520 impellere
568 3437 722 3503 debetea
736 3437 909 3520 cogitatio,
936 3437 1028 3521 quod
1054 3436 1098 3502 ad
1121 3437 1344 3504 ministerium
1359 3440 1480 3504 obeun-

200 3517 351 3624 fflisssss}
374 3542 456 3606 dum
481 3543 675 3623 praesertim
705 3540 738 3605 in
764 3559 804 3606 ea
831 3561 969 3624 regrone
983 3549 1156 3621 vocantur
1183 3542 1240 3608 ubi
1267 3543 1480 3608 sacerdotalis

200 3641 338 3742 wlff*
254 3638 338 3742 “if
375 3641 506 3706 virtutis
521 3642 671 3725 vestigia,
686 3640 767 3709 olim
783 3661 803 3706 a
819 3643 944 3708 sanctis
959 3643 1135 3709 caelitibus
1145 3643 1361 3709 Ambrosioet
1373 3643 1481 3711 Carolr

195 3707 308 3814 riman
274 3759 327 3806 ant
376 3749 537 3829 ¹mpressa
564 3765 631 3811 non
656 3745 782 3826 leviter,
807 3745 866 3810 sed
898 3745 968 3812 fixa
996 3747 1038 3812 ad
1067 3747 1309 3830 sempiternum
1334 3749 1380 3813 rei
1403 3747 1480 3812 chri·
1593 3741 1594 3764 *

375 3850 504 3915 stianae
528 3850 614 3916 bene
637 3850 805 3934 gerendae
831 3851 1007 3934 exemplar
1031 3851 1132 3931 luere,
1157 3861 1191 3917 et
1218 3851 1252 3917 in
1280 3871 1347 3936 qua
1370 3851 1481 3918 fertilis

374 3973 513 4037 campus
529 3954 686 4038 idemque
701 3953 930 4037 amplissimus
945 3956 988 4019 ad
1006 3954 1292 4022 benemerendum
1309 3959 1353 4022 de
1370 3956 1481 4022 Eccle-

376 4058 426 4124 sia
442 4067 547 4143 patet
1591 4139 1593 4154 ᾖ

221 4181 264 4228 ιιι
265 4181 286 4226 ιι·
286 4182 351 4227 ιιιιιι
419 4161 491 4225 Nec
507 4179 607 4244 porro
629 4159 833 4239 dubitamus,
858 4163 940 4246 quin
968 4163 1173 4228 dioecesium
1189 4163 1383 4240 Antistitcs,
1406 4181 1483 4246 qua

200 4241 241 4345 ᾗ,
230 4240 352 4344 iffi}
377 4279 449 4325 rum
475 4259 619 4325 alumnis
646 4261 730 4326 haec
750 4263 995 4330 ecclesiasticae
1020 4263 1219 4349 disciplinae
1234 4266 1365 4332 sedes
1356 4286 1389 4330 rn
1407 4265 1484 4330 urbe

202 4361 228 4402 ‘⁴
228 4362 296 4409 ΗΜ
378 4362 560 4426 constituta
574 4372 634 4442 est,
663 4363 805 4431 libenter
829 4376 981 4432 auctores
1007 4368 1075 4434 sint
1091 4369 1373 4452 praestantibuse
1395 4387 1485 4434 sacra
