3250 4876
193 407 245 456 DE
263 404 483 456 PRAECll’UlS
502 403 638 456 ClVlUM
656 403 977 454 CHRISTIANORUM
995 401 1167 454 OFFlCllS.
1201 401 1245 473 25

141 597 214 643 mm
224 599 246 642 a
261 580 339 658 Deo,
351 589 390 643 ut
407 579 467 663 qui
482 577 596 662 diligit
617 579 736 657 Deum,
746 578 910 661 dilegatet
922 579 1071 659 fratrem
1085 599 1183 643 suum
1194 577 1247 662 (1).
1279 590 1414 688 'Affiffl

140 683 181 745 Si
192 682 267 766 quis
279 683 404 748 decerit
412 683 577 766 quonr'crm,
586 683 689 766 dilrgo
702 684 859 759 Deum,et
864 683 1013 763 fratrem
1028 703 1126 746 suum
1134 681 1248 761 oderit,
1316 667 1383 748 1895·
1415 666 1421 679 ⁸

139 787 282 852 mendax
301 798 350 851 est
362 787 414 871 (²).
436 788 553 872 Atque
578 787 641 852 hoc
667 789 710 852 de
737 787 876 853 caritate
900 787 1097 851 mandatum
1113 785 1246 852 divinus
1303 847 1324 894 c

138 889 210 954 eius
231 889 317 955 lator
343 911 462 956 novum
490 893 686 970 nominavit,
706 913 773 956 non
799 891 889 975 quod
928 891 1068 974 diligere
1091 891 1245 956 homines
1269 862 1424 954 carim]

137 992 225 1058 inter
240 1014 277 1059 se
302 1015 369 1059 non
394 995 508 1081 aliqua
523 997 590 1060 iarn
618 995 685 1072 lex,
700 1004 759 1059 aut
785 996 858 1078 ipsa
877 1003 997 1059 natura
1012 994 1170 1071 iussisset,
1185 994 1244 1059 sed
1270 969 1423 1073 muli]

136 1098 217 1181 quia
232 1098 451 1164 christianum
467 1100 532 1164 hoc
552 1099 715 1183 diligendi
731 1098 832 1182 plane
854 1117 978 1161 novum
1006 1107 1078 1162 erat
1094 1108 1195 1180 atque
1210 1098 1243 1162 in
1270 1087 1346 1192 {2¹22
1362 1086 1423 1146 [Μ’

137 1199 231 1264 omni
248 1203 408 1267 memoria
434 1203 622 1268 inauditum
638 1221 753 1286 genus.
771 1201 848 1286 Qua
863 1203 952 1265 enim
965 1203 1105 1266 caritate
1136 1201 1246 1268 lusus
1346 1179 1352 1199 ’

139 1302 332 1370 CHRISTUS
348 1317 381 1369 et
406 1305 556 1388 diligitur
572 1326 592 1370 a
620 1305 719 1370 Patre
743 1325 806 1369 suo
820 1315 854 1370 et
869 1304 1024 1368 homines
1039 1305 1111 1388 ipse
1127 1303 1246 1388 diligit,

137 1409 294 1474 eamdem
315 1410 508 1492 impetravit
544 1408 689 1474 alumnis
715 1429 754 1474 ac
780 1409 1002 1474 sectatoribus
1027 1409 1104 1487 suis,
1129 1417 1165 1474 ut
1189 1427 1247 1472 cor

138 1531 244 1576 unum
259 1523 294 1578 et
310 1515 423 1578 anima
439 1533 505 1578 una
520 1535 595 1579 esse
610 1513 643 1578 in
661 1515 735 1598 ipso
751 1523 898 1597 possent,
909 1511 996 1578 sicut
1011 1512 1082 1596 ipse
1097 1522 1131 1577 et
1148 1514 1247 1577 Pater

138 1635 243 1680 unum
257 1626 377 1681 natura
391 1627 478 1682 sunt
498 1618 608 1682 Huius
624 1619 673 1682 vis
685 1619 855 1701 praecepti
872 1637 972 1682 nemo
988 1617 1120 1700 ignorat
1143 1635 1245 1699 quam
1308 1657 1423 1719 am„

138 1720 207 1784 alte
230 1722 263 1784 in
289 1721 546 1787 christianorum
577 1731 693 1806 pectus
717 1743 737 1786 a
777 1722 940 1806 principio
970 1722 1190 1799 descenderit,
1211 1731 1246 1786 et
1270 1717 1424 1823 ssffj¹²⁶a⁸iss

137 1822 254 1904 quales
302 1834 512 1910 quantosque
560 1826 769 1904 concordiae,
802 1825 1057 1890 benevolentiae
1099 1836 1246 1900 mutuae,
1270 1841 1341 1890 vara,
1376 1791 1399 1824 π

137 1925 281 2008 pietatis,
288 1930 479 2012 patientiae,
491 1929 695 1995 fortitudinis
711 1929 836 1994 tructus
852 1929 1010 1994 attulerit.
1023 1929 1149 2013 Quidni
1165 1949 1245 2013 ope·

137 2031 280 2096 radetur
304 2035 469 2117 exemplis
494 2035 660 2100 maiorum
677 2035 872 2099 imitandis?
899 2035 1069 2116 Tempora
1093 2035 1165 2116 ipsa
1176 2053 1242 2096 non

134 2133 279 2215 exiguos
314 2136 498 2202 admovent
529 2138 572 2202 ad
598 2139 770 2204 caritatem
798 2138 962 2202 stimulos.
988 2136 1244 2202 Renovantibus

135 2236 247 2320 impiis
271 2240 430 2305 adversus
447 2241 567 2307 IESUM
583 2241 788 2307 CHRISTUM
804 2241 892 2318 odia,
916 2241 1135 2305 instauranda
1159 2239 1243 2304 chri·
1352 2245 1422 2293 lodie

133 2339 252 2404 stianis
267 2341 375 2424 pietas
390 2352 450 2421 est,
466 2359 732 2428 magnarumque
748 2364 856 2408 rerum
882 2341 1034 2408 effectrix
1051 2343 1244 2407 renovanda
1268 2319 1421 2412 imam

132 2443 263 2508 caritas
281 2441 466 2527 Quiescant
490 2447 601 2530 igitur,
616 2447 643 2511 si
670 2467 738 2530 qua
764 2457 851 2524 sunt,
862 2447 1022 2514 dissidia:
1038 2446 1158 2510 sileant
1175 2465 1243 2510 cer-

133 2547 281 2612 tationes
305 2548 383 2613 illae
408 2551 555 2634 quidem,
577 2571 666 2636 quae
691 2553 777 2615 vires
811 2551 1043 2616 dimicantium
1069 2551 1244 2634 dissipant,

132 2671 195 2714 nec
205 2651 275 2715 ullo
287 2653 390 2718 modo
402 2654 555 2736 religioni
566 2665 706 2738 prosunt
719 2678 726 2720 :
739 2654 972 2739 colligatisque
984 2653 1050 2720 lide
1067 2654 1244 2732 mentibus,

132 2755 273 2820 caritate
299 2756 538 2838 voluntatibus,
563 2761 597 2824 in
625 2759 690 2823 Dei
722 2770 824 2844 atque
854 2759 1029 2824 hominum
1059 2779 1183 2838 amore,
1206 2771 1244 2824 ut

133 2879 279 2942 aequum
296 2871 357 2939 est,
372 2863 443 2927 vita
458 2863 609 2946 degatur.

178 2962 289 3028 Locus
312 2966 474 3031 admonet
489 2967 614 3032 hortari
631 2967 831 3031 nominatim
856 2965 1122 3050 patresfamilias,
1138 2975 1176 3030 ut
1190 2967 1243 3030 his
1267 2976 1420 3106 nrm]

132 3069 321 3150 praeceptis
338 3079 371 3134 et
397 3071 517 3136 domos
543 3071 730 3154 gubernare
745 3071 915 3148 studeant,
931 3082 964 3136 et
979 3070 1102 3135 liberos
1112 3079 1242 3134 mature
1259 3095 1381 3154 samanar
1393 3101 1421 3142 ur
1525 3133 1527 3136 .

130 3170 315 3238 instituere.
329 3172 431 3237 Initia
447 3175 649 3257 reipublicae
664 3175 793 3240 familia
808 3173 1052 3258 complectitur,
1068 3193 1241 3256 magnam·
1267 3155 1417 3261 ξῇζξαῖῒρἰ,

129 3294 197 3356 que
213 3285 342 3357 partem
360 3277 460 3342 alitur
487 3279 574 3344 intra
598 3280 802 3370 domesticos
819 3278 963 3362 parietes
976 3277 1111 3342 l'ortuna
1125 3276 1241 3341 civita·
1266 3273 1352 3378 {¹0⁸2ss
1362 3274 1419 3379 ¹²22

129 3386 214 3442 tum.
243 3379 373 3444 Idcirco
412 3382 471 3464 qui
501 3381 562 3446 has
596 3383 754 3448 divellere
784 3384 828 3447 ab
858 3383 1021 3447 institutis
1051 3381 1241 3446 christianis
1265 3391 1418 3499 21:¹20&

128 3479 257 3558 volunt,
286 3484 425 3548 consilia
451 3505 471 3548 a
513 3484 617 3568 stirpe
647 3487 770 3564 exorsi,
800 3505 1012 3569 corrumpere
1043 3484 1239 3549 societatem
1262 3510 1343 3568 prm,

126 3582 351 3651 domesticam
369 3598 549 3654 maturant.
565 3589 598 3652 A
610 3609 679 3673 quo
694 3610 752 3655 eos
779 3589 903 3654 scelere
928 3609 989 3652 nec
1006 3587 1167 3671 cogitatio
1182 3588 1240 3651 de-

126 3696 240 3766 terret,
252 3689 284 3754 id
312 3691 450 3774 quidem
478 3713 690 3776 nequaquam
713 3693 782 3759 ficri
813 3695 886 3758 sine
913 3713 1046 3757 summa
1062 3702 1238 3776 parentum

125 3789 249 3856 iniuria
273 3814 391 3876 posse:
409 3799 529 3861 natura
545 3797 634 3861 enirn
651 3808 806 3881 parentes
822 3797 951 3862 habent
966 3797 1017 3860 ius
1035 3815 1133 3861 suum
1147 3795 1238 3861 insti·

124 3895 256 3974 tuendi,
278 3916 362 3979 quos
382 3900 597 3982 procrearint,
612 3900 676 3965 hoc
703 3902 865 3966 adiuncto
881 3899 1002 3978 officio,
1018 3909 1057 3965 ut
1070 3920 1147 3964 curn
1165 3899 1240 3981 fine,
1264 3943 1311 3976 esse
1329 3870 1418 3976 9ιῖῗῖἷῖ

124 3997 223 4064 cuius
248 4004 357 4084 gratia
382 4004 532 4069 sobolem
560 4006 626 4069 Dei
642 4005 805 4071 beneficio
826 4016 1053 4088 susceperunt,
1070 4004 1143 4088 ipsa
1159 4007 1238 4071 edu·
1264 3987 1416 4094 ffssof'm'i·

124 4103 217 4167 catio
233 4107 413 4189 conveniat
437 4117 471 4172 et
497 4109 652 4174 doctrina
677 4111 821 4193 puerilis.
841 4110 951 4192 lgitur
976 4108 1171 4191 parentibus
1188 4117 1239 4172 est

125 4209 352 4273 necessarium
370 4209 452 4274 eniti
469 4221 504 4275 et
524 4214 735 4290 contendere,
750 4224 789 4277 ut
809 4233 945 4276 omnem
973 4214 1006 4276 in
1037 4212 1101 4276 hoc
1116 4231 1239 4295 genere

125 4309 324 4393 propulsent
352 4313 517 4386 iniuriam,
539 4316 744 4398 omninoque
760 4317 957 4397 pervincant
980 4325 1017 4379 ut
1034 4335 1095 4379 sua
1118 4317 1151 4378 in
1179 4334 1238 4396 po·

158 4467 179 4499 1.
197 4453 264 4508 llo,
276 4465 311 4509 ιν,
325 4471 361 4503 21.
374 4481 403 4490 -
415 4471 436 4504 2.
453 4459 499 4510 lb.,
511 4472 547 4504 co.
