3172 4874
605 573 884 660 manns:
915 567 1357 655 APOSTOLICAE

701 949 893 1012 Misxtco
913 948 1218 1012 ORDINANDA.

208 1329 210 1334 ,
249 1283 293 1328 rr
302 1283 360 1330 rar.
599 1245 731 1314 LLUD
749 1247 782 1309 in
798 1243 914 1328 primis
933 1245 1026 1310 omni
1049 1245 1162 1311 studio
1177 1265 1294 1312 curare
1310 1254 1476 1328 etsatagere

260 1342 352 1452 {592³
402 1243 590 1618 m
618 1351 743 1416 debent
778 1348 925 1414 Romani
960 1347 1148 1430 Pontifices,
1175 1349 1297 1433 quibus
1334 1367 1476 1434 supremus

403 1555 419 1578 ⁴
555 1547 592 1619 ld

278 1503 378 1562 pm,
619 1455 806 1518 animarum
833 1459 949 1534 pastor
972 1470 1109 1536 gregem
1137 1472 1234 1518 suunt
1251 1453 1474 1537 gubemandun

226 1575 297 1630 Μ,
313 1574 379 1630 cerr!
618 1555 796 1634 commisit,
812 1565 848 1619 ut
864 1555 895 1620 ci
910 1562 983 1619 tuta
1000 1565 1134 1638 praesto
1149 1555 1216 1622 sint
1227 1556 1475 1640 ovilia,vigilesac

227 1627 379 1748 {fuf'ss‘r'ff
403 1660 535 1726 solliciti
563 1660 710 1743 praesint
734 1668 895 1742 pastores,
922 1657 978 1742 qui
1003 1677 1141 1742 gregem
1168 1661 1280 1744 ipsum
1305 1663 1348 1726 ad
1364 1659 1476 1724 salubria

227 1744 377 1858 ζζῗιζζῖξέῗ
403 1783 527 1848 pascua
543 1764 713 1827 adducant
736 1772 770 1827 et
785 1781 805 1826 a
820 1761 976 1844 periculis
1003 1761 1195 1842 defendant,
1223 1765 1413 1850 nullumque
1432 1763 1476 1845 ipsi

228 1873 287 1977 ᾗ
315 1871 378 1961 ‚5522
401 1867 490 1932 desit
515 1864 700 1930 subsidium
731 1884 791 1948 per
817 1864 908 1948 quod
933 1865 975 1930 ad
1004 1864 1181 1932 caelestem
1208 1869 1353 1950 patriam
1378 1866 1476 1931 facilius

228 1981 352 2022 sur-entur·
401 1969 508 2054 possit
524 1967 704 2052 peruenire.
718 1966 906 2051 Eapropter
923 1968 1192 2050 praedecessores
1210 1971 1327 2036 Nostri
1340 1971 1389 2036 vel
1404 1967 1475 2034 ninis

403 2071 533 2155 amplas
548 2070 716 2136 dioeceses
732 2070 964 2148 circumscribi,
977 2071 1030 2134 vel
1047 2089 1150 2136 novas
1171 2076 1268 2138 sedes
1285 2073 1366 2158 erigi
1390 2071 1477 2136 sedulo

403 2185 560 2241 curarunt
592 2183 692 2258 prout
723 2175 910 2239 animarum
933 2173 1033 2239 saluti
1060 2177 1313 2260 conspiciebant
1347 2174 1476 2242 salubrius

404 2279 572 2364 expedire.

447 2387 537 2454 Sane
552 2405 703 2452 crescens
718 2385 877 2471 quotidie,
893 2383 1025 2450 favente
1041 2385 1126 2464 Deo,
1140 2385 1175 2450 in
1197 2385 1385 2451 Mexicanis
1400 2383 1477 2467 regio

403 2491 501 2556 nibus
525 2489 710 2556 catholicae
739 2488 907 2572 religionis
930 2498 1148 2572 augmentum
1174 2488 1294 2573 exigit,
1318 2500 1356 2555 ut
1380 2489 1477 2554 adeas

404 2594 581 2680 pastoralis
597 2591 711 2658 Nostri
738 2593 882 2658 muneris
897 2612 993 2657 curas
1016 2593 1133 2658 sedulo
1155 2593 1340 2676 dirigamus
1354 2603 1386 2658 et
1409 2589 1478 2674 spiri·

400 2696 483 2764 tuali
500 2697 630 2761 illarum
647 2693 910 2760 christifidelium
927 2695 1114 2760 animarum
1131 2695 1221 2760 bono
1247 2706 1283 2761 et
1299 2694 1425 2761 utilitati
1438 2707 1479 2773 per

402 2819 505 2864 novas
520 2797 760 2884 episcopalium
791 2799 922 2864 sedium
938 2798 1122 2864 erectiones
1149 2809 1183 2864 ct
1209 2801 1373 2884 aptiorem
1401 2795 1477 2861 eccle

169 2917 170 2920 ’
257 2939 377 2987 emp,
401 2903 553 2968 siasticac
571 2903 788 2968 Hierarchiae
809 2901 875 2966 illic
894 2903 1167 2968 constitutionem
1190 2903 1356 2969 salubrius
1379 2895 1477 2986 prospl·

226 2999 375 3106 ζιζαζζῖῐω
401 3012 536 3076 ciamus.
563 3009 753 3074 Nonnullae
778 3009 943 3092 siquidem
969 3009 1035 3074 illic
1059 3009 1228 3076 dioeceses
1254 3020 1327 3078 tam
1353 3012 1478 3090 lateam·

218 3118 377 3237 {mpo-
401 3115 585 3181 tenduntur
610 3123 644 3178 et
670 3113 868 3192 adeo,inter
892 3130 928 3176 se
952 3111 1070 3178 dissita
1089 3113 1263 3180 continent
1290 3115 1371 3192 loca,
1385 3121 1477 3178 utnon

222 3237 291 3296 paras
316 3239 378 3283 mr·
403 3237 478 3283 raro
490 3217 620 3282 illarum
631 3215 821 3293 Antistites,
831 3215 900 3280 sive
915 3215 961 3280 ob
975 3216 1124 3298 ipsorum
1138 3217 1289 3283 locorum
1305 3215 1478 3284 distantiam,

228 3295 369 3403 ww
404 3323 473 3388 sive
488 3321 590 3386 etiam
606 3319 651 3384 ob
666 3319 751 3383 aeris
766 3317 1042 3396 insalubritatem,
1059 3339 1079 3384 a
1094 3321 1282 3386 commissis
1307 3322 1368 3386 sibi
1388 3314 1475 3382 ovibus

405 3423 587 3490 invisendis
610 3419 859 3506 prohibeantur,
874 3420 966 3504 quod
981 3421 1118 3506 quidem
1140 3422 1312 3490 dominico
1327 3420 1412 3507 gregi
1430 3428 1476 3479 nun

405 3527 470 3594 levi
494 3538 545 3592 est
568 3525 749 3592 discrimini
765 3533 799 3589 et
814 3524 1025 3592 detrimento.
1052 3525 1156 3590 Hisce
1178 3528 1304 3592 caussis
1330 3535 1428 3591 motus
1441 3515 1476 3582 iel.

269 3682 336 3740 Quin
354 3696 382 3728 us
407 3648 469 3696 rec.
486 3630 563 3694 Pius
591 3631 683 3713 Papa
708 3627 827 3694 Nonus
847 3627 1082 3711 praedeeessor
1108 3628 1232 3695 Noster
1255 3650 1343 3694 anno
1368 3617 1477 3693 Domini

230 3754 295 3809 nova
318 3697 381 3828 nin
406 3733 583 3799 millesimo
599 3731 877 3816 octingentesimo
892 3733 1106 3816 sexagesimo
1121 3733 1220 3799 tertio
1242 3743 1308 3799 tres
1323 3753 1366 3798 ex
1379 3723 1476 3794 archie-

222 3809 378 3859 summm,
404 3837 579 3921 piscopatu
607 3836 789 3901 Mexicano
804 3855 907 3900 novas
922 3833 1111 3902 efformavit
1136 3837 1330 3921 provincias,
1344 3844 1376 3900 et
1397 3827 1475 3915 paulo

403 3951 481 4026 post
504 3941 699 4006 vicariatum
734 3939 1017 4023 Tamaulipanuru
1050 3941 1092 4005 ad
1124 3941 1322 4008 cathedralis
1347 3932 1475 4004 ecclesiae

402 4042 563 4110 honorem
579 4044 693 4109 evexit
706 4064 714 4123 ;
729 4052 762 4109 et
780 4044 851 4108 Nos
866 4045 930 4128 ipsi
946 4044 997 4110 vel
1010 4065 1029 4108 a
1044 4045 1160 4112 Nostri
1177 4044 1387 4111 Pontificatus
1400 4053 1474 4102 exor-

401 4149 467 4228 dio,
478 4148 522 4214 ad
534 4167 636 4234 quern
648 4168 706 4232 per
721 4147 925 4213 ineffabilem
941 4149 1075 4218 divinae
1087 4151 1248 4216 bonitatis
1263 4141 1472 4215 abundantiam

401 4251 523 4316 luimus
547 4251 720 4334 assumpti,
745 4250 840 4316 binas
864 4250 946 4317 alias
967 4253 1001 4317 in
1028 4254 1145 4319 eadem
1170 4255 1348 4320 Mexicana
1369 4245 1470 4315 ditione

400 4354 605 4437 episcopales
630 4354 735 4434 sedes,
759 4355 898 4420 alteram
923 4375 1045 4440 nempe
1070 4358 1113 4422 de
1135 4357 1290 4424 Tabasco
1304 4344 1469 4422 alterande

401 4451 532 4517 Colima
548 4455 731 4536 respective
747 4464 956 4538 nuncupatas
982 4455 1195 4524 instituimus.
1219 4459 1287 4524 Ast
1310 4471 1405 4538 neque
1422 4460 1466 4527 Pil
