3336 4870
376 672 1461 839 133-{2

196 1329 330 1412 Apfflls
363 1311 813 1686 {MAEESCRIPTIO
840 1333 949 1378 rerum
974 1333 1062 1398 quae
1088 1324 1204 1396 gestae
1230 1322 1308 1377 sunt
1333 1313 1365 1375 in
1392 1333 1474 1376 con-

229 1422 293 1481 1889·
396 1375 517 1622 Q
578 1428 680 1482 ventu
696 1417 937 1482 catholicorum
955 1417 1119 1522 Lugduni⁴
1139 1417 1264 1495 habito,
1283 1426 1381 1499 grata
1396 1416 1479 1481 licet

525 1535 551 1612 pp
577 1539 692 1602 perse,
716 1520 891 1584 iucundior
906 1529 1019 1584 tamen
1038 1519 1146 1585 Nobis
1169 1520 1306 1585 obvenit
1322 1540 1366 1584 ex
1383 1519 1478 1584 adie-

223 1581 339 1642 Ponlrsex

181 1641 338 1710 gruminge
403 1615 551 1689 &W
577 1624 640 1687 ctis
663 1623 790 1701 litteris,
816 1643 900 1708 quas
923 1625 979 1688 die
1010 1625 1139 1708 Magno
1169 1623 1275 1688 Leoni
1308 1643 1401 1688 sacra
1429 1625 1475 1688 ad

185 1701 337 1818 Zite'ssii‘pg‘ssf
366 1725 437 1790 Nos
453 1727 576 1792 dedisti
600 1748 675 1792 cum
701 1727 936 1793 decurionibus
951 1749 989 1792 ac
1006 1729 1280 1812 praeceptoribus
1298 1729 1474 1794 Universi-

183 1824 221 1922 {2}
237 1831 336 1934 ‘Lm'
364 1832 443 1894 tatis
469 1831 705 1914 Lugdunensis
734 1833 875 1917 aliisque
900 1833 1031 1898 dilectis
1058 1831 1133 1898 filiis
1157 1854 1177 1898 a
1203 1835 1324 1917 quibus
1356 1833 1472 1898 nobile

183 1935 335 2040 ’maffi-
361 1935 450 1999 istud
476 1935 691 2002 Athenaeum
718 1937 911 2003 celebratur.
938 1975 981 1987 -
1012 1938 1188 2022 Siquidem
1215 1939 1325 2003 exiis
1352 1937 1475 2003 litteris

231 2055 279 2100 rus.
360 2042 593 2124 comperimus,
608 2042 762 2106 eamdem
779 2042 899 2106 animis
915 2043 1033 2106 vestris
1049 2045 1158 2107 inesse
1172 2043 1420 2108 observantiam
1434 2043 1470 2106 in

211 2163 309 2232 aanor
361 2143 595 2225 Apostolicam
613 2145 746 2222 Sedern,
763 2145 917 2210 eamdem
934 2144 1196 2210 sollicitudinem
1214 2147 1256 2209 de
1283 2145 1353 2208 eius
1370 2143 1470 2208 liber-

181 2223 333 2328 “mfff‘
358 2257 429 2312 tate
444 2269 482 2312 ac
498 2250 672 2332 praesidiis
682 2251 725 2313 ad
742 2269 816 2313 eam
833 2251 993 2314 tuendam
1010 2250 1214 2324 necessariis,
1224 2269 1325 2332 quam
1341 2249 1467 2312 diserte

195 2347 319 2388 mm·
359 2353 609 2436 explicaverant
626 2355 658 2418 in
675 2363 843 2418 conventu
860 2353 1007 2419 fidelium
1028 2355 1102 2418 istic
1118 2364 1236 2418 coacto
1251 2353 1377 2436 egregii
1394 2353 1465 2430 viri,

358 2459 493 2523 honoris
523 2461 629 2541 gradu
654 2469 687 2524 et
720 2458 898 2541 prudentia
925 2459 1170 2542 spectatissimi.
1198 2457 1298 2540 Quod
1330 2457 1462 2521 illorum

358 2564 532 2627 sententiis
547 2583 586 2626 ac
602 2565 689 2627 votis
706 2563 777 2646 ipse
793 2574 827 2627 et
842 2571 958 2627 coetus
974 2564 1026 2627 cui
1043 2583 1159 2646 praees
1175 2563 1277 2646 pleno
1303 2559 1464 2643 suffraga-

359 2667 439 2730 mini
456 2667 610 2744 adsensu‚
626 2668 659 2731 id
677 2667 749 2730 Nos
765 2667 910 2732 delectat
927 2687 1141 2750 magnopere,
1164 2687 1240 2731 cum
1268 2669 1347 2749 quia
1362 2666 1465 2748 signi·

358 2769 569 2834 ficationibus
585 2769 694 2834 filialis
709 2771 811 2835 studii
828 2772 936 2854 gratia
952 2771 1108 2835 adiicitur
1132 2790 1176 2834 ex
1194 2771 1319 2834 meritis
1346 2779 1380 2834 et
1405 2770 1465 2832 do·

358 2875 464 2936 ctrina
480 2875 761 2956 expromentium,
775 2883 848 2939 tum
864 2875 943 2957 quia
956 2875 1083 2958 reliqua
1094 2875 1267 2940 hominum
1282 2873 1467 2939 multitudo

359 2977 454 3040 facile
470 2999 584 3042 eorum
601 2979 760 3062 exemplo
776 2979 1010 3062 ducitur,quos
1026 2980 1165 3062 optimis
1175 2980 1359 3063 disciplinis
1372 2979 1467 3042 novit

209 3102 335 3208 Inprimis
360 3081 520 3146 excultos.
531 3121 574 3132 —
590 3083 766 3146 Maximae
775 3102 854 3146 vero
869 3082 958 3145 laudi
970 3083 1066 3146 vobis
1077 3103 1150 3148 esse
1166 3103 1339 3146 censemus
1352 3101 1466 3146 curam

184 3164 273 3266 siff
286 3167 336 3289 ⁵92⁴„
362 3188 574 3269 praecipuam
591 3207 702 3270 quam,
717 3187 837 3250 intenti
852 3187 1038 3269 sapientiae
1058 3189 1187 3265 studiis,
1203 3188 1245 3250 ad
1272 3189 1467 3270 religionem

185 3279 340 3400 ‘xm'
361 3287 527 3366 confertis,
538 3311 597 3372 per
612 3309 713 3372 quam
729 3289 882 3357 homines
893 3289 969 3353 Deo
985 3290 1168 3373 iunguntur
1179 3292 1237 3374 qui
1254 3291 1468 3354 scientiarum

186 3398 337 3502 citri-stiffi
363 3393 531 3458 Dominus
546 3405 597 3458 est
612 3416 620 3472 ;
637 3413 697 3457 nec
713 3413 779 3456 non
797 3394 945 3460 studium
958 3413 1027 3477 quo
1042 3396 1195 3459 adseritis
1208 3395 1378 3459 Ecclesiae
1389 3394 1469 3470 iura,

186 3473 337 3587 leffium
364 3497 456 3560 cuius
481 3497 709 3580 magisterium
735 3497 869 3561 divinae
892 3498 1044 3562 veritatis
1071 3498 1145 3563 luce
1173 3509 1302 3564 mentes
1318 3498 1471 3572 illustrat,

200 3577 329 3688 v‘fd'‘““'
366 3602 546 3686 multisque
558 3621 704 3665 errorum
716 3601 871 3664 sordibus
887 3603 994 3684 ipsam
1011 3623 1120 3666 rerum
1132 3603 1354 3667 humanarum
1365 3601 1471 3664 scien·

188 3727 216 3774 in
253 3727 340 3786 quous
365 3709 447 3773 tiam
464 3715 612 3789 praestat
638 3705 831 3769 immunem.
849 3706 940 3770 Dum
968 3707 1082 3792 itaque
1106 3707 1224 3771 merita
1239 3727 1299 3770 vos
1315 3708 1471 3769 honesta·

188 3792 340 3892 'r‘ftussm‘dss
368 3833 442 3876 mus
457 3811 565 3886 laude,
581 3809 682 3873 etiam
707 3819 808 3892 atque
835 3810 938 3873 etiam
965 3809 1140 3875 hortamur
1165 3821 1201 3875 ut
1218 3831 1341 3893 magno
1357 3809 1473 3873 animo

188 3905 341 4008 {Qut-‚51⁰
367 3937 441 3980 eam
458 3913 603 3998 pergatis
619 3912 747 3976 emetiri
763 3913 853 3977 viam
869 3934 970 3996 quam
987 3916 1093 3980 virtus
1110 3913 1259 3998 fidesque
1286 3923 1395 3978 vestra
1411 3933 1484 3977 vos·

190 4023 332 4126 pinum*
365 4021 461 4084 iussit
476 4019 567 4094 inire,
583 4027 616 4080 ct
632 4016 819 4081 libertatem
838 4016 1008 4082 Ecclesiae
1024 4038 1064 4082 eo
1077 4020 1285 4083 constantius
1301 4016 1474 4092 tueamini,

213 4113 219 4126 ⁸
366 4143 433 4206 quo
448 4120 650 4204 pertinacius
676 4120 789 4182 hostes
805 4119 926 4182 infensi
947 4140 1020 4186 eam
1039 4122 1072 4184 in
1090 4123 1285 4186 servitutem
1300 4130 1421 4204 petunt
1439 4127 1475 4182 et

367 4235 531 4289 conantur
557 4223 714 4305 redigere.
732 4222 770 4286 In
797 4223 861 4286 hoc
888 4226 1071 4288 certamine
1094 4245 1156 4308 pro
1173 4225 1298 4289 iustitia
1314 4233 1475 4304 suscepto

368 4349 409 4392 ne
425 4327 585 4392 desinatis
601 4346 748 4409 unquam
765 4326 837 4408 pias
854 4327 1012 4392 adhibere
1028 4349 1142 4411 preces
1167 4329 1377 4412 praepotenti
1395 4327 1474 4390 Deo

369 4433 401 4495 in
430 4431 522 4493 cuius
553 4450 653 4494 manu
678 4431 817 4495 victoria
847 4441 907 4510 est,
938 4433 1063 4516 quique
1094 4432 1255 4497 militibus
1284 4433 1353 4496 suis
1385 4433 1475 4495 vires
