3194 4872
230 1250 383 1328 notabam
593 1223 937 1290 NNlVERSARlA
953 1226 1010 1289 die
1024 1236 1215 1309 appetente,
1231 1247 1298 1308 qua
1310 1241 1391 1291 ante
1407 1249 1512 1292 annos

277 1333 341 1392 1887·
611 1328 857 1411 quinquaginta
875 1328 1074 1393 sacerdotali
1091 1329 1341 1392 consecratione
1364 1341 1512 1414 accepta,

230 1428 379 1487 Dromius.
612 1431 714 1493 sacris
726 1431 768 1494 ad
785 1431 890 1494 altare
901 1433 1029 1515 operati
1046 1433 1190 1516 primum
1207 1453 1332 1510 sumus,
1364 1435 1443 1498 Deo
1456 1435 1511 1496 im·
1567 1477 1568 1512 ,

519 1525 592 1595 ’ἡ
616 1535 748 1598 mortali
766 1535 944 1613 maximas
960 1547 996 1599 ut
1015 1555 1159 1618 aequum
1176 1546 1237 1612 est,
1252 1536 1378 1618 gratias
1394 1547 1430 1602 et
1447 1537 1510 1618 agi-

408 1661 481 1705 mus
493 1649 527 1704 et
537 1639 709 1717 habemus,
719 1639 811 1721 quod
825 1637 896 1702 Nos
907 1640 949 1702 ad
959 1639 1049 1702 hanc
1062 1649 1207 1703 aetatem
1218 1639 1405 1704 incolumes
1424 1639 1513 1703 beni-

248 1785 360 1848 Pontifex
406 1763 472 1827 gne
485 1743 697 1807 conservarit.
712 1741 820 1807 Simul
834 1762 911 1806 vero
925 1754 1111 1826 temperare
1122 1744 1236 1806 animo
1249 1763 1315 1806 non
1327 1763 1514 1826 possumus,

246 1851 373 1916 ‘nimiis‘
407 1847 487 1928 quin
506 1845 613 1909 libens
629 1857 662 1910 et
678 1855 795 1928 gratus
810 1846 1017 1928 cogitatione
1040 1856 1209 1929 percurrat
1233 1847 1350 1909 orbem
1363 1846 1514 1909 christia·
1568 1875 1569 1884 2

232 1905 375 1965 miritisrmu

238 1966 370 2034 reumqu-
409 1971 499 2028 num,
514 1953 585 2014 eius
613 1951 658 2014 rei
675 1971 803 2030 caussa,
819 1970 884 2015 non
904 1951 1028 2015 usitato
1045 1951 1147 2014 modo
1162 1952 1372 2034 gestientem.
1397 1951 1514 2034 Neque
1553 2019 1556 2028 ,

232 2029 381 2135 qm
408 2058 497 2122 enim
524 2056 811 2120 dissimulabimus
835 2057 924 2138 quod
949 2065 1090 2139 apparet
1105 2065 1138 2119 et
1154 2065 1205 2120 est
1221 2056 1254 2118 in
1281 2055 1392 2118 aliena
1420 2056 1515 2118 laude

232 2143 382 2272 ,mssjg
409 2181 475 2225 non
503 2162 536 2225 in
563 2160 690 2224 Nostra
712 2161 905 2243 ponendum
927 2185 934 2222 :
960 2159 1149 2242 perspicitis
1180 2159 1280 2236 enim,
1296 2158 1515 2222 Venerabiles

231 2262 383 2380 ξῖνὲἐὶχ
410 2263 552 2341 Fratres,
582 2271 709 2346 quanta
729 2263 876 2326 laetitiae
908 2262 1061 2344 publicae
1093 2260 1151 2325 fiat
1181 2259 1391 2344 significatio,
1414 2281 1514 2345 quarn

231 2379 337 2448 aumas
357 2395 382 2424 u·
408 2367 451 2431 sit
466 2367 679 2432 voluntatum
696 2385 839 2449 magnus
855 2385 1047 2442 consensus
1064 2385 1166 2449 quam
1183 2366 1274 2428 varia
1286 2375 1320 2429 et
1346 2368 1515 2449 exquisita

232 2441 384 2558 ''J'ifflb'
408 2469 533 2534 effusae
549 2471 682 2553 pietatis
699 2471 901 2534 testimonia.
918 2468 1047 2534 Omnes
1072 2469 1247 2532 hominum
1268 2469 1413 2546 ordines,
1439 2489 1514 2533 cun·
1570 2551 1571 2554 Ἴ

408 2573 470 2635 ctis
496 2583 657 2638 terrarum
674 2575 833 2656 partibus,
858 2573 1024 2656 privatim,
1047 2573 1188 2656 publice,
1204 2581 1333 2636 certant
1359 2573 1514 2656 prosequi
1570 2557 1571 2582 ³

410 2677 482 2739 Nos
497 2679 589 2741 omni
612 2697 733 2760 genere
758 2677 883 2741 officii:
914 2677 1147 2760 legationibus,
1174 2677 1302 2754 litteris,
1325 2677 1514 2760 peregrina·

408 2780 555 2844 tionibus
586 2781 638 2844 vel
655 2781 847 2864 longinquis
874 2781 962 2844 ultro
993 2781 1165 2862 susceptis,
1191 2791 1224 2844 et
1252 2780 1362 2845 missis
1388 2779 1514 2862 ingenti

409 2903 548 2948 numero
559 2885 759 2960 muneribus,
769 2886 812 2949 de
828 2885 949 2967 quibus
962 2875 1170 2948 verissimum
1184 2883 1323 2959 videtur,
1340 2885 1513 2947 materiam

255 3012 383 3070 [nquam
408 2996 442 3050 et
456 3006 542 3070 opus
572 2989 794 3070 propensione
810 2989 957 3071 superari
980 2988 1170 3051 voluntatis.
1188 2985 1265 3070 Qua
1296 2986 1329 3048 in
1354 3006 1389 3048 re
1412 2985 1513 3051 adrni-

230 3069 384 3176 ‘ssoffssssss'fmm
409 3086 555 3152 rabiliter
580 3087 685 3169 fulget
711 3088 776 3151 Dei
789 3089 980 3170 benignitas
998 3097 1031 3152 et
1047 3089 1161 3164 virtus,
1174 3087 1231 3170 qui
1249 3087 1281 3150 in
1295 3087 1430 3168 magnis
1456 3087 1514 3150 Ec-

224 3189 332 3250 surgere,
408 3191 527 3256 clesiae
558 3191 726 3256 laboribus
757 3193 842 3256 vires
873 3194 944 3255 eius
968 3191 1199 3256 confirmatae
1230 3190 1325 3254 sulcit
1344 3212 1351 3269 ;
1373 3193 1435 3274 qui
1459 3209 1514 3272 pro

148 3293 152 3300 ’
406 3296 543 3359 nomine
569 3314 631 3360 suo
646 3297 852 3361 certantibus
873 3295 994 3359 solatia
1025 3295 1166 3374 tribuit;
1198 3294 1255 3378 qui
1286 3295 1515 3377 providentiae

291 3469 297 3479 ¹
408 3419 487 3463 suae
517 3400 657 3464 consilio
682 3421 726 3465 ex
762 3399 859 3464 malis
885 3401 966 3482 ipsis
1004 3401 1139 3464 uberem
1170 3400 1336 3462 bonorum
1374 3417 1513 3463 messem

228 3503 382 3622 Ξοῇξξὸἱῗ
409 3503 520 3566 educit
539 3525 546 3581 ;
562 3503 668 3586 fulget
684 3504 764 3568 item
783 3503 954 3568 Ecclesiae
969 3503 1084 3587 gloria,
1099 3524 1186 3588 quae
1206 3503 1344 3586 originis
1361 3503 1515 3587 vitaeque

247 3622 366 3666 unitatem
408 3625 488 3670 suae
516 3607 584 3670 vim
601 3608 748 3672 divinam
775 3609 933 3685 ostendit,
947 3629 985 3672 ac
1001 3609 1163 3685 divinum,
1178 3628 1247 3691 quo
1262 3607 1390 3690 regitur
1422 3608 1515 3671 vivit-

231 3685 339 3733 Μ’·
407 3728 481 3793 que,
497 3711 660 3793 spiritum,
671 3732 739 3794 quo
756 3709 793 3776 fit
804 3722 842 3776 ut
859 3711 1006 3778 fidelium
1040 3723 1169 3777 mentes
1185 3721 1219 3776 et
1235 3712 1428 3775 voluntates
1452 3731 1515 3776 uno

408 3813 593 3897 eodemque
606 3816 738 3881 vinculo
751 3815 903 3895 invicem,
920 3817 1066 3899 itemque
1089 3837 1164 3882 cum
1179 3837 1336 3899 supremo
1347 3817 1516 3882 Ecclesiae

233 3971 306 4012 ,am
330 3981 382 4012 m,
410 3919 546 3982 Pastore
562 3919 751 4002 iungantur.
768 3959 811 3969 —
827 3921 1058 3985 lucundidatis
1069 3940 1196 3998 sensus,
1211 3941 1296 4004 quos
1308 3921 1391 3986 haec
1403 3923 1517 3987 omnia

232 4025 375 4084 spirationis
409 4022 576 4086 intuentes
592 4024 796 4106 experimur,
812 4023 1032 4089 Venerabiles
1056 4024 1199 4103 Fratres
1215 4025 1257 4089 ad
1276 4026 1341 4088 Dei
1353 4035 1388 4088 et
1403 4025 1514 4089 Eccle-

249 4085 365 4130 nuntium
427 4126 434 4140 ,

234 4143 372 4189 marottam
409 4145 476 4188 srae
507 4125 647 4208 gloriam
672 4127 704 4190 in
731 4137 912 4209 conspectu
940 4139 1051 4192 vestro
1075 4128 1312 4212 significamus,
1335 4127 1514 4211 palamque

234 4217 382 4308 iiim*
409 4227 612 4309 profitemur,
653 4230 804 4295 animum
841 4228 1001 4295 Nostrum
1034 4240 1086 4296 tot
1129 4252 1167 4295 ac
1207 4231 1309 4295 tantis
1343 4229 1514 4294 christiani

409 4332 524 4415 populi
549 4333 581 4395 in
599 4332 671 4396 Nos
702 4334 821 4398 studiis
841 4335 976 4416 penitus
1001 4335 1197 4419 permoveri,
1224 4355 1283 4398 nec
1309 4331 1379 4399 fieri
1408 4353 1514 4418 posse,
