3282 4876
304 399 355 449 DE
372 395 698 450 CONGREGATIONE
715 392 1134 446 nuceo-Baussmcarnn.
1205 393 1274 464 107
1360 364 1363 372 v

160 574 213 639 nis
240 571 372 659 possint
397 571 432 636 in
455 591 517 637 sua
543 570 685 656 quisque
718 569 924 636 monasteria
962 570 1127 648 secedere,
1161 569 1274 655 ibique
1298 573 1448 668 'ir'g‘i‘n'iiui

159 677 367 762 aliquandiu,
383 697 444 744 nec
460 696 576 742 mense
591 677 713 753 minus,
724 695 806 753 esse,
823 683 861 740 ut
884 676 1059 741 sanctioris
1074 675 1272 761 disciplinae
1340 676 1408 735 1890·

158 802 223 846 usu
238 790 395 865 statoque
410 781 543 865 piarum
558 779 846 847 exercitationum
862 778 1026 844 curriculo
1042 779 1172 845 animos
1198 778 1271 845 refi·
1317 784 1449 856 Meum·

158 888 251 951 ciant
267 894 302 952 et
317 884 488 952 excolant.
1296 849 1451 976 3ξῇξῖζρ

202 990 284 1056 VII.
296 988 354 1055 Ad
366 989 450 1054 haec
476 988 640 1066 iubemus,
668 998 798 1056 certum
823 986 1000 1052 consilium
1016 986 1267 1072 quamprimum
1296 969 1391 1036 “ml
1418 978 1464 1074 ’ᾖ

156 1094 244 1177 cogi,
254 1113 299 1158 ex
315 1091 474 1158 Praeside
488 1091 646 1176 generali,
668 1101 844 1176 tamquam
862 1091 1083 1169 moderatore,
1108 1113 1154 1157 ex
1171 1094 1269 1159 Prae·
1327 1158 1343 1190 n

156 1196 278 1282 positis
304 1195 362 1280 qui
386 1215 475 1261 nunc
505 1203 585 1262 sunt
607 1195 859 1272 coenobiorum,
885 1193 1057 1279 tribusque
1090 1196 1268 1263 Monachis
1300 1253 1447 1299 pum

156 1298 338 1384 prudentia
353 1299 506 1384 inprimis
528 1309 563 1367 et
578 1300 732 1366 doctrina
762 1299 933 1383 spectatis,
960 1319 1046 1383 quos
1061 1299 1133 1384 ipse
1149 1301 1269 1385 legerit
1293 1311 1425 1422 3³53ss

1293 1446 1305 1477 θ

158 1405 297 1469 Praeses
309 1423 354 1468 ex
370 1403 411 1468 iis
422 1405 480 1489 qui
497 1403 713 1470 missionibus
725 1412 857 1471 vacant.
872 1439 916 1453 —
931 1403 1026 1468 Talis
1040 1405 1169 1470 consilii
1184 1404 1269 1470 haee
1305 1443 1426 1490 mque

155 1508 226 1574 sint
238 1507 399 1573 mandata
413 1531 421 1572 ε
436 1507 593 1591 primum,
616 1506 736 1576 utiam
762 1508 964 1574 constitutas
990 1508 1166 1577 missiones
1186 1511 1267 1576 assi·
1291 1489 1446 1598 ζρωζζζζ·

154 1620 239 1696 gnet
253 1610 340 1676 inter
356 1611 561 1676 monasteria
575 1631 584 1691 ;
600 1609 690 1677 iacta
706 1611 769 1694 ipsi
782 1621 961 1694 potestate,
976 1631 1065 1677 noua
1080 1612 1183 1678 etiam
1205 1633 1267 1696 pro
1292 1609 1447 1717 {mm}

153 1715 328 1780 communi
341 1713 538 1780 missionum
551 1715 643 1780 bono
652 1715 879 1781 constituendi
895 1740 903 1780 :
917 1715 1071 1794 alterum,
1086 1723 1124 1781 ut
1155 1716 1266 1801 capita
1292 1685 1342 1778 rii.

154 1817 329 1902 pecuniae,
344 1835 431 1902 quae
446 1818 537 1903 apud
555 1817 780 1885 Provinciales
793 1819 827 1884 in
839 1817 1036 1884 missionum
1060 1821 1264 1904 procuratio·

155 1942 235 1988 nem
247 1922 402 2008 deposita
417 1931 505 2002 sunt,
519 1921 670 2007 excipiat
684 1934 719 1989 et
728 1942 853 2008 aequas
870 1923 904 1987 in
917 1933 1030 2007 partes
1044 1923 1171 1990 tribuat
1195 1943 1266 1989 mo-

155 2026 321 2106 nasteriis,
337 2046 357 2091 a
373 2026 495 2111 quibus
510 2025 545 2090 in
561 2035 745 2110 posterum,
768 2027 953 2094 secundum
979 2027 1264 2094 Constitutionem

155 2117 318 2196 Nostram
334 2130 503 2196 Romanos
516 2129 698 2215 Pontifices,
712 2130 839 2196 editam
852 2130 936 2195 die8
955 2129 1038 2196 Maii
1058 2148 1149 2195 anno
1172 2131 1265 2208 1881,
1290 2191 1377 2238 Novae
1385 2193 1444 2240 ordo

153 2233 458 2300 administrentur:
492 2234 640 2314 tertium,
654 2245 692 2300 ut
723 2254 848 2300 novum
870 2233 1148 2299 constitutionum
1175 2233 1265 2298 ordi·
1289 2252 1444 2299 consuaso-

152 2357 234 2403 nem
244 2335 451 2415 conficiatis
462 2356 531 2421 quo
546 2336 730 2421 dIgerendo
745 2338 927 2403 adhaereat
943 2337 1127 2421 praesentis
1139 2335 1262 2402 consti·
1290 2311 1446 2416 ssfffflfffj

152 2440 296 2507 tutionis
311 2439 463 2521 decretis,
493 2439 738 2524 diligenterque
762 2441 918 2524 respiciat
948 2439 991 2504 ad
1015 2459 1056 2504 ea
1082 2446 1263 2524 quaesunt
1289 2429 1442 2550 ww

151 2545 298 2610 antehac
314 2544 453 2622 sancita,
479 2546 522 2609 de
547 2545 678 2628 Integra
708 2544 927 2628 legitimaque
953 2543 1142 2609 communIs
1172 2541 1262 2607 sitae
1288 2548 1370 2596 sitam·

149 2645 329 2732 disciplina
344 2647 563 2726 observanda,
577 2647 621 2712 de
633 2648 732 2712 unica
747 2647 892 2712 tirocinii
912 2647 1017 2712 domo
1030 2644 1197 2722 habenda,
1219 2645 1263 2710 de

150 2752 232 2818 sede
249 2751 414 2817 Praesidis
426 2750 591 2836 generalis
606 2751 804 2836 consiliique
819 2751 891 2817 eius
907 2751 940 2816 in
957 2749 1129 2817 coenobiis
1144 2760 1261 2816 tenen·

148 2855 205 2934 da,
219 2855 265 2920 de
278 2855 441 2921 vocandis
456 2854 499 2920 ad
516 2855 664 2939 capitula
680 2855 859 2940 generalia,
874 2874 983 2940 neque
1012 2855 1261 2940 praetermittat

148 2958 299 3025 recentia
313 2959 450 3024 decreta
464 2968 562 3042 super
574 2967 663 3026 statu
674 2957 930 3043 regulan'umde
939 2958 1141 3024 novitiorum
1158 2975 1260 3040 coop-

148 3060 280 3126 tatione
290 3079 330 3125 ac
345 3057 562 3144 prolessIone.
578 3059 753 3126 Mandatis
777 3061 888 3145 primo
914 3069 948 3125 et
963 3059 1069 3138 alteri,
1094 3060 1182 3124 intra
1197 3079 1260 3124 sex

148 3185 284 3231 menses
299 3166 344 3232 ab
357 3166 421 3231 hac
437 3165 529 3232 edita
539 3166 799 3246 Constitutione,
825 3167 925 3235 tertio
956 3177 1069 3232 autem
1098 3165 1186 3231 intra
1200 3185 1259 3229 an·

148 3291 242 3350 num,
257 3269 302 3336 ab
317 3270 392 3356 ipso
407 3270 548 3337 consilio
557 3271 601 3336 sit
616 3271 837 3338 satisfactum.

193 3373 303 3457 Igitur
324 3393 557 3460 quaecumque
580 3355 632 3440 his
663 3373 783 3441 litteris
807 3377 944 3443 decreta
971 3395 1011 3439 ac
1039 3374 1208 3439 declarata
1224 3383 1257 3440 et
1321 3414 1438 3486 msa

145 3477 277 3543 sancita
288 3485 377 3556 sunt,
391 3477 437 3543 ab
446 3477 604 3544 omnibus
620 3478 663 3544 ad
680 3498 765 3563 quos
787 3479 933 3564 pertinet
963 3477 1086 3544 servari
1102 3478 1257 3544 volumus
1280 3479 1414 3534 mm

144 3599 186 3646 ac
202 3582 413 3661 mandamus,
425 3601 487 3647 nec
509 3601 550 3647 ea
574 3583 694 3661 notari,
721 3581 857 3667 Iniringi
881 3591 916 3648 et
942 3581 977 3648 in
993 3583 1256 3648 controversiam
1283 3533 1437 3642 fflffl

143 3685 258 3752 vocari
273 3706 382 3769 posse,
402 3707 447 3752 cx
470 3685 695 3771 quasiqlicet,
710 3687 920 3770 privilegiata
935 3705 1063 3764 caussa,
1087 3685 1198 3751 colore
1222 3697 1257 3753 et
1281 3651 1368 3760 m
1397 3653 1435 3701 ὼ

143 3789 283 3855 nomine
296 3811 305 3870 ;
319 3791 378 3856 secl
395 3789 564 3874 plenarios
579 3798 613 3855 et
630 3791 778 3874 integros
795 3787 934 3855 effectus
949 3808 1028 3854 suos
1037 3787 1171 3866 habere,
1188 3809 1255 3854 non

142 3893 360 3960 obstantibus
390 3893 584 3978 praemissis
606 3903 649 3972 et,
680 3905 845 3978 quatenus
872 3912 958 3977 opus
988 3893 1041 3971 sit,
1072 3893 1206 3958 Nostris
1221 3901 1273 3958 et-

143 3995 374 4065 Cancellariae
404 3997 625 4081 Apostolicae
654 3998 787 4083 regulis,
823 3997 956 4065 Urbani
988 3997 1079 4062 VIII
1115 3996 1256 4080 aliisque

140 4100 364 4185 Apostolieis,
375 4102 478 4168 etiam
491 4103 524 4166 in
537 4101 751 4186 generalibus
766 4121 805 4167 ac
822 4101 1083 4186 provincialibus
1106 4100 1256 4167 conciliis

142 4203 252 4283 editis,
268 4203 574 4284 constitutionibus,
594 4225 656 4269 nec
680 4224 748 4270 non
764 4203 938 4288 qulbusuis
954 4204 1056 4272 etiam
1078 4203 1254 4270 confirma·

142 4306 238 4375 tione
253 4308 456 4394 Apostolica
468 4308 520 4377 uel
536 4310 655 4396 quavis
671 4310 738 4378 alia
753 4310 913 4377 firmitate
929 4310 1094 4377 roboratis
1109 4310 1254 4389 statutis,

144 4413 445 4480 consuetudinibus
480 4427 520 4480 ac
552 4415 901 4501 praescriptionibus3
934 4415 1056 4501 quibus
1088 4415 1255 4493 omnibus,
