3230 4874
433 373 500 442 118
617 393 803 443 arrasam
820 381 838 407 ‘¹
859 393 996 444 novun
1014 391 1283 444 annumeremur
1303 423 1323 452 ‚.

425 565 564 630 virtutes
580 568 771 646 imitandas,
796 588 882 651 quae
908 569 942 632 in
973 568 1089 634 divino
1110 567 1274 649 Magistro
1297 583 1337 627 ac
1367 560 1500 642 Deipan,

424 671 562 754 eiusque
578 670 713 754 Sponso
728 673 941 738 sanctissimo
957 672 1130 738 fulserunt.
1148 671 1225 735 Hae
1239 679 1352 733 autem
1375 665 1501 734 virtutes,

425 784 537 839 utnon
554 775 657 841 semel
669 778 960 856 monuImus,dum
973 787 1130 842 aeternae
1145 777 1234 839 vitae
1251 771 1432 838 mercedem
1455 781 1499 848 pa·

422 879 563 956 riunt,ad
580 881 837 963 prosperitatem
854 882 956 946 etiam
972 881 1177 946 domesticae
1189 889 1223 944 et
1235 877 1341 943 ciuilis
1356 867 1500 938 societatis

421 992 492 1047 tam
508 983 627 1048 misere
642 985 706 1048 hoc
721 995 875 1068 tempore
887 985 1070 1050 laborantis
1086 993 1239 1069 spectant
1255 1005 1262 1064 ;
1293 1001 1369 1046 cum
1398 997 1438 1040 ex
1463 971 1499 1036 ia·

420 1192 514 1257 cuius
537 1193 663 1256 familia
685 1191 943 1258 fundamentum
955 1203 1020 1274 est,
1037 1193 1225 1257 necessario
1236 1195 1498 1272 consequatur.-

421 1296 532 1361 Maius
547 1316 627 1361 vero
643 1295 764 1361 fiducia
782 1297 906 1362 Nostra
920 1299 1163 1362 incrementum
1179 1296 1270 1380 capit
1286 1295 1369 1359 dum
1395 1287 1498 1370 cogita·

420 1419 503 1477 mus,
515 1399 638 1466 Sacrae
651 1399 814 1464 Familiae
830 1401 974 1465 cultores
1001 1421 1046 1464 ex
1062 1401 1217 1465 instituto
1233 1396 1403 1464 societatis
1418 1404 1497 1476 quam

418 1502 577 1580 diximus,
592 1525 612 1566 a
628 1501 762 1569 Christo
775 1505 926 1569 Domino
941 1506 1085 1586 gratiam
1102 1524 1161 1588 per
1177 1505 1299 1568 merita
1316 1497 1431 1566 Matris
1440 1492 1498 1555 Vir·

416 1607 503 1690 ginis
519 1617 553 1672 et
581 1607 614 1672 S.
633 1608 766 1690 Iosephi
783 1609 900 1672 sedulo
916 1607 1149 1692 efflagitantes,
1174 1608 1358 1692 propitiam
1385 1596 1498 1666 indubie

416 1729 516 1792 opem
533 1721 741 1792 experturos,
754 1722 792 1777 ut
808 1713 911 1778 vitam
928 1722 1045 1778 sancte
1053 1721 1270 1798 componant,
1284 1720 1389 1793 atque
1412 1703 1453 1770 uti
1473 1699 1497 1762 in

416 1812 573 1878 domibus
588 1815 655 1878 suis
667 1815 1077 1893 concordiamcaritatem,
1093 1817 1125 1880 in
1142 1816 1290 1882 adversis
1308 1807 1496 1880 tolerantiam

377 1977 381 1988 ,
417 1935 615 1999 morumque
645 1917 856 1984 honestatem
881 1919 1046 1984 laetentur
1061 1917 1274 1984 efflorescere.
1290 1951 1337 1964 -
1352 1915 1438 1980 Vota
1452 1906 1498 1990 Igl-

262 1975 391 2036 Votasacrt
785 2024 792 2038 ‚
1411 2019 1418 2034 ,
1478 2011 1484 2024 .

241 2039 270 2080 ur
279 2037 391 2082 menra-
416 2031 469 2086 tur
484 2021 528 2084 ad
541 2021 652 2086 Deum
665 2020 878 2100 effundimus,
889 2034 927 2087 ut
941 2041 1121 2106 germanus
1134 2033 1342 2088 memoratae
1353 2021 1496 2084 societatis

232 2096 388 2212 lidum?
415 2123 551 2205 spiritus
567 2125 599 2188 in
616 2125 687 2190 dies
698 2125 797 2190 latius
811 2127 896 2190 inter
911 2125 1026 2192 fideles
1042 2137 1177 2190 emanet
1199 2145 1238 2188 ac
1269 2125 1393 2208 vigeat,
1417 2127 1496 2200 atque
1571 2147 1572 2184 l

240 2226 286 2316 ξ’
302 2216 393 2333 2225,ss
417 2227 449 2290 in
466 2226 552 2292 hanc
568 2247 638 2292 rem
655 2249 792 2311 operam
814 2249 910 2294 suam
926 2227 1107 2292 collaturos
1128 2237 1201 2292 tum
1217 2245 1389 2291 sacrorum
1418 2215 1496 2286 Anti·

240 2344 335 2437 πω
360 2339 391 2379 u·
416 2330 520 2407 stites,
535 2342 607 2396 tum
624 2352 741 2397 omnes
758 2331 929 2396 Ecclesiae
938 2331 1153 2398 administros
1169 2350 1237 2397 non
1260 2329 1456 2394 dubitamus
1466 2319 1494 2384 In

241 2404 276 2436 Μ
307 2405 327 2438 ”
418 2436 585 2499 mandatis
614 2445 728 2501 autem
759 2436 913 2500 dedimus
944 2433 1094 2500 Consilio
1121 2434 1248 2500 Nostro
1271 2431 1376 2498 sacris
1401 2425 1495 2492 ritibus

416 2540 618 2621 praeposit0‚
627 2551 663 2603 ut
679 2539 796 2604 orandi
806 2538 984 2606 formulam
997 2539 1040 2602 ad
1056 2547 1091 2602 te
1101 2539 1224 2616 mittat,
1233 2557 1337 2621 quam
1350 2529 1458 2601 confici
1470 2533 1495 2590 et

415 2640 469 2703 edi
480 2643 667 2706 curavimus
683 2645 716 2705 in
728 2663 824 2708 usum
850 2641 1009 2721 fidelium,
1024 2643 1067 2706 ad
1083 2644 1203 2707 domos
1219 2661 1296 2706 suas
1314 2641 1434 2708 Sacrae
1447 2633 1494 2697 Fa·

415 2741 527 2808 miliae
550 2747 801 2823 consecrandas,
826 2755 897 2810 tum
939 2746 1042 2811 etiam
1072 2747 1289 2829 quotidianae
1317 2731 1495 2829 precationis

414 2847 589 2929 exemplar
603 2868 624 2911 a
640 2846 793 2913 fidelibus
808 2851 842 2914 in
856 2849 979 2918 Sacrae
993 2849 1155 2914 Familiae
1166 2849 1382 2916 veneratione
1392 2836 1494 2930 persol·
1568 2907 1569 2918 ,

413 2949 552 3016 rendae.
568 2987 611 3000 -
621 2951 698 3015 Tuo
707 2953 843 3016 demum
857 2953 890 3017 in
904 2952 976 3018 Nos
988 2953 1161 3038 obsequio,
1176 2953 1299 3018 dilecte
1320 2952 1366 3018 fili
1383 2950 1495 3014 Noster,

414 3073 529 3135 parem
553 3053 742 3120 dilectionis
766 3053 924 3120 affectum
947 3057 1089 3122 libenter
1117 3055 1324 3141 profitemur,
1348 3053 1427 3120 etin
1451 3064 1495 3112 au·

413 3156 554 3238 spicIum
571 3157 764 3224 caelestium
781 3177 966 3237 munerum,
994 3159 1227 3244 Apostolicam
1248 3157 1495 3224 benedictionem

411 3259 483 3338 tibi,
498 3271 532 3325 et
546 3260 635 3326 clero
655 3281 693 3325 ac
715 3261 877 3340 fidelibus,
903 3266 1023 3347 quibus
1052 3264 1230 3348 praesides,
1250 3271 1456 3347 peramanter
1468 3253 1493 3316 ln

411 3365 792 3448 Dominoimpertimus.

454 3467 582 3532 Datum
608 3467 740 3532 Romae
763 3471 852 3552 apud
870 3471 904 3537 S.
921 3471 1057 3536 Petrum
1073 3471 1128 3538 die
1145 3487 1188 3538 20
1201 3469 1402 3536 Novembris
1420 3465 1496 3542 1890,

411 3570 628 3637 Pontificatus
638 3573 755 3638 Nostri
770 3593 861 3640 anno
875 3576 1008 3641 decimo
1024 3577 1132 3641 tertio.

1140 3769 1234 3837 LEO
1249 3769 1313 3835 ΡΡ.
1327 3767 1423 3834 XIII.
