3172 4874
399 397 449 446 DE
466 397 706 448 CONDlTlONE
724 397 916 450 OPIFICUM.
1139 401 1208 472 205

98 575 251 640 animose
279 580 405 655 queant
420 571 464 636 ab
479 572 535 636 illa
550 573 673 638 iniusta
689 594 728 637 ac
744 593 811 638 non
831 573 969 639 serenda
994 576 1212 659 oppressione
1278 595 1355 686 Μτῇη

97 679 270 744 redimere.
300 675 451 740 Omnino
477 678 586 760 optari
609 677 674 741 hoc
700 676 842 742 alterum
860 697 996 742 necesse
1012 699 1093 759 esse,
1110 701 1211 763 quam
1280 693 1346 751 1891.

97 791 211 869 potest
229 779 475 844 dubitationem
500 783 589 862 apud
614 801 671 844 eos
695 779 828 858 habere,
843 781 901 864 qui
917 780 1027 846 nolint
1041 802 1211 848 summum
1237 800 1363 873 lucraque·

97 885 246 952 hominis
263 883 389 947 bonum
405 883 439 946 in
455 883 763 965 praesentissimum
779 883 958 948 discrimen
975 886 1157 950 coniicere?
1237 867 1392 970 {ff'ffoeffi

141 989 253 1055 Valde
273 985 409 1068 quidem
436 985 595 1051 laudandi
622 986 810 1070 complures
826 1007 871 1050 ex
887 988 1020 1067 nostris,
1036 988 1093 1073 qui
1108 989 1213 1072 probe
1265 1032 1326 1078 rna
1335 1033 1389 1078 m,

102 1099 281 1177 perspecto
297 1090 377 1171 quid
394 1110 414 1153 a
429 1109 466 1153 se
481 1101 632 1173 tempora
655 1089 835 1174 postulent,
851 1091 1071 1174 experiuntur
1086 1112 1125 1156 ac
1141 1103 1213 1157 ten·
1239 1091 1392 1197 2¹²⁸&ssss

99 1205 175 1261 tant
194 1213 261 1277 qua
278 1193 407 1257 ratione
432 1195 628 1276 proletarios
652 1194 695 1260 ad
721 1194 859 1260 meliora
881 1196 1049 1260 adducere
1064 1197 1213 1262 honestis
1240 1165 1340 1280 saldra
1356 1167 1390 1256 ⁰0-

99 1299 227 1366 artibus
249 1297 389 1379 possint.
406 1294 557 1378 Quorum
574 1297 760 1380 patrocinio
775 1307 942 1382 suscepto,
956 1301 1213 1382 prosperitatem
1234 1270 1325 1374 {1²ssss
1354 1285 1389 1375 Z]

99 1421 222 1486 augere
239 1419 316 1464 cum
333 1400 553 1464 domesticam
568 1410 641 1470 tum
659 1401 865 1484 singulorum
882 1403 1125 1467 student:item
1143 1423 1214 1468 mo·
1239 1393 1343 1505 {m

98 1506 208 1572 derari
225 1524 301 1568 cum
321 1503 490 1586 aequitate
501 1504 642 1582 vincula,
654 1504 775 1586 quibus
790 1503 933 1568 invicem
952 1504 1095 1570 artifices
1111 1516 1144 1570 et
1154 1508 1213 1571 do·
1239 1514 1320 1613 scola?
1333 1513 1391 1595 ees·

100 1611 181 1676 mini
196 1608 428 1672 continentur:
440 1607 529 1672 alere
544 1618 577 1672 et
586 1607 784 1673 confirmare
799 1609 833 1671 in
849 1609 999 1693 utrisque
1016 1611 1212 1674 memoriam
1238 1581 1265 1611 Μ
1278 1581 1294 1611 '⁴
1305 1581 1371 1620 ans,

100 1713 199 1779 officii
217 1722 319 1794 atque
336 1711 602 1794 evangelicorum
627 1712 815 1777 custodiam
832 1723 1090 1794 praeceptorum
1104 1735 1112 1792 ;
1127 1732 1214 1796 quae
1239 1728 1363 1775 laudandi

100 1818 238 1903 quidem
264 1824 453 1898 praecepta,
476 1816 647 1880 hominem
665 1817 709 1880 ab
725 1816 985 1898 intemperantia
1016 1818 1214 1892 revocando,

101 1921 268 1988 excedere
285 1920 423 1983 modum
440 1929 565 1996 vetant,
579 1939 865 2003 personarumque
880 1929 915 1983 et
932 1940 1042 1985 rerum
1057 1921 1212 1986 dissimil-

100 2029 180 2092 limo
211 2035 301 2088 statu
327 2024 536 2088 harmoniam
557 2025 591 2087 in
618 2025 753 2087 civitate
782 2033 926 2088 tuentur.
945 2025 1022 2089 Hac
1038 2027 1080 2089 de
1096 2046 1214 2091 caussa
1251 2037 1390 2098 alqusver-

100 2149 204 2196 unum
222 2127 256 2190 in
273 2125 384 2190 locum
401 2147 501 2208 saepe
516 2127 693 2190 convenire
708 2127 861 2191 videmus
877 2128 966 2190 viros
982 2131 1213 2214 egregios,quo
1238 2097 1272 2151 Q

100 2233 355 2301 communicent
377 2231 518 2295 concilia
541 2232 693 2311 invicem,
714 2233 869 2316 viresque
893 2234 1046 2316 iungant,
1073 2246 1106 2300 et
1131 2238 1212 2318 quid

102 2337 251 2401 maxime
277 2333 437 2417 expedire
458 2337 620 2413 videatur,
645 2333 845 2400 consultent.
861 2335 932 2399 Alii
949 2338 1076 2400 varium
1105 2359 1213 2420 genus
1254 2353 1390 2416 olqurope-

101 2433 268 2504 artificum
285 2447 476 2521 opportuna
503 2439 659 2522 copulare
675 2441 835 2504 societate
851 2439 998 2519 student,
1012 2441 1152 2506 consilio
1174 2463 1213 2506 ac
1240 2428 1273 2467 ⁷⁶

102 2569 136 2611 re
152 2545 277 2622 iuvant,
290 2563 375 2626 opus
392 2563 433 2606 ne
449 2544 535 2607 desit
551 2544 730 2608 honestum
742 2564 781 2607 ac
793 2543 1011 2624 fructuosum,
1027 2545 1213 2627 provident.
1254 2587 1277 2648 c)
1291 2588 1335 2647 qm·
1346 2590 1392 2635 selo

101 2650 326 2716 Alacritatem
351 2647 480 2711 addunt
503 2667 541 2710 ac
564 2648 786 2730 patrocinium
810 2649 1009 2731 impertiunt
1033 2649 1215 2732 Episcopi:
1239 2649 1370 2709 apostolico,

101 2772 242 2837 quorum
270 2752 469 2815 auctoritate
497 2753 719 2835 auspiciisque
741 2753 852 2837 plures
879 2773 924 2818 ex
941 2764 1083 2838 utroque
1098 2755 1215 2820 ordine
1241 2809 1267 2866 d)
1291 2808 1391 2867 uipecu-

101 2857 188 2934 cleri,
204 2876 292 2939 quae
309 2855 351 2919 ad
362 2855 586 2920 excolendum
602 2857 752 2920 animum
768 2858 947 2939 pertinent,
964 2857 997 2921 in
1014 2861 1214 2925 consociatis
1240 2823 1290 2914 πῶς
1322 2867 1391 2914 adla-

102 2961 219 3025 sedulo
239 2969 364 3023 curant
381 2959 537 3042 Denique
551 2959 706 3024 catholici
731 2981 797 3024 non
823 2961 947 3026 desunt
968 2963 1112 3046 copiosis
1131 2965 1214 3028 divi·
1239 2929 1326 3032 lii?
1339 2927 1393 3044 aare

102 3065 166 3140 tiis,
183 3064 241 3126 sed
262 3064 540 3126 mercenariorum
556 3064 647 3127 velut
662 3074 835 3128 consortes
851 3063 1040 3145 voluntarii,
1055 3068 1112 3149 qui
1136 3087 1214 3132 con·
1232 3045 1369 3166 mrum

102 3169 239 3232 stituere
265 3165 401 3248 lateque
423 3165 560 3230 sundere
575 3168 694 3250 grandi
711 3169 854 3250 pecunia
875 3170 1140 3236 consociationes
1157 3173 1214 3236 ad·

102 3272 273 3337 nitantur:
290 3269 410 3352 quibus
426 3271 662 3335 adiuvantibus
678 3271 775 3334 facile
786 3271 898 3355 opifici
914 3272 1013 3337 liceat
1029 3295 1096 3339 non
1113 3276 1216 3340 modo

101 3373 282 3438 commoda
316 3374 513 3454 praesentia,
540 3375 598 3436 sed
623 3374 724 3438 etiam
747 3375 909 3439 honestae
937 3376 1058 3460 quietis
1086 3377 1215 3442 futurae
1272 3415 1391 3462 peppo„

102 3481 261 3545 fiduciam
278 3479 343 3542 sibi
359 3479 472 3543 labore
488 3501 655 3565 quaerere.
678 3482 764 3546 Tam
791 3483 971 3566 multiplex
994 3493 1132 3568 tamque
1147 3487 1214 3549 ala·
1240 3482 1391 3582 ffgtclffgue·

101 3585 166 3648 cris
179 3584 345 3646 industria
357 3592 519 3665 quantum
531 3585 679 3649 attulerit
692 3587 789 3650 rebus
803 3586 1039 3651 communibus
1051 3588 1130 3651 boni
1141 3589 1215 3671 plus
1240 3597 1290 3656 sia·
1326 3596 1392 3640 mdo

102 3698 153 3752 est
169 3689 353 3770 cognitum,
370 3708 471 3770 quam
499 3699 536 3752 ut
563 3691 705 3754 attineat
730 3692 849 3758 dicere.
875 3691 966 3754 Hinc
981 3692 1048 3754 iam
1065 3692 1151 3755 bene
1173 3694 1216 3756 de
1240 3659 1391 3773 {5552le

103 3793 231 3876 reliquo
256 3803 408 3874 tempore
439 3794 595 3875 sperandi
618 3795 768 3877 auspicia
791 3796 967 3872 sumimus,
988 3795 1090 3859 modo
1113 3797 1215 3860 socie·
1241 3775 1307 3820 Μ’·

103 3906 191 3962 tates
206 3896 397 3959 istiusmodi
414 3905 606 3960 constanter
621 3899 827 3962 incrementa
844 3899 988 3980 capiant,
1004 3919 1042 3961 ac
1059 3900 1216 3981 prudenti

103 4000 350 4083 temperatione
373 4001 627 4065 constituantur.
644 4001 787 4065 Tutetur
801 4000 864 4064 hos
881 4001 1068 4083 respublica
1092 4004 1214 4068 civium

104 4115 220 4169 coetus
244 4103 317 4166 iure
340 4105 502 4168 sociatos:
528 4124 570 4168 ne
595 4106 708 4169 trudat
731 4115 845 4170 tamen
862 4125 935 4169 sese
950 4106 984 4169 in
1001 4128 1117 4173 eorum
1139 4111 1215 4175 inti·
1246 4151 1392 4211 naporum

107 4229 197 4274 mam
215 4208 377 4271 rationem
394 4209 613 4292 ordinemque
630 4211 735 4288 vitae;
750 4211 862 4274 vitalis
877 4211 967 4274 enim
985 4223 1096 4277 motus
1112 4215 1217 4280 cietur
1240 4212 1394 4317 {wem

107 4313 151 4378 ab
161 4310 317 4375 interiore
328 4313 544 4395 principiano
555 4314 711 4378 facillime
721 4335 801 4378 sane
811 4315 909 4398 pulsu
921 4315 1215 4386 eliditurexterno.
1240 4336 1309 4382 coire.
1322 4344 1394 4388 eaque

154 4417 217 4480 Est
226 4413 377 4497 proiecto
389 4420 588 4500 temperatio
604 4439 643 4482 ac
656 4419 833 4502 disciplina
845 4421 990 4503 prudens
1003 4422 1045 4486 ad
1057 4443 1132 4488 earn
1146 4444 1215 4490 rem
1241 4391 1393 4510 lsssserelmm
