3230 4874
290 1379 337 1478 ’,τ’
389 1309 576 1686 ἰῇ
601 1417 728 1480 eminet
755 1425 831 1482 tuus
856 1414 913 1479 ille
943 1415 976 1478 in
1006 1413 1130 1481 Sedent
1146 1415 1388 1500 Apostolicam
1404 1437 1492 1482 amor

322 1591 327 1602 ,
602 1531 655 1586 tot
686 1522 785 1585 rebus
807 1530 947 1602 tamque
972 1519 1029 1584 diu
1060 1527 1232 1603 spectatus
1261 1529 1297 1585 et
1333 1523 1491 1606 cognitus

251 1590 366 1652 '’ms‘'
603 1625 713 1690 Nobis
737 1625 874 1709 quidem
900 1622 1066 1688 eiusmodi
1097 1621 1365 1707 significationes
1396 1626 1493 1690 animi

391 1730 439 1792 tui
455 1739 571 1812 gratae
592 1749 665 1794 esse
680 1730 772 1794 omni
788 1737 941 1812 tempore
955 1737 1223 1794 consueverunt:
1254 1729 1313 1794 sed
1339 1731 1432 1808 haec,
1453 1732 1492 1796 de

210 1657 259 1710 pro
304 1664 365 1696 acre·

211 1710 263 1770 ptis
275 1709 367 1757 fitteris

210 1769 310 1828 gratias

215 1830 274 1888 Ψ·
391 1851 458 1913 qua
472 1831 649 1916 loquimur,
661 1833 782 1898 accidit
798 1833 930 1916 abipsa
944 1833 1198 1916 opportunitate
1222 1835 1357 1918 gratior.
1384 1835 1492 1900 Habe·

392 1933 510 2000 bamus
541 1937 630 2000 enim
658 1956 717 2019 per
747 1957 805 2000 eos
835 1936 907 2001 dies
945 1937 1047 2001 etiam
1063 1935 1155 2002 illam
1180 1937 1381 2018 molestiam,
1394 1957 1490 2024 quarn

391 2039 494 2104 adlati
511 2039 745 2104 nonnullorum
762 2059 807 2104 ex
824 2039 998 2104 Britannia
1006 2058 1177 2105 sermones
1189 2039 1379 2126 iudiciaque
1389 2043 1492 2106 minus

391 2161 498 2225 aequa
529 2153 736 2226 pepererant.
764 2181 809 2192 -
835 2142 935 2209 Nosti
965 2143 1150 2218 hominum,
1180 2143 1308 2209 nomini
1331 2145 1493 2210 catholico

247 2287 369 2346 omn-„7
392 2247 613 2326 inimicorum,
629 2249 788 2313 usitatum
802 2267 929 2312 morem
944 2271 952 2312 ε
968 2247 1028 2312 vix
1052 2249 1234 2331 reperiatur
1256 2250 1388 2315 romani
1412 2249 1491 2314 Pon·

214 2347 341 2456 mxu
391 2349 498 2431 ulicis,
517 2354 713 2438 praesertim
745 2354 778 2417 in
810 2351 953 2436 negotiis
984 2351 1201 2435 gravioribus,
1231 2351 1360 2420 dictum
1392 2353 1489 2420 ullum

212 2465 365 2536 erupturi·
391 2457 568 2532 factumve,
590 2458 680 2540 quod
713 2475 828 2521 eorum
859 2455 1152 2539 reprehensionem
1168 2457 1345 2541 variasque
1367 2459 1490 2539 vitupe-

211 2525 364 2632 man.
390 2561 535 2625 rationes
558 2558 722 2642 effugiat:
752 2560 854 2644 idque
878 2579 979 2642 saepe
994 2579 1054 2643 per
1069 2559 1329 2643 imprudentiam
1362 2560 1489 2635 faciunt,

208 2648 306 2764 {gss‘afl'
325 2659 364 2690 ‘¹⁶'
390 2683 490 2746 saepe
505 2663 606 2728 etiam
623 2663 770 2729 consilio.
797 2664 940 2730 Interest
970 2663 1069 2728 enim·
1091 2663 1312 2743 inimicorum,
1332 2684 1420 2747 quaa
1441 2649 1488 2726 vel

389 2769 519 2851 optimo
534 2769 605 2833 iure
620 2778 654 2834 et
675 2771 850 2853 perspicua
866 2789 943 2835 curn
960 2769 1107 2836 utilitate
1121 2771 1292 2835 communi
1308 2782 1405 2854 gesta
1420 2769 1489 2844 sint,

271 2895 365 2942 naam
389 2871 422 2934 in
454 2871 653 2937 deteriorem
684 2883 814 2957 partem
841 2875 1001 2956 accipere.
1029 2873 1085 2940 Sic
1114 2873 1167 2938 his
1189 2874 1368 2957 postremis
1390 2872 1489 2944 annis,

211 2956 364 3062 ΞζξῇξὟζ-’ξ
389 2981 560 3042 commota
575 2997 634 3061 per
646 2998 740 3062 spem
753 2979 927 3044 meliorum
940 2999 1049 3044 rerum
1064 2977 1239 3058 Hibernia,
1267 2979 1340 3044 Nos
1356 2989 1442 3044 certe
1457 2977 1487 3039 irr

210 3073 364 3180 gffmffi·
389 3098 503 3145 earum
520 3100 628 3146 rerum
639 3101 772 3146 cursum
788 3092 982 3148 constanter
1005 3081 1172 3148 intentum
1196 3083 1348 3148 animum
1378 3081 1487 3147 habui-

208 3191 339 3254 peregm't.
390 3202 464 3246 mus
479 3182 592 3248 studio
607 3184 909 3269 benevolentiaque
924 3194 1028 3263 tanta,
1039 3196 1166 3268 quanta
1183 3184 1411 3250 Hibemorum
1426 3201 1485 3248 nou

390 3287 492 3351 modo
518 3285 662 3352 afflictae
678 3285 840 3368 fortunae,
855 3289 914 3354 sed
935 3289 1060 3365 virtuti,
1075 3288 1237 3371 religioni,
1261 3287 1446 3353 fortitudini
1469 3303 1487 3348 a

388 3409 529 3455 romano
547 3389 710 3456 Pontifice
724 3392 918 3457 debebatur.
928 3391 1047 3459 -Sed
1061 3401 1209 3476 utquam
1220 3391 1404 3456 rectissime
1418 3409 1487 3472 age·

388 3504 502 3559 rentur
517 3497 641 3574 omnia,
657 3496 808 3561 misimus
823 3497 857 3560 in
889 3517 958 3561 rem
982 3507 1193 3580 praesentem
1219 3516 1297 3562 cum
1329 3493 1487 3560 mandatis

388 3597 495 3661 virum
512 3597 712 3681 prudentem
724 3607 757 3661 et
772 3617 920 3680 gravem,
934 3598 1071 3682 quiquo
1086 3619 1137 3664 res
1154 3607 1246 3671 statu
1261 3597 1485 3676 forentcoram

387 3709 537 3766 cerneret
552 3721 560 3781 ;
576 3709 676 3783 atque
692 3699 810 3766 habitu
827 3703 1015 3770 animorum
1043 3722 1230 3787 caussaque
1259 3703 1354 3768 ornni
1377 3700 1484 3784 explo-

388 3813 470 3882 rata,
485 3815 640 3870 accurate
656 3805 697 3868 ad
716 3805 790 3870 Nos
805 3817 840 3870 et
856 3805 998 3872 fideliter
1028 3805 1173 3874 referret.
1191 3804 1348 3889 Cumque
1371 3803 1484 3870 multos

387 3909 592 3973 constitisset
605 3907 705 3974 finem
722 3920 757 3976 et
774 3912 912 3976 modum
929 3911 963 3975 in
975 3909 1192 3977 dimicatione
1200 3909 1352 3987 transire,
1373 3910 1485 3991 impio

388 4011 541 4078 bavimus
553 4014 645 4097 quod
661 4025 733 4080 erat
748 4015 890 4100 dignum
918 4014 1175 4098 improbatione,
1190 4013 1369 4079 admonita
1385 4009 1482 4076 multi·

388 4112 506 4178 tudine
521 4123 558 4178 ut
588 4114 826 4198 quodcumque
855 4113 983 4178 iustitia
1008 4133 1075 4178 non
1099 4113 1268 4197 probaret,
1283 4113 1317 4178 id
1333 4117 1482 4187 omnent

388 4213 485 4277 decet
509 4211 718 4293 christianos,
741 4223 839 4279 caute
863 4211 1047 4298 defugeret.
1067 4211 1267 4279 Cuiusmodi
1292 4211 1439 4288 decretis,
1456 4207 1480 4270 si

390 4322 479 4376 recte
493 4311 670 4378 diiudicari
686 4314 775 4392 velit,
791 4334 858 4379 non
876 4313 1006 4378 muneri
1021 4312 1129 4378 solum
1147 4311 1285 4392 Nostro,
1310 4321 1348 4378 ut
1362 4319 1479 4394 oporte·

389 4409 458 4485 bat,
469 4409 550 4474 satis
566 4408 716 4492 fecimus,
730 4413 787 4477 sed
804 4413 923 4496 ipsarn,
938 4433 1000 4496 pro
1023 4431 1091 4496 qua
1120 4413 1296 4480 contendit
1321 4407 1477 4480 Hibernia.
