3172 4874
107 1623 110 1634 .
192 1575 290 1638 opifici,-

376 392 446 464 186
515 409 704 462 amanus
729 408 885 462 encres„
909 395 930 425 “
946 371 1079 460 aarum
1098 407 1288 459 uovnnuu
1304 443 1327 472 „

370 583 452 648 dum
462 581 800 665 certamenipsasque
812 581 884 644 eius
896 579 1024 644 radices
1035 577 1363 661 amputandas,mira
1372 579 1427 642 vis
1438 587 1487 644 est

371 685 599 751 institutorum
612 685 880 760 christianorum,
889 703 996 767 eaque
1007 681 1197 764 multiplex.

193 794 345 900 ww:
414 787 469 854 Ac
483 790 629 874 primum
645 799 718 855 tota
744 787 921 872 disciplina
947 784 1126 870 religionis,
1141 787 1235 849 cuius
1250 795 1301 850 est
1318 787 1486 870 interpre

194 927 247 958 men
266 914 343 984 gin}
370 902 404 957 et
419 904 532 988 custps
549 893 709 971 Ecclesia,
725 911 929 976 magnopere
944 901 1057 976 potest
1084 889 1268 973 locupletes
1284 901 1320 957 et
1335 893 1485 975 proleta-

187 971 345 1078 {ffissssm‘
371 997 436 1062 rios
446 1017 648 1080 componere
660 997 802 1062 invicem
813 1005 848 1062 et
867 996 1080 1080 coniungere,
1095 993 1221 1060 scilicet
1233 1003 1381 1078 utroque
1398 997 1486 1061 ordi-

209 1101 329 1196 ”lisa
371 1121 413 1166 ne
428 1100 470 1166 ad
487 1099 597 1165 officia
624 1109 741 1165 mutua
758 1101 955 1176 revocando,
971 1099 1004 1162 iu
1033 1099 1216 1182 primisque
1241 1100 1285 1165 ad
1301 1120 1344 1164 ea
1362 1121 1484 1184 quaea

206 1209 232 1268 a)
247 1221 328 1256 rusrr·
370 1205 496 1270 iustitia
512 1205 686 1270 ducuntur.
704 1204 836 1287 Quibus
848 1223 895 1268 ex
917 1203 1035 1268 officiis
1061 1203 1119 1268 illa
1145 1204 1363 1287 proletarium
1381 1213 1484 1288 atque

192 1281 341 1387 mallim
368 1307 524 1392 opificem
541 1309 733 1392 attingunt,
760 1309 849 1391 quod
875 1307 977 1372 libere
997 1317 1032 1372 et
1057 1327 1133 1372 cum
1155 1309 1328 1392 aequitate
1344 1319 1482 1392 pactum

193 1389 343 1517 :mro
369 1432 491 1496 operae
503 1413 556 1491 sit,
567 1411 601 1478 id
622 1415 751 1496 integre
765 1423 800 1478 et
816 1410 959 1476 fideliter
974 1412 1132 1476 reddere:
1147 1431 1214 1476 non
1229 1413 1275 1476 rei
1291 1412 1364 1478 ullo
1380 1413 1482 1477 modo

193 1518 281 1564 Μανία
320 1523 345 1563 ‘l
371 1536 499 1594 nocere,
514 1536 582 1580 non
598 1535 776 1600 personam
803 1515 928 1580 violare
943 1515 1157 1580 dominorum
1172 1538 1180 1579 :
1195 1515 1228 1578 in
1247 1514 1329 1598 ipsis
1347 1515 1479 1580 tuendis

371 1619 555 1684 rationibus
570 1620 639 1683 suis
654 1619 822 1684 abstinere
849 1639 869 1683 a
895 1621 937 1696 vi,
953 1637 1014 1684 nec
1041 1619 1240 1683 seditionem
1264 1618 1409 1682 induere
1422 1637 1480 1680 un·

370 1741 472 1806 quam
485 1745 492 1785 :
505 1742 566 1786 nec
577 1723 786 1788 commisceri
796 1743 873 1788 cum
885 1721 1078 1787 hominibus
1088 1720 1271 1804 flagitiosis,
1280 1721 1480 1785 immodicas

370 1846 447 1909 spes
462 1837 496 1892 et
520 1828 685 1909 promissa
711 1821 862 1911 ingentia
882 1825 1060 1892 artificiose
1076 1827 1287 1904 iactantibus,
1303 1827 1398 1908 quod
1416 1825 1480 1890 lere

369 1930 471 1994 habet
486 1931 727 2013 poenitentiam
755 1931 907 1996 inutilem
932 1939 966 1994 et
992 1928 1200 1995 fortunarum
1225 1929 1341 1994 ruinas
1367 1947 1479 1994 conse

206 2039 296 2117 illaria
306 2049 342 2096 u·-
368 2044 518 2118 quentes
534 2071 578 2085 —
595 2035 665 2100 lsta
680 2055 760 2100 vero
774 2035 817 2100 ad
842 2035 963 2101 divites
987 2043 1141 2118 spectant
1156 2053 1196 2098 ac
1218 2033 1399 2099 dominos:
1415 2052 1477 2097 non

191 2109 343 2216 ,lm-„⁰⁶
370 2137 542 2203 habendos
558 2139 800 2222 mancipiorum
817 2138 892 2202 loco
917 2137 1054 2220 opifices
1069 2161 1076 2202 :
1091 2137 1195 2201 vereri
1218 2135 1317 2201 ineis
1333 2153 1476 2218 aequum

208 2227 243 2288 “l
260 2251 342 2342 W
369 2259 442 2305 esse
456 2243 656 2326 dignitatem
674 2261 843 2325 personae,
859 2242 975 2324 utique
1001 2241 1212 2306 nobilitatam
1239 2241 1283 2305 ab
1300 2259 1352 2318 e0,
1367 2239 1477 2303 chara·

190 2291 321 2355 damop

181 2353 342 2462 {candax-
369 2355 438 2409 cter
463 2347 664 2412 christianus
687 2347 745 2430 qui
772 2347 901 2412 dicitur.
918 2344 1147 2429 Quaestuosas
1171 2355 1269 2422 artes,
1284 2344 1312 2406 si
1342 2353 1475 2408 naturae

191 2486 290 2519 maram
320 2483 343 2522 ,ι
368 2450 462 2526 ratio,
477 2451 504 2514 si
520 2451 701 2516 christiana
717 2449 929 2533 philosophia
944 2449 1110 2527 audiatur,
1124 2469 1191 2513 non
1209 2449 1328 2532 pudori
1350 2445 1474 2512 homiui
1571 2453 1572 2480 ³

190 2531 340 2644 wlff
368 2573 449 2631 esse,
460 2554 519 2619 sed
530 2554 650 2632 decori,
662 2555 741 2638 quia
752 2553 841 2618 vitae
862 2552 1103 2618 sustentandae
1118 2553 1281 2636 praebent
1295 2553 1470 2616 honestam

187 2649 306 2766 {im
368 2667 579 2740 potestatem.
593 2658 680 2722 lllud
694 2679 771 2723 vere
781 2668 878 2740 turpe
890 2666 924 2723 et
934 2657 1164 2732 inhumanum,
1174 2657 1268 2722 abuti
1280 2655 1470 2722 homiuibus

186 2773 340 2886 gaemrss
367 2780 427 2843 pro
439 2761 537 2824 rebus
546 2763 589 2826 ad
599 2771 849 2846 quaestumnec
860 2760 969 2826 lacere
989 2781 1047 2826 eos
1067 2761 1180 2844 pluris,
1190 2780 1292 2844 quam
1308 2769 1468 2843 <tumtum

188 2893 340 2943 neroum
367 2865 475 2928 nervis
491 2865 640 2947 polleant
667 2867 866 2950 viribusque.
883 2865 1044 2931 Similiter
1070 2865 1280 2948 praecipitur,
1305 2863 1469 2947 religionis
1569 2941 1570 2950 ἶ

189 2961 285 3005 “’“””“
365 2977 399 3033 et
415 2968 579 3034 bonorum
596 2970 698 3034 animi
723 2969 838 3034 haberi
864 2970 1030 3034 rationem
1058 2969 1092 3033 in
1107 2968 1294 3052 proletariis
1309 2977 1468 3051 oportere.

366 3069 479 3154 Quare
494 3072 707 3138 dominorum
735 3083 846 3156 partes
873 3093 955 3150 esse,
969 3071 1099 3137 efficere
1115 3083 1152 3136 ut
1168 3072 1291 3137 idoneo
1313 3071 1469 3153 temporis

364 3175 475 3258 spatio
487 3177 605 3259 pietati
620 3186 715 3241 vacet
727 3175 842 3260 opifex
855 3201 862 3242 :
876 3195 943 3241 uon
955 3177 1126 3241 hominem
1135 3176 1217 3240 dare
1230 3177 1369 3240 obvium
1382 3175 1467 3238 leuo-
1568 3221 1569 3228 ,

364 3281 459 3344 ciniis
488 3281 751 3364 corruptelarum
783 3281 1014 3365 illecebrisque
1044 3280 1227 3363 peccandi:
1265 3299 1375 3364 neque
1403 3275 1467 3342 ullo

364 3393 465 3464 pacto
490 3405 510 3448 a
537 3403 617 3450 cura
643 3385 828 3450 domestica
856 3385 1147 3468 parcimoniaeque
1173 3383 1286 3448 studio
1300 3385 1467 3448 abducere

365 3486 451 3550 ltem
469 3509 536 3554 non
553 3489 628 3571 plus
639 3488 812 3571 imponere
821 3489 941 3572 operis,
952 3508 1052 3572 quam
1063 3489 1149 3552 vires
1161 3487 1244 3552 serre
1257 3497 1392 3572 queant,
1406 3504 1461 3550 uec
1567 3507 1568 3560 ξ

189 3615 338 3686 purnium.
363 3591 397 3655 id
409 3611 525 3675 genus,
536 3595 626 3676 quod
639 3613 716 3658 cum
729 3602 841 3658 aetate
854 3613 1006 3676 sexuque
1018 3592 1186 3658 dissideat
1199 3629 1243 3642 —
1256 3593 1296 3657 ln
1314 3589 1465 3658 maximis

186 3684 339 3790 &25:⁸⁵2ss
362 3703 476 3760 autem
500 3691 618 3760 officiis
648 3697 863 3761 dominorum
895 3696 976 3762 illud
1009 3698 1146 3776 eminet,
1177 3697 1264 3762 iusta
1294 3697 1464 3778 unicuique

186 3803 337 3910 {gum
363 3799 530 3880 praebere.
547 3799 700 3864 Profecto
716 3809 753 3865 ut
781 3801 943 3864 mercedis
969 3809 1136 3866 statuatur
1152 3821 1197 3866 ex
1213 3801 1385 3884 aequitate
1399 3817 1462 3862 mo-

185 3923 246 3976 dem.
362 3904 435 3980 dus,
459 3922 599 3968 caussae
628 3914 706 3969 sunt
735 3904 1000 3971 considerandae
1031 3906 1162 3988 plures:
1194 3905 1252 3970 sed
1283 3904 1460 3988 generatim

362 4006 546 4089 locupletes
561 4017 663 4091 atque
677 4008 748 4072 heri
779 4009 1003 4086 meminerint,
1018 4029 1170 4092 premere
1185 4007 1402 4074 emolumenti
1416 4006 1461 4070 sui

185 4147 327 4191 ,imm
362 4127 479 4172 caussa
495 4110 685 4192 indigentes
709 4131 749 4174 ac
774 4111 922 4189 miseros,
938 4113 1112 4195 alienaque
1140 4133 1185 4176 ex
1208 4111 1323 4196 inopia
1338 4121 1462 4194 captare

186 4217 239 4304 m
252 4204 338 4307 Ἢ·
363 4221 549 4290 quaestum,
565 4233 631 4276 non
648 4214 772 4292 divina,
794 4236 861 4279 non
888 4216 1036 4281 humana
1063 4219 1135 4281 iura
1158 4218 1273 4282 sinere
1303 4215 1462 4282 Fundam

188 4320 338 4388 stemmat-
363 4329 442 4373 vero
452 4331 655 4396 quemquam
678 4320 831 4382 mercede
842 4319 955 4383 debita
976 4321 1103 4402 grande
1115 4321 1284 4403 piaculum
1303 4330 1363 4396 est,
1378 4313 1459 4400 quod

186 4379 261 4488 222⁸,-
287 4391 338 4422 ‘³⁸‘
367 4407 433 4472 iras
448 4432 467 4475 e
482 4416 574 4479 caelo
590 4417 723 4482 ultrices
737 4420 884 4484 clamore
910 4421 1061 4487 devocat.
1076 4421 1155 4486 Ecce
1180 4444 1298 4488 merces
1310 4420 1458 4504 sperono
