3230 4874
103 393 159 442 DE
176 387 392 454 QUESTIONE
410 385 568 448 SOClffl,
590 388 719 452 DEQUE
737 389 982 444 MISSIONIBUS
1001 395 1122 445 AFRIC.
1162 393 1207 466 45

100 567 286 649 omniaque
311 571 442 646 gereret
466 561 735 646 auspicatissime
761 581 801 626 ea
822 583 914 645 gens,
938 585 1024 648 quae
1048 568 1212 650 quidquid
1263 576 1264 580 ’
1298 595 1329 628 20

100 668 245 752 appetit,
258 665 423 749 quidquid
441 666 575 748 publice
585 686 626 730 ac
642 665 798 748 privatim
815 667 901 748 gerit
917 669 960 732 ad
976 670 1075 734 huius
1086 673 1212 735 veracis
1258 641 1368 752 agga

103 773 281 837 doetrinae
296 789 450 833 normam
467 770 630 853 exigeret.

150 875 247 939 Haec
258 874 360 956 plane
375 873 561 938 Nobiscum
579 873 729 937 sentiunt
744 880 779 936 et
790 873 983 958 intelligunt
994 878 1078 941 sacri
1096 877 1212 942 Antis·
1270 885 1389 956 qunfani

100 981 183 1045 tites
198 977 389 1042 Germanici
408 977 556 1059 Imperii,
576 996 720 1060 quorum
736 979 940 1060 pastoralem
965 981 1072 1044 zelum
1094 984 1213 1064 proba.
1239 946 1391 1064 munta·

100 1093 183 1148 runt
207 1080 315 1145 Nobis
338 1079 432 1160 plura
462 1081 505 1144 ab
537 1081 577 1143 iis
610 1079 780 1162 praeclare
811 1091 907 1165 gesta
933 1084 985 1146 vel
1014 1085 1147 1169 incepta
1178 1099 1215 1152 ut
1239 1063 1392 1176 {ssss‘luq-{l‘m

101 1205 325 1253 aerumnosae
349 1185 439 1248 vitae
464 1184 571 1266 plebis
593 1184 766 1267 operariae
789 1195 823 1249 et
849 1188 978 1269 egentis
994 1199 1074 1269 apta
1089 1189 1215 1254 deleni-

103 1299 222 1355 menta
238 1288 587 1372 pararent-Verum
600 1309 669 1372 quo
681 1288 812 1370 plenius
822 1306 856 1353 et
868 1289 1035 1356 efficacius
1046 1303 1216 1374 praestare

102 1404 209 1478 queat
224 1393 376 1458 Ecclesia
387 1411 475 1475 quae
491 1412 542 1456 res
559 1413 598 1456 ac
615 1404 750 1475 tempus
766 1392 924 1475 postulat,
934 1395 1054 1460 studiis
1076 1397 1217 1462 viribus-

102 1518 173 1582 que
187 1497 375 1562 coniunctis
390 1497 483 1560 omni
495 1497 658 1574 utendum
669 1497 863 1562 estuatione
875 1508 908 1562 et
918 1518 991 1581 ope,
1007 1521 1094 1584 quae
1105 1502 1213 1566 eidem
1240 1482 1381 1530 “malm'‘

1240 1541 1351 1589 certatim
1365 1546 1394 1587 υἱ

104 1613 242 1687 praesto
257 1603 301 1665 sit
317 1602 359 1665 ad
387 1601 466 1665 mali
484 1602 637 1665 levamen
660 1612 864 1684 comparata
890 1601 1026 1668 Scilicet
1051 1607 1215 1690 imprimis
1236 1599 1396 1708 mand

104 1705 235 1770 conniti
250 1715 385 1788 oportet
402 1706 543 1787 patienti
560 1714 594 1769 et
610 1713 749 1770 actuosa
766 1706 945 1771 sedulitate
966 1717 1012 1786 ut,
1028 1712 1217 1775 emendatis
1243 1721 1339 1768 cruore
1357 1721 1394 1766 vr.

106 1809 268 1884 moribus,
293 1820 488 1873 assuescant
514 1809 630 1892 populi
653 1809 809 1892 privatim
836 1830 875 1873 ac
901 1812 1034 1892 publice
1049 1814 1096 1878 sic
1112 1817 1216 1879 vitam
1241 1787 1310 1900 22²1,
1357 1779 1394 1825 d*

105 1933 209 1995 agere
225 1922 262 1976 ut
277 1913 449 1976 doctrinae
465 1922 630 1994 congruat
645 1923 680 1976 et
691 1913 859 1997 exemplis
876 1914 1000 1980 Christi
1013 1926 1103 1982 :tum
1116 1939 1219 2001 opera

105 2017 224 2081 danda
249 2025 301 2080 est
327 2027 364 2079 ut
388 2037 430 2079 ne
453 2036 472 2080 a
495 2017 597 2080 sacris
620 2017 768 2080 iustitiae
798 2027 832 2082 et
855 2020 1004 2084 caritatis
1031 2026 1219 2106 praeceptis

107 2121 304 2186 discedatur
319 2120 416 2203 siqua
431 2121 474 2184 de
490 2142 525 2185 re
544 2121 729 2204 ambigitur
752 2121 841 2184 inter
855 2122 965 2188 varios
989 2125 1112 2191 civium
1131 2130 1220 2193 ordi·

109 2243 182 2302 nes,
206 2233 307 2308 atque
333 2233 370 2287 ut
395 2243 443 2301 ea,
467 2243 554 2306 quae
580 2222 665 2288 sorte
686 2224 891 2302 oboriantur,
914 2228 1055 2292 dissidia
1079 2240 1220 2313 paterna
1241 2200 1397 2322 Ῐῖἑῖῗῗῖ

109 2329 312 2410 interposita
352 2329 528 2392 l’astorum
566 2329 768 2392 auctoritate
798 2329 960 2393 tollantur
987 2355 995 2396 :
1033 2337 1218 2400 curandum
1245 2319 1355 2372 “dm‘’

1246 2379 1358 2424 molestia

108 2433 257 2515 denique
272 2441 311 2496 ut
322 2430 462 2496 leviores
485 2431 628 2496 toleratu
654 2433 722 2496 sint
747 2433 904 2517 inopibus
930 2437 1115 2516 praesentis
1132 2440 1221 2504 vitae
1247 2437 1363 2542 {mg

110 2537 298 2614 molestiae,
312 2556 352 2599 ac
367 2536 528 2600 divitibus
544 2557 626 2618 opes
643 2536 867 2602 instrumento
883 2539 951 2601 sint
968 2559 1035 2603 non
1056 2541 1221 2608 fovendae
1246 2560 1295 2608 tur.
1312 2553 1398 2600 diviti·

110 2641 309 2723 cupiditatis
331 2651 365 2702 et
381 2639 573 2704 inferendae
590 2641 738 2720 iniuriae,
754 2642 812 2705 sed
835 2641 1005 2707 beneficae
1020 2645 1116 2727 stipis
1137 2649 1220 2712 elar-
1245 2614 1398 2719 lifsasllntfls
1427 2709 1430 2716 ,

111 2742 265 2824 giendae,
280 2761 348 2824 qua
363 2742 597 2823 praetiosiores
614 2741 788 2806 thesauros
804 2743 979 2825 acquirant
995 2744 1029 2808 in
1045 2747 1155 2812 caelis.
1245 2737 1357 2780 “mm''

158 2845 272 2929 Quare
288 2845 394 2909 multa
406 2865 583 2909 censemus
599 2845 699 2910 laude
724 2845 829 2927 digua
855 2867 942 2929 quae
961 2850 1019 2931 pia
1035 2849 1220 2916 Germano·
1271 2893 1399 2938 GM„

111 2971 187 3014 rum
203 2948 367 3013 industria
383 2949 520 3012 molitur
535 2950 615 3012 dum
633 2950 733 3012 aedes
750 2959 847 3030 parat
874 2947 941 3032 q'uo
958 2955 1067 3034 pacati
1084 2954 1221 3038 opifices
1247 2967 1303 2998 ram
1333 2954 1397 2998 “²¹1⁵

111 3053 254 3118 honeste
280 3051 493 3129 conveniant,
512 3051 645 3116 scholas
673 3053 788 3115 condit
812 3064 846 3117 et
871 3075 1052 3137 gynaecea,
1067 3069 1104 3122 ut
1120 3077 1222 3148 sexus
1247 3017 1401 3123 llurallll‘f·

112 3155 287 3237 utriusque
302 3153 459 3218 iuventus
482 3163 561 3236 apte
577 3165 733 3238 recteque
761 3155 963 3235 instituatur,
987 3160 1119 3224 sodales
1142 3181 1221 3226 con·

109 3267 232 3340 gregat
248 3257 291 3321 ad
308 3255 488 3320 fovendam
506 3257 678 3338 pietatem,
690 3257 823 3342 aliaque
836 3260 869 3324 id
893 3281 999 3344 genus
1020 3267 1223 3346 aggreditur.

114 3361 291 3446 Siquidem
307 3361 390 3424 haec
406 3381 447 3424 eo
463 3362 633 3445 pertinent
650 3372 686 3426 ut
703 3382 769 3426 non
788 3364 889 3428 modo
904 3368 1047 3447 operarii
1068 3368 1223 3432 homines

114 3465 326 3531 commodius
342 3465 446 3528 vitam
463 3474 577 3547 agant,
601 3485 785 3547 eorumque
801 3464 953 3532 leventur
979 3471 1025 3533 rei
1051 3470 1223 3537 familiaris

115 3568 299 3652 angustiae,
314 3568 488 3632 sedetiam
506 3579 543 3632 ut
559 3567 676 3651 religio
693 3569 840 3651 bonique
864 3591 973 3635 mores
989 3574 1033 3636 ab
1054 3574 1093 3636 iis
1109 3574 1222 3640 colan-

116 3683 178 3737 tur.
202 3705 247 3717 ·-
267 3671 375 3736 Nobis
404 3673 575 3736 enimvero
592 3671 834 3755 periucundum
852 3671 1018 3740 accideret
1032 3678 1060 3740 si
1082 3677 1224 3743 Germa·
1276 3687 1402 3743 quaopra·

117 3777 192 3840 niae
220 3775 379 3860 Episcopi
410 3797 450 3842 ea
481 3798 548 3860 qua
574 3777 747 3842 excellunt
773 3779 875 3842 animi
901 3783 1099 3861 constantia,
1123 3785 1222 3848 simul
1250 3742 1405 3848 hllntllslr

117 3881 347 3945 adnitentibus
372 3880 461 3944 clero
484 3891 518 3945 et
544 3879 707 3959 fidelibus,
731 3881 849 3946 iisdem
878 3881 1028 3948 felicibus
1053 3887 1223 3970 religionis
1251 3865 1364 3908 ‘mm'

118 3984 282 4068 auspiciis,
298 3985 419 4067 quibus
436 4006 476 4048 ea
497 4005 584 4066 quac
610 3984 762 4050 diximus
787 3998 943 4068 suscepta
958 4000 1047 4067 sunt,
1062 4003 1223 4074 opportu-

119 4089 256 4153 nissima
279 4088 362 4153 haec
383 4108 486 4171 opera
505 4097 540 4151 et
566 4089 720 4153 instituta
746 4109 933 4173 propagare
957 4091 1065 4171 latius,
1091 4094 1225 4179 aliaque

117 4193 260 4256 adiicere
285 4192 407 4256 similia
435 4201 583 4274 possent,
611 4193 760 4258 maxime
785 4193 819 4258 in
844 4194 896 4258 his
924 4195 1005 4260 locis
1032 4219 1118 4280 quae
1142 4221 1223 4282 prae

118 4296 235 4360 ceteris
252 4295 372 4359 florent
389 4296 554 4358 industria
578 4305 613 4360 et
637 4296 766 4361 artibus
790 4317 828 4360 ac
846 4299 971 4364 maiore
987 4300 1144 4385 opificum
1163 4303 1226 4366 ire-

121 4399 257 4480 quentia
274 4399 495 4465 celebrantur.
