3336 4870
349 417 530 474 sersroca
558 403 579 435 ‘⁴
600 417 671 468 een
697 417 806 468 amns
834 417 1017 469 crrrmrs
1038 453 1057 478 ..
1186 400 1255 488 287

152 594 258 660 millia
287 605 523 678 argenteorum
554 591 785 672 francicorum,
811 605 910 678 prout
940 595 1007 659 iam
1038 595 1100 659 tibi
1132 594 1259 661 Nostro
1285 623 1371 671 arma,
1386 631 1436 681 ,pst

150 700 290 765 nomine
305 697 501 762 nunciatum
518 695 590 762 luit.
605 695 686 780 Quo
712 716 849 762 munere
865 699 979 762 testari
996 697 1163 763 voluimus
1181 718 1257 764 cunr
1285 684 1311 729 '²'
1332 682 1434 737 ‘'dd“l‘·
1489 697 1492 704 ’

149 802 310 882 savorem,
324 821 393 885 quo
417 820 578 884 magnum
604 801 754 884 Lyceum
783 801 994 867 Louaniense
1017 801 1260 886 prosequimur,

148 917 223 972 turn
240 905 382 988 patriam
398 903 573 970 caritatem
597 923 664 988 qua
682 901 860 988 Belgarum
884 903 1047 987 populum
1064 903 1259 984 complecti-

148 1029 234 1089 mur,
248 1009 342 1074 cuius
357 1008 473 1073 haeret
498 1008 608 1073 adhuc
624 1008 738 1072 animo
755 1006 883 1073 Nostro
897 1007 1097 1072 suavissima
1113 1027 1174 1072 nec
1190 1008 1259 1072 ulla

148 1111 311 1199 temporis
334 1111 367 1177 vi
392 1113 536 1178 delenda
562 1113 759 1178 recordatio.
774 1149 819 1164 -
843 1112 997 1177 Profecto
1019 1112 1109 1177 haud
1126 1111 1259 1196 ignora-

148 1237 225 1284 mus
240 1217 431 1300 sumptibus
447 1216 548 1299 longe
573 1214 792 1299 amplioribus
809 1235 895 1299 opus
910 1236 983 1280 esse
999 1217 1042 1280 ad
1066 1215 1258 1282 institutum

147 1318 399 1406 perficiendum,
408 1321 499 1403 quod
511 1319 679 1386 Athenaei
697 1319 917 1384 Lovaniensis
927 1320 1084 1403 dignitati
1095 1331 1258 1402 congruat
1310 1348 1414 1406 reliquos

148 1435 185 1491 et
200 1444 339 1508 scopum
355 1443 424 1508 quo
450 1433 582 1507 spectat
605 1443 742 1507 prorsus
766 1423 923 1507 attingat.
939 1423 1006 1490 Sed
1032 1425 1123 1488 enim
1151 1424 1259 1488 Nobis
1284 1412 1437 1512 {lgj‘ssffiag

147 1549 245 1614 spem
269 1527 359 1606 lacit,
373 1548 456 1612 opes
480 1525 640 1593 collatum
666 1527 704 1591 iri
729 1527 864 1610 incepto
888 1547 996 1611 pares,
1017 1547 1093 1592 curn
1121 1537 1260 1592 actuosa
1295 1526 1427 1632 §jhm

147 1635 258 1719 pietas
280 1651 450 1696 sacrorum
467 1630 683 1710 Antistitum,
698 1642 770 1696 tum
787 1642 963 1714 perspecta
979 1631 1162 1698 liberalitas
1179 1631 1259 1696 fide·
1321 1592 1363 1646 μ
1419 1619 1426 1633 ’

146 1739 233 1804 lium
260 1736 449 1820 Belgarum,
464 1755 552 1818 quae
578 1734 764 1800 luculenter
789 1735 910 1800 enituit
935 1736 1067 1820 quoties
1090 1736 1259 1820 religionis

145 1842 275 1908 tutelae
290 1851 325 1905 et
340 1839 554 1905 incrementis
569 1838 622 1903 vel
638 1839 774 1922 publico
790 1839 882 1905 bono
896 1840 1168 1923 prospiciendum
1189 1840 1259 1906 luit.

145 1985 195 1998 --
224 1947 344 2029 Neque
374 1965 453 2009 vero
483 1944 587 2008 latere
618 1953 731 2026 potest
762 1943 941 2026 Belgarum
974 1945 1199 2028 prudentiam,
1224 1947 1258 2012 in

148 2049 303 2116 Ecclesia
319 2050 394 2127 Dei,
410 2049 512 2112 etiam
529 2066 637 2113 rerum
653 2048 886 2126 humanarum,
902 2049 1040 2112 nedum
1061 2049 1260 2129 divinarum,
1331 2081 1439 2128 cmm,

147 2153 326 2220 scientiam
343 2172 477 2217 summo
492 2172 626 2234 semper
641 2151 674 2214 in
690 2153 799 2233 pretio
811 2161 845 2215 et
861 2151 987 2216 honore
997 2151 1108 2232 fuisse,
1118 2173 1260 2236 eamque
1293 2141 1431 2200 mmm·
1539 2195 1542 2204 .

1286 2204 1359 2245 tatem
1388 2207 1437 2258 ope·

151 2269 269 2325 nostra
284 2257 479 2343 praesertim
504 2266 616 2320 aetate
642 2256 709 2320 late
725 2275 764 2320 ac
789 2257 922 2338 penitus
947 2256 1057 2320 excoli
1081 2267 1259 2339 oportere;
1287 2259 1440 2365 'frium‘

151 2363 280 2448 quippe
300 2363 370 2427 eius
398 2361 534 2426 nomine
558 2360 652 2425 abuti
677 2359 787 2425 solent
804 2359 955 2424 veritatis
979 2359 1093 2424 hostes
1118 2372 1155 2425 ut
1182 2361 1260 2429 fidei
1322 2377 1400 2448 sqrsuq

148 2467 329 2532 veritatem
345 2475 552 2549 oppugnent,
564 2474 598 2530 et
614 2465 759 2548 pessima
770 2483 924 2548 quaeque
939 2461 1114 2530 effundant
1129 2466 1259 2549 opinio·
1284 2441 1438 2557 mim„-

148 2591 234 2636 num
262 2579 421 2648 monstra,
435 2571 557 2654 quibus
577 2590 677 2635 caeca
705 2569 867 2633 mentium
895 2569 1080 2633 obscuritas
1104 2579 1137 2632 et
1161 2568 1260 2636 ioeda
1284 2555 1438 2661 mimi*

148 2695 284 2742 morum
314 2675 462 2759 pravitas
490 2673 649 2758 gignitur.
680 2673 816 2738 Nemini
847 2683 961 2738 autem
992 2672 1171 2738 obscurum
1209 2685 1260 2740 est

147 2778 359 2842 iuventutem
371 2777 533 2860 imprimis
544 2777 716 2842 fraudibus
732 2777 823 2840 hisce
839 2785 871 2841 et
882 2775 1012 2842 insidiis
1028 2778 1107 2860 peti,
1118 2799 1261 2862 eamque

148 2881 303 2946 maxime
318 2881 428 2946 vocari
453 2881 486 2945 in
512 2879 701 2945 discrimen.
719 2879 832 2971 Quare
848 2881 959 2946 omnis
974 2881 1167 2946 adhibenda
1182 2902 1261 2946 cura

146 2993 204 3050 est
234 2993 270 3049 ut
296 2985 386 3050 sanis
416 2971 592 3049 uniuersae
616 2982 851 3068 philosophiae
876 2983 1038 3048 doctrinis
1067 2982 1262 3051 imbuantur

145 3091 312 3156 iuveniles
328 3089 442 3168 animi,
457 3089 653 3173 solidaeque
680 3089 873 3155 muniantur
898 3090 1059 3155 scientiae
1087 3091 1262 3174 praesidiis

147 3213 199 3258 ne
212 3213 354 3276 peream
371 3213 458 3276 quae
474 3192 542 3257 late
557 3202 728 3275 grassatur
743 3212 890 3257 errorum
908 3193 997 3258 luem
1013 3195 1216 3260 inducantur
1227 3197 1260 3260 in

77 3314 81 3324 ’
147 3296 314 3362 fraudem.
330 3333 374 3346 -
390 3293 504 3379 Quum
522 3315 621 3379 porro
648 3295 800 3361 Ecclesia
826 3317 868 3361 eo
894 3297 980 3362 lalso
997 3299 1133 3364 nomine
1148 3299 1182 3364 in
1198 3301 1262 3364 cri·
1308 3329 1439 3377 campa,

149 3419 234 3464 men
249 3409 394 3476 vocetur,
410 3399 506 3483 quasi
532 3417 651 3482 perosa
675 3399 890 3465 scientiarum
917 3400 1026 3465 lucem
1052 3401 1262 3485 ignorantiae
1286 3388 1438 3494 mm

147 3501 309 3569 tenebras
336 3503 471 3567 studeat
498 3501 680 3580 offundere,
695 3523 736 3567 eo
762 3504 890 3567 conniti
917 3513 1052 3589 oportet
1079 3506 1262 3571 catholicos
1296 3507 1425 3612 arrqtendq

148 3607 308 3672 homines
325 3617 363 3671 ut
378 3626 457 3690 prae
475 3606 635 3670 scierant
651 3606 774 3690 palam,
788 3627 825 3672 se
840 3627 940 3672 verae
960 3609 1118 3674 scientiae
1134 3608 1261 3674 lumina
1291 3576 1346 3625 mc
1357 3579 1432 3612 Μ’

148 3712 247 3776 haud
263 3710 412 3776 fastidire
427 3711 487 3775 sed
503 3721 672 3794 appetere,
687 3712 813 3795 quippe
827 3732 915 3794 quae
926 3710 1002 3776 fidei
1015 3712 1177 3794 dogmata
1194 3731 1260 3776 non

147 3826 309 3882 evertunt
321 3817 379 3881 sed
397 3814 535 3880 mirifice
551 3815 729 3896 illustrant,
745 3837 849 3900 quum
866 3827 1006 3900 utraque
1022 3817 1144 3881 abuno
1155 3817 1262 3880 dima-

150 3929 239 3986 nent
254 3927 388 3984 auctore
404 3917 482 3983 fidei
497 3929 531 3984 et
547 3939 656 3985 rerum
674 3920 919 3985 mundanarum
935 3921 1108 3985 conditore
1125 3921 1208 3984 Deo.
1220 3957 1264 3970 -

151 4025 272 4108 Quum
298 4025 411 4107 itaque
441 4043 542 4107 saepe
572 4023 703 4108 experti
731 4024 921 4088 noverimus
945 4034 1109 4108 quantum
1140 4023 1265 4088 habeat
1321 4062 1440 4123 optima

152 4127 317 4214 ponderis
328 4128 452 4192 Nostra
467 4129 719 4192 commendatio
730 4149 832 4211 penes
843 4139 885 4208 te,
895 4139 1089 4212 ceterosque
1106 4140 1267 4212 pastores,
1291 4127 1442 4238 affim-

156 4233 296 4300 Clerum
312 4231 541 4316 populumque
567 4231 756 4316 Belgarum,
779 4253 838 4298 vos
854 4232 997 4315 graviori
1024 4233 1159 4298 hortatu
1175 4232 1265 4298 haud
1291 4243 1442 4302 rumsperat.

159 4357 259 4420 egere
290 4346 448 4420 putamus
478 4348 515 4401 ut
545 4337 665 4402 studiis
692 4336 883 4421 viribusque
907 4337 1107 4402 consociatis
1133 4347 1268 4402 strenue

160 4441 346 4526 provehere
375 4449 410 4504 et
440 4438 598 4523 perficere
628 4441 827 4505 adnitamini
858 4451 1051 4524 susceptum
1082 4462 1177 4524 opus,
1201 4464 1269 4525 quo
