3140 4866
269 397 319 448 na
338 397 460 450 ansus
478 397 706 450 canuoarcts
724 399 765 449 1u
785 399 1001 453 cosmum.
1126 401 1198 470 249

79 601 146 646 sua
174 581 337 665 cuiusque
361 581 466 646 virtus
486 582 654 646 constanti
680 582 924 647 exercitatione
936 561 1086 648 'exculta
1101 593 1198 649 tanto

79 705 185 769 pares
201 685 295 768 operi
311 705 391 768 prae
406 684 525 750 ceteris
541 685 628 749 solet
643 684 782 752 efficere.

126 789 242 853 Nobis
257 788 408 871 profecto
423 808 619 871 persuasum
636 800 687 854 est
713 790 784 855 iore
800 799 837 855 ut
860 791 1060 856 Lusitanum
1079 793 1198 874 guber'·
1273 801 1375 860 savena

79 894 179 958 nium
213 912 320 975 prona
350 893 522 974 excipiens
552 914 632 958 aure
663 894 803 959 consilia
832 905 944 961 vestra
974 917 1081 980 eaque
1108 896 1199 960 bona
1220 861 1349 967 mill

77 995 222 1079 plurimi
253 996 378 1062 faciens
403 1017 489 1082 quae
512 999 632 1062 ceteris
658 999 873 1078 antecellunt,
901 1001 990 1065 ultro
1019 1000 1199 1074 amoliatur

75 1101 198 1164 obices
212 1120 330 1165 omnes
345 1101 402 1184 qui
419 1101 649 1184 religiosarum
662 1103 880 1168 sodalitatum
893 1103 1082 1169 libertatem
1097 1105 1197 1167 inter·

76 1205 225 1288 cipiunt,
249 1223 289 1268 ac
313 1215 482 1288 potestate
512 1205 572 1270 sua
598 1206 710 1272 laveat
736 1208 856 1272 studiis
881 1209 1010 1285 vestris,
1039 1226 1127 1291 quae
1157 1226 1198 1271 eo

75 1317 242 1390 spectant
269 1317 306 1373 ut
332 1309 434 1392 pleno
461 1309 581 1374 robore
604 1311 717 1394 vigeat
732 1309 866 1394 lateque
881 1311 998 1378 floreat
1014 1331 1090 1375 cum
1108 1312 1198 1374 avita

77 1411 191 1495 gloria
201 1411 370 1477 catholica
382 1412 499 1497 religio
510 1414 544 1478 in
559 1413 735 1479 Lusitania
744 1413 893 1498 locisque
904 1416 1061 1480 omnibus
1077 1414 1197 1479 ditioni

77 1516 240 1581 eiusdem
255 1517 404 1582 adiectis.
679 1525 682 1534 ’

126 1621 235 1685 Hanc
259 1629 373 1684 autem
398 1622 648 1703 persuasionem
679 1641 720 1685 eo
751 1620 881 1686 facilius
908 1624 1078 1689 induimus
1105 1623 1195 1707 quod

80 1725 150 1788 iarn
168 1724 342 1788 neminem
356 1723 438 1788 latet
440 1733 560 1806 prout
570 1735 604 1790 et
621 1725 715 1789 vobis
731 1735 941 1808 compertum
958 1737 1018 1804 est,
1028 1746 1196 1810 quaenam
1222 1683 1374 1814 milam

79 1829 215 1894 Nostra
230 1827 298 1892 sint
313 1828 376 1892 hac
392 1849 492 1911 super
506 1849 541 1892 re
556 1829 697 1894 consilia
708 1839 742 1893 et
751 1840 838 1894 vota
854 1830 951 1895 Haec
966 1831 1103 1908 scilicet,
1115 1831 1195 1894 dum
1221 1804 1303 1910 ,1¹5ss
1303 1817 1373 1922 'ff

78 1933 124 1996 ad
151 1931 325 2012 religionis
352 1931 479 1996 bonum
506 1931 665 2009 feruntur,
688 1932 870 1997 intendunt
900 1934 1024 2016 pariter
1053 1935 1197 1999 solidam
1221 1923 1322 1974 dmm·

81 2035 272 2100 Lusitanae
301 2035 413 2116 gentis
443 2035 710 2117 prosperitatem.
742 2035 820 2099 Hoc
850 2038 940 2100 enim
972 2057 1103 2116 munus,
1134 2037 1198 2102 hae

81 2149 201 2222 partes
225 2137 396 2201 Ecclesiae
418 2158 438 2202 a
461 2139 576 2202 divino
593 2138 778 2205 Conditore
793 2139 894 2204 datae
908 2151 988 2204 sunt
1005 2151 1042 2206 ut
1057 2143 1090 2204 in
1107 2161 1199 2206 com·

83 2242 182 2308 muni
199 2239 373 2305 hominurn
390 2241 552 2305 societate
566 2240 736 2305 vinculum
753 2243 846 2324 pacis
861 2243 905 2307 sit
921 2253 954 2307 et
969 2244 1087 2308 salutis
1104 2265 1197 2327 prae·

83 2347 221 2412 sidium.
245 2343 359 2426 Quare
379 2345 461 2409 nihil
486 2345 633 2410 detrahit
655 2345 807 2412 Ecclesia
827 2348 872 2410 de
898 2356 1068 2430 potestate
1082 2366 1197 2410 eorum

83 2450 144 2536 qui
173 2435 365 2514 civitatibus
387 2469 463 2513 cum
485 2449 626 2533 imperio
649 2460 817 2532 praesunt,
832 2450 924 2516 illam
940 2451 1010 2516 imo
1025 2460 1138 2516 tuetur
1160 2471 1199 2515 ac

84 2552 238 2630 roborat,
249 2554 330 2617 dum
346 2552 476 2636 legibus
492 2554 534 2618 ab
551 2573 590 2618 ea
607 2553 822 2620 manantibus
841 2555 1050 2619 sanctionem
1067 2554 1200 2636 religio-

86 2657 140 2724 nis
156 2657 264 2735 addit,
279 2658 428 2723 debitam
445 2658 697 2741 magistratibus
712 2658 961 2724 observantiam
989 2661 1075 2724 inter
1090 2658 1200 2723 officia

84 2783 106 2827 a
122 2761 203 2826 Deo
218 2763 377 2844 imposita
391 2771 550 2840 recenset,
573 2773 767 2828 commonet
783 2763 872 2828 cives
888 2773 925 2828 ut
941 2785 961 2828 a
977 2765 1143 2828 seditione
1166 2772 1200 2827 et

83 2865 205 2950 quavis
221 2866 267 2930 rei
292 2865 446 2947 publicae
472 2866 725 2949 perturbatione
749 2866 951 2947 abstineant,
967 2869 1067 2934 docet
1082 2887 1200 2932 omnes

84 2971 246 3036 virtutem
263 2970 371 3034 colere
387 2979 421 3034 et
438 2969 554 3034 munia
568 2969 686 3034 sedulo
701 2970 795 3035 obire
810 2991 899 3056 quae
918 2973 1080 3056 cuiusque
1096 2970 1199 3036 statui

85 3084 121 3139 et
136 3074 324 3139 conditioni
341 3075 529 3139 cohaerent.
546 3074 610 3138 Est
630 3075 744 3159 itaque
766 3075 919 3141 Ecclesia
946 3097 1077 3142 morum
1095 3077 1199 3158 magi-

87 3179 230 3244 sterium
255 3177 432 3261 optimum,
449 3179 543 3242 cuius
567 3177 722 3243 salutaris
743 3180 966 3264 disciplina'
937 3201 1026 3246 crves
1051 3191 1200 3265 praestat
1225 3135 1377 3239 clla-‘Zmil

87 3283 224 3368 probos,
239 3282 408 3361 honestos,
427 3282 501 3366 pios
517 3281 549 3345 in
566 3283 720 3366 patriam,
735 3283 850 3348 fideles
872 3285 1115 3369 principibns”
1093 3306 1201 3368 nsque
1222 3253 1312 3313 ΝΜ

91 3387 352 3464 addictissimos,
373 3385 458 3449 tales
482 3387 619 3451 demum
645 3386 701 3470 qui
728 3387 854 3470 publici
877 3389 1051 3453 civitatum
1074 3389 1200 3454 ordinis

89 3493 211 3557 stabile
238 3489 487 3554 firmamentum
514 3490 732 3569 constituant,
762 3492 869 3575 iisque
899 3493 985 3558 vires
1016 3494 1201 3576 praebeant

89 3592 233 3658 invictas
257 3592 300 3656 ad
328 3592 433 3656 ardua
456 3612 609 3676 quaeque
635 3603 669 3658 et
684 3595 855 3676 praeclara
870 3596 1099 3678 aggredienda
1120 3596 1199 3661 saci·

91 3718 182 3762 nora.
192 3696 382 3779 Eapropter
393 3695 607 3780 reipublicae
618 3697 795 3762 salubriter
809 3697 1000 3781 utiliterque
1016 3701 1200 3766 consulitur
1255 3761 1276 3793 u
1298 3753 1347 3793 Μ
1325 3763 1377 3794 Μ

89 3821 194 3884 quum
213 3801 384 3865 Ecclesiae
409 3801 530 3864 sinitur
555 3821 595 3865 ea
620 3801 669 3866 uti
692 3804 814 3885 agendi
831 3803 985 3866 libertate
1009 3824 1111 3887 quam
1128 3804 1200 3868 iure
1222 3807 1346 3926 Ιὲἐὲἶῖξ

89 3905 248 3983 vindicat,
263 3907 360 3989 eique
375 3906 483 3970 amice
498 3907 551 3969 via
572 3906 732 3970 sternitur
747 3916 784 3970 ut
800 3907 868 3971 late
883 3907 1056 3990 explicare
1074 3909 1198 3973 benefi-

89 4029 146 4074 cas
170 4010 256 4074 vires
280 4029 366 4086 suas,
393 4020 427 4074 et
450 4029 586 4074 omnem
612 4029 680 4093 quo
701 4011 853 4094 praedita
868 4021 920 4075 est
935 4012 1136 4076 instructum
1165 4013 1198 4075 in

91 4131 272 4178 commune
287 4113 413 4178 bonurn
429 4113 541 4178 valeat
555 4113 725 4182 adhibere.

137 4213 234 4298 Quae
248 4217 385 4299 quidem
401 4216 568 4280 sententia
588 4215 666 4282 licet
681 4219 724 4282 ad
740 4228 859 4299 gentes
883 4237 1001 4282 omnes
1026 4218 1201 4301 pertineat,
1276 4261 1377 4330 ΜΜ

95 4317 267 4400 aptissime
283 4327 396 4383 tamen
414 4321 530 4386 cadit
520 4339 554 4383 m
571 4320 773 4385 Lusitanum
789 4321 962 4405 populum,
981 4342 1083 4406 penes
1099 4341 1199 4406 quem
1227 4320 1361 4366 Lautam

95 4419 279 4487 catholicae
294 4423 464 4506 religionis
478 4444 555 4507 pars
571 4433 666 4490 tanta
691 4423 752 4490 fuit
768 4425 993 4510 iampridem
984 4445 1018 4490 rn
1035 4425 1200 4511 fingendis
1223 4381 1344 4484 allilia?
