3194 4872
387 443 410 510 4
668 436 848 486 EPISTOLA
878 425 897 451 '⁸
918 437 1164 490 LITTERARUM
1184 475 1204 504 ,‚

387 565 441 572 -ae—-a
1441 565 1492 572 ...n-

230 651 307 695 Deum
320 650 362 694 ar.
387 628 551 710 respiciat,
566 626 661 690 vobis
671 633 705 688 et
727 625 816 688 clero
842 633 953 688 vestro
969 625 1011 688 ad
1029 625 1153 688 bonum
1173 637 1340 691 certamen
1363 637 1495 692 certan-

212 713 363 813 „Imssi'r‘fjis
387 732 467 797 dum
484 732 570 795 vires
582 730 696 808 addat,
710 747 749 793 ac
765 729 798 792 in
811 729 934 793 dilecta
958 728 1022 793 ista
1048 729 1157 810 patria
1173 740 1283 795 vestra
1305 751 1381 796 eum
1398 731 1495 815 spiri·

211 827 363 932 jsszljfflfiffae
387 847 458 902 tum
476 835 553 899 fidei
569 843 603 898 et
633 833 801 916 religionis
832 831 945 896 foveat
958 853 998 896 ac
1023 833 1193 914 provehat,
1216 853 1396 918 perquem
1422 836 1499 917 ipsa

222 947 348 1014 multu
386 940 467 1004 olim
495 937 728 1002 florentissima
753 946 787 1001 et
809 935 932 1000 invicta
954 938 1076 1002 extitit
1095 937 1227 1002 Horum
1251 949 1365 1002 autem
1388 939 1498 1002 caele-

210 1007 364 1122 ‹ifffefuw'isr
386 1043 486 1107 stium
505 1062 679 1107 munerum
695 1039 864 1124 auspicem
887 1050 921 1104 et
937 1041 1058 1124 pignus
1075 1042 1273 1126 praecipuae
1294 1041 1499 1106 benevolen-

202 1123 361 1228 ἔξω
385 1147 453 1210 tiae
491 1145 636 1209 Nostrae
666 1163 739 1206 esse
766 1144 918 1226 cupimus
943 1143 1177 1227 Apostolicam
1216 1146 1500 1223 benedictionem,

211 1241 360 1346 mm
385 1269 485 1334 quam
504 1249 573 1326 tibi,
595 1247 716 1312 dilecte
741 1247 803 1310 Fili
815 1247 948 1324 Noster,
963 1258 996 1312 et
1013 1249 1116 1325 vobis,
1129 1248 1346 1314 Venerabiles
1360 1249 1499 1314 Fratres

210 1360 282 1428 titis,
298 1360 361 1405 bene·
385 1375 424 1428 ac
454 1352 566 1416 dilecti
598 1350 664 1429 filii,
695 1353 890 1435 cunctisque
920 1351 1112 1436 vigilantiae
1135 1363 1264 1418 vestrae
1293 1354 1499 1418 concreditis

221 1420 347 1523 mil?
385 1465 598 1540 peramanter
611 1456 644 1520 in
662 1455 812 1519 Domino
828 1455 1049 1539 impertimus.

225 1539 339 1596 ''W“
408 1560 535 1624 Datum
554 1559 683 1625 Romae
700 1560 788 1642 apud
807 1559 840 1625 S.
852 1561 986 1625 Petrum
1002 1561 1056 1625 die
1075 1577 1092 1624 2
1109 1561 1255 1644 Augusti
1275 1562 1366 1642 1887,
1380 1561 1499 1626 Ponti·

386 1661 505 1728 ficatus
522 1661 637 1728 Nostri
653 1683 743 1728 anno
758 1664 900 1730 decimo.

793 1823 888 1890 LEO
913 1825 974 1890 PP.
999 1825 1099 1889 XIII.
