3250 4876
511 397 633 447 INDEX
660 399 911 450 ANALYTICUS.

223 619 284 666 torn
297 609 473 669 conscientia
485 611 570 668 officii
587 610 743 668 sustinetur
757 611 887 669 Pontifex
906 611 968 670 261.
987 615 1128 670 —Simul
1148 613 1201 669 im·

224 695 337 764 plorato
344 692 485 764 adjutorio
494 693 621 764 Virginis
633 695 745 763 Mariae,
759 695 980 768 Principumque
988 698 1203 768 Apostolorum,

225 777 357 834 Pontifex
373 779 503 834 hortatur
516 778 608 834 ltaiiae
624 778 796 850 Episcopos,
809 789 840 834 ut
853 779 907 835 sibi
921 798 987 836 cnm
1008 782 1097 838 Sacro
1111 782 1206 837 Colle-

223 860 272 931 gio
282 861 360 930 uniti,
373 862 495 933 populos
508 861 661 916 instantius
675 860 819 918 instruant
832 863 869 918 de
882 873 1044 934 temporum
1056 864 1205 920 calamita-

223 946 309 1014 tibus,
318 944 412 1017 deque
424 945 526 1000 officiis
539 961 603 1018 quae
615 945 701 1000 bonis
712 944 882 1003 incumbant
894 945 932 1002 ad
950 963 1001 1004 eas
1015 947 1205 1017 depellandas

223 1029 285 1082 262.
297 1056 334 1067 -
356 1027 496 1086 Monendi
516 1027 724 1097 specialissime
736 1037 803 1083 suut
817 1026 916 1083 fideles
934 1028 1055 1096 romani,
1066 1046 1103 1085 ne
1115 1031 1206 1099 111216-

223 1127 288 1164 1661
300 1110 458 1180 degeneres
469 1111 593 1166 evadant
604 1109 665 1165 262.
678 1137 715 1149 -
728 1111 840 1166 Omnes
847 1111 983 1167 catholici
993 1111 1032 1166 ad
1045 1112 1207 1168 orationem

232 1191 397 1262 confugiant
412 1191 472 1246 262.
599 1200 603 1206 ’

192 1300 244 1352 67.
264 1299 525 1354 INSTRUC'l'lO
537 1301 567 1352 S.
583 1302 739 1367 congreg.
762 1299 869 1364 spise.
890 1305 923 1353 ot
945 1303 1061 1368 Regni
1077 1315 1204 1366 -qna,

160 1384 329 1434 occasione
349 1384 436 1448 signi
463 1384 576 1434 Bruno
600 1386 709 1444 erecti,
734 1376 907 1447 Episcopls
927 1385 1083 1436 catholini
1107 1385 1205 1446 orbis,

159 1466 332 1518 mnuilois
344 1466 451 1531 iussu,
467 1473 653 1531 opportuna
676 1467 805 1519 monita
817 1468 1017 1531 praebentur.
1032 1468 1207 1532 -18111111
1244 1545 1262 1600 6

264 1642 441 1698 Recoluntur
451 1643 605 1712 encyclicae
623 1641 725 1697 litterae
738 1641 897 1698 Humanas
904 1658 998 1714 genus
1010 1653 1111 1700 contra
1132 1659 1209 1698 mas·

229 1738 332 1777 sonum
344 1733 454 1780 sectam
467 1723 528 1792 263
541 1753 577 1764 -
596 1722 849 1794 Oppugnationem
864 1723 952 1780 Urbis
965 1723 1003 1779 ad
1016 1724 1203 1780 evertendam

231 1805 392 1860 Ecclesiam
405 1823 423 1861 a
435 1817 515 1862 secta
528 1816 658 1878 paratam
666 1805 762 1876 fuisse,
773 1822 830 1860 non
843 1805 881 1860 ad
888 1807 1099 1878 procurandam
1114 1806 1207 1864 Itaiiae

231 1886 401 1958 libertatem,
409 1887 520 1944 facinus
530 1889 662 1944 ultimum
672 1899 770 1960 aperte
782 1887 889 1943 detexit
898 1889 959 1956 263.
968 1919 1003 1928 -
1017 1889 1207 1946 Denuntiatio

232 1969 368 2025 solemnis
390 1986 488 2025 coram
511 1971 600 2026 Sacro
621 1970 750 2040 Collegio
772 1985 863 2040 nuper
884 1969 961 2025 12612
981 1969 1020 2025 211
1045 1971 1211 2028 universam

234 2062 344 2122 spectat
371 2052 532 2109 Ecclesiam
557 2051 618 2121 264.
640 2083 676 2093 -
698 2053 809 2108 Bellum
834 2050 920 2124 capiti
941 2053 1043 2108 Romae
1062 2053 1210 2122 indictum,

234 2145 326 2190 totum
338 2153 440 2208 corpus
453 2136 540 2192 afficit
553 2136 614 2202 264.
628 2165 664 2176 -
676 2136 775 2206 Quare
795 2134 824 2190 S.
844 2135 948 2204 Congr.
963 2135 1018 2205 Ep.
1032 2146 1060 2192 et
1078 2138 1158 2206 Reg.‚
1175 2138 1213 2194 de

235 2217 372 2274 mandato
394 2219 551 2288 Pontificis,
570 2219 671 2289 jubet:
696 2225 723 2273 1ο
736 2227 766 2274 ut
785 2227 947 2289 opportuno
969 2216 1016 2272 die
1037 2217 1131 2274 oratio
1149 2220 1213 2274 baec

234 2297 365 2355 fidelibus
385 2301 496 2370 vulgari
511 2300 818 2368 2161111666161121111,2ο
835 2308 867 2353 ut
880 2299 1001 2369 populus
1014 2299 1052 2354 de
1070 2298 1210 2369 gravitate

233 2382 375 2451 facinoris,
396 2383 489 2453 deque
509 2383 628 2439 vitanda
650 2397 816 2438 massonum
839 2391 918 2436 secta
939 2381 1104 2450 instruatur,
1127 2388 1156 2451 3ο
1179 2391 1210 2438 61

237 2465 457 2536 praescribantur
470 2465 605 2522 fidelibus
617 2481 718 2536 preces
735 2480 881 2536 operaque
893 2463 1051 2533 expiatoria
1064 2465 1127 2531 264,

201 2589 252 2640 68.
269 2589 477 2640 EPlS'i'OLh
491 2589 535 2640 ad
558 2589 797 2652 imperatorem
820 2587 978 2637 Braslllae.
993 2612 1029 2622 —
1043 2587 1091 2638 Do
1113 2589 1217 2639 libor-

165 2677 404 2726 tatooultuum
417 2677 518 2751 atque
533 2672 682 2724 docendi.
698 2671 868 2734 -leulll
884 2670 998 2722 1889...
1234 2666 1286 2740 265

272 2777 402 2834 Pontifex
414 2786 535 2834 testatur
548 2794 580 2832 se
592 2775 743 2832 certiorem
756 2773 864 2829 iactum
876 2773 914 2828 de
930 2773 1086 2844 propositis
1102 2791 1120 2830 2
1133 2774 1217 2830 novis

238 2859 376 2916 ministris
386 2857 593 2914 mutationibus
604 2854 735 2927 religioni
749 2854 827 2910 haud
840 2855 1050 2923 consentaneis,
1065 2871 1170 2926 nempe
1180 2856 1218 2912 de

240 2943 370 2999 libertate
382 2943 511 2998 cultuum
521 2951 608 3012 atque
620 2937 744 2995 docendi
758 2936 819 3007 265.
833 2965 868 2976 -
888 2938 992 3006 Pauca,
1007 2947 1106 3008 utpote
1119 2938 1218 2994 catho-

240 3025 294 3080 lico
315 3023 450 3094 Principi,
463 3033 587 3094 exponet
609 3021 669 3092 265.
684 3049 718 3062 -
732 3020 863 3076 Libertas
876 3021 1004 3074 cultuum
1027 3051 1062 3061 -
1081 3020 1218 3077 distincta

240 3109 276 3164 ab
298 3123 381 3179 aequa
405 3105 564 3174 tolerantia,
578 3104 693 3177 quando
706 3105 770 3159 baec
791 3102 956 3158 necessaria
975 3113 1018 3158 est
1031 3133 1066 3142 —
1080 3103 1217 3174 supponit

240 3190 416 3259 societatem,
429 3199 458 3244 et
479 3188 662 3255 catholicam,
674 3185 713 3242 ad
731 3185 841 3240 nulium
864 3184 972 3240 cultum
994 3184 1085 3241 teneri
1108 3186 1169 3255 265.
1182 3215 1220 3226 -

244 3269 313 3325 Inde
325 3269 403 3325 idem
412 3267 459 3338 jus
472 3265 603 3323 concedit
615 3263 728 3320 veritati
741 3274 827 3336 atque
840 3263 937 3332 errori,
950 3273 978 3319 et
991 3264 1068 3318 viam
1080 3263 1119 3318 211
1132 3263 1217 3319 indis-

239 3354 436 3410 ierentismum
461 3349 562 3407 sternit
587 3351 649 3406 266.
674 3379 710 3390 ·-
734 3349 881 3404 Pessimus
909 3359 1064 3416 61161621,
1087 3349 1125 3404 ab
1149 3348 1219 3420 ipsis

240 3433 371 3492 21661616
390 3433 552 3501 damnatus,
565 3431 734 3488 societatem
756 3431 833 3486 nulla
856 3431 920 3499 lege
939 3431 1041 3498 cuitus,
1061 3430 1219 3500 gratiarum

239 3519 358 3576 actionis
370 3519 409 3574 ad
419 3520 515 3576 Deum
528 3527 673 3574 auctorem
684 3532 768 3572 suum
781 3515 862 3584 ligari
876 3514 938 3570 266.
951 3543 987 3554 -
1001 3516 1074 3570 Haec
1086 3514 1216 3584 libertas,

240 3622 258 3661 a
277 3603 415 3661 Pontifice
427 3603 504 3660 baud
518 3603 606 3658 semel
627 3601 773 3668 damnata,
786 3599 986 3670 multiplicium
1000 3599 1141 3654 malorum
1153 3600 1219 3656 fons

241 3688 375 3744 babendo
387 3696 430 3742 est
441 3686 501 3742 266.
514 3716 551 3728 -
560 3684 673 3755 Religio
680 3683 818 3752 magistra
831 3682 940 3738 ordinis
953 3699 1041 3755 quum
1051 3680 1096 3750 sit,
1108 3699 1220 3754 regens,

243 3773 290 3844 qui
304 3787 370 3827 eam
390 3771 487 3842 sperni
509 3768 585 3838 sinit,
598 3768 691 3838 privat
712 3766 842 3822 ordinem
864 3765 988 3821 maxime
1008 3764 1101 3820 solido
1119 3765 1220 3820 sunda-

243 3867 341 3912 mento
363 3855 423 3914 266.
435 3884 472 3895 -
486 3856 558 3924 1616,
571 3854 701 3924 exemplo
714 3868 766 3907 suo
783 3851 869 3920 maio,
881 3850 1035 3921 populosa
1053 3865 1139 3904 sensu
1158 3851 1221 3906 reii-

243 3940 337 4008 gionis
349 3936 499 4006 abstrahit,
512 3953 530 3992 2
550 3953 607 4008 quo
620 3937 754 3992 hauriunt
777 3933 946 4005 patientiam
959 3931 990 3986 in
1002 3931 1125 3986 miseriis
1138 3933 1223 4002 hujus

245 4025 310 4078 vitae
332 4021 490 4078 tolerandis
508 4021 568 4088 267.
589 4049 624 4061 -
636 4017 766 4074 11211661
787 4016 938 4072 catholicae
961 4014 1037 4069 hanc
1058 4013 1221 4070 libertatem

246 4104 389 4174 inducere,
407 4101 584 4175 temporibus
603 4101 683 4157 bisce
695 4099 826 4166 turbatis,
839 4109 883 4153 est
905 4098 1052 4154 destruere
1065 4095 1222 4152 maceriam

248 4205 305 4258 qua
327 4187 434 4244 subditi
458 4185 640 4242 continentur
664 4185 724 4252 267.
750 4213 787 4225 -
807 4183 909 4238 Testes
932 4179 989 4235 sint
1012 4179 1144 4234 nationes
1165 4180 1222 4234 hoc

250 4271 377 4341 regimen
401 4281 525 4341 expertas
546 4269 606 4335 267.
628 4297 665 4308 -
689 4268 789 4323 Solum
810 4263 955 4320 1166611161
980 4261 1087 4333 publici
1112 4261 1223 4318 ordinis

252 4355 350 4426 religio
370 4365 423 4426 est,
435 4355 542 4410 docens
561 4352 654 4420 subdi,
667 4366 762 4406 mores
784 4347 942 4405 discutiens
964 4346 1025 4414 267.
1043 4375 1079 4386 -
1092 4343 1224 4401 Libertas

255 4456 321 4494 vero
332 4437 464 4506 docendi,
476 4446 614 4508 praetextu
626 4432 762 4503 scientiae,
781 4431 867 4488 fidem
881 4439 1027 4502 oppugnat
1046 4445 1120 4485 verae
1133 4426 1225 4484 scien·
