3194 4872
334 364 381 428 26
535 379 717 430 errsrom
745 369 767 394 ‘¹
785 378 936 430 orrrcro
955 375 1206 428 saucrrssuro
1225 411 1245 438 „

332 565 472 648 literque
483 567 517 628 in
530 565 723 628 muneribus
738 566 807 628 suis
829 575 1012 628 versentur.
1030 563 1076 626 Hi
1094 564 1259 640 nimirum,
1279 574 1317 628 ut
1340 575 1438 628 erunt

332 671 552 733 humanitatis
588 671 716 733 artibus
747 671 917 736 informati
946 681 982 734 et
1016 670 1122 754 politi,
1152 673 1441 752 praestantissima

156 815 306 860 uman-
332 797 446 840 sacrae
457 777 646 859 theologiae
663 779 775 842 studia
791 799 834 842 ne
845 779 1016 860 attingant
1026 779 1119 862 prius
1127 797 1229 862 quam
1242 777 1437 861 diligentem

170 875 203 918 ¹¹¹
213 874 291 918 Μ
332 883 546 948 adhibuerint
564 885 854 968 praeparationem
870 887 904 949 in
920 885 1034 950 studio
1048 885 1287 969 philosophiae
1302 919 1346 930 -
1362 885 1438 949 Phi·

155 935 307 1096 {W}
332 990 521 1072 rosopnram
537 1009 611 1053 mm
625 991 853 1073 intelligimus,
864 992 1019 1055 intimam
1034 992 1253 1075 solidamque,
1261 991 1439 1055 artissima-

156 1065 264 1155 ἓν
297 1077 307 1086 ’
333 1115 405 1158 rum
421 1097 663 1180 indagatricem
679 1117 882 1176 caussarum,
896 1107 1073 1181 patronam
1097 1099 1261 1180 optimam
1277 1097 1439 1172 veritatis;

331 1203 425 1266 cuius
454 1205 577 1268 virtute
598 1224 708 1287 neque
731 1205 794 1287 ipsi
825 1204 987 1268 fluctuent
1017 1225 1101 1268 neve
1120 1205 1328 1287 abripiantur
1348 1203 1443 1267 omni

330 1323 425 1374 vento
444 1311 610 1375 doctrinae
638 1313 674 1375 in
690 1314 835 1394 nequiter
850 1312 1030 1390 hominum,
1045 1313 1080 1376 in
1094 1313 1220 1376 astutia
1234 1311 1284 1376 ad
1302 1313 1439 1374 cimm-

332 1419 510 1492 ventiorum
525 1420 648 1484 erroris
659 1420 753 1502 (¹)‚et
768 1431 895 1504 queant
916 1422 1020 1484 etiam
1035 1420 1195 1485 doctrinis
1213 1421 1329 1483 ceteris
1345 1420 1440 1482 adiu·

224 1572 302 1632 om
332 1531 446 1584 menta
470 1525 620 1586 veritatis
657 1523 919 1599 subministrare,
948 1523 1161 1606 captionibus
1185 1523 1441 1606 praestigiisque

163 1633 300 1736 dmm&
330 1627 527 1708 opinionum
543 1629 702 1692 discussis
728 1639 762 1692 et
783 1629 944 1694 refutatis.
969 1629 1081 1692 Huius
1096 1627 1142 1692 rei
1154 1627 1270 1712 gratia,
1284 1637 1322 1690 ut
1336 1645 1441 1708 opera

155 1707 256 1796 inias.-
295 1717 305 1727 ’
332 1733 444 1813 magni
472 1732 654 1814 Aquinatis
687 1743 799 1798 essent
823 1733 856 1796 in
896 1733 1051 1797 manibus
1075 1742 1110 1796 et
1133 1733 1265 1796 assidue
1295 1740 1442 1813 apteque

330 1847 579 1916 exponerentur
608 1839 806 1919 iampridem
834 1839 1034 1914 monuimus,
1060 1839 1216 1920 idemque
1239 1837 1370 1918 saepius
1389 1837 1440 1898 in·

331 1935 533 2000 culcavimus
549 1937 724 2019 verbisque
738 1937 943 2020 gravissimis
962 1958 969 2014 ;
985 1948 1019 2002 et
1028 1937 1130 2020 gestit
1145 1936 1277 2000 animus
1292 1935 1441 2018 optimos

331 2040 409 2102 inde
425 2037 550 2103 fructus
561 2061 634 2103 esse
645 2061 665 2102 a
681 2041 770 2105 clero
785 2051 970 2124 perceptos,
985 2061 1146 2125 perquam
1166 2041 1312 2123 optimos
1343 2038 1441 2102 uber·

330 2143 498 2225 rimosque
509 2163 570 2225 spe
584 2155 675 2208 certa
687 2157 933 2227 exspectamus
948 2145 1082 2210 Scilicet
1094 2144 1272 2227 disciplina
1281 2143 1442 2207 Doctoris

275 2315 280 2322 ,
332 2247 486 2330 Angelici
503 2247 585 2313 mire
600 2247 688 2312 sacta
703 2261 754 2312 est
769 2251 813 2314 ad
824 2249 1083 2313 conformandas
1100 2259 1238 2326 mentes,
1248 2249 1329 2312 mire
1340 2267 1442 2310 usum

156 2319 303 2431 'i‘ffricffl
332 2355 418 2434 parit
432 2355 695 2432 commentandi,
715 2355 985 2437 philosophandi,
1014 2353 1198 2419 disserendi
1217 2371 1331 2435 presse
1354 2351 1442 2415 invi·

154 2447 305 2549 ἷῖῗὲῑκᾘῇ.
331 2466 471 2538 cthue:
498 2475 577 2520 narn
595 2478 646 2520 res
670 2456 818 2539 singulas
844 2457 989 2522 dilucide
1006 2465 1170 2520 monstrat
1186 2455 1286 2518 aliam
1302 2475 1347 2516 ex
1371 2453 1443 2516 alia

159 2565 198 2598 ⁸⁴¹·
330 2561 489 2623 continua
509 2561 593 2624 serie
623 2563 817 2643 pendentes,
831 2581 950 2624 omnes
972 2561 1058 2624 inter
1073 2579 1109 2623 se
1123 2579 1295 2623 connexas
1320 2567 1352 2621 et
1382 2576 1442 2620 co-

218 2743 223 2752 ,
330 2665 513 2739 haerentes,
539 2685 657 2729 omnes
686 2667 730 2728 ad
746 2667 859 2748 capita
873 2667 1078 2748 pertinentes
1102 2673 1371 2746 suprema;tum
1403 2662 1440 2726 in

154 2744 307 2847 fflf'ffl
331 2766 648 2850 contemplationem
680 2771 777 2851 erigit
793 2768 868 2846 Dei,
893 2771 950 2852 qui
967 2789 1075 2833 rerum
1091 2769 1243 2832 omnium
1266 2778 1300 2830 et
1320 2755 1443 2830 caussa

155 2865 302 2972 ἵζ’πξζζῇζ
330 2871 481 2934 effectrix
498 2882 548 2934 est
569 2883 603 2934 et
622 2873 721 2934 viset
744 2893 914 2938 summum
927 2873 1109 2956 exemplar,
1124 2873 1167 2937 ad
1184 2893 1284 2956 quem
1299 2873 1441 2936 demum

329 2971 438 3033 omnis
465 2969 677 3052 philosophia
693 2979 727 3033 et
742 2971 844 3034 homo
860 2983 1005 3054 quantus
1020 2982 1080 3048 est,
1097 2973 1223 3035 debent
1237 2972 1357 3035 referri.
1379 2968 1442 3035 Sic

329 3095 404 3137 vere
419 3094 479 3155 per
493 3074 661 3138 Thomam
685 3077 824 3140 scientia
839 3097 948 3141 rerum
961 3079 1147 3142 divinarum
1161 3088 1194 3141 et
1205 3075 1442 3150 humanarum,

328 3197 596 3260 caussarumque,
622 3180 743 3261 quibus
765 3181 899 3244 haeres
922 3182 1144 3258 continentur,
1159 3200 1263 3263 quum
1289 3177 1440 3262 praecla-

330 3281 457 3343 rissime
481 3280 655 3360 illustrata,
669 3292 741 3346 tum
760 3281 947 3348 firmissime
963 3284 1092 3347 munita
1114 3293 1165 3346 est
1182 3306 1190 3345 ε
1205 3283 1298 3345 cuius
1322 3279 1438 3344 confli-

174 3389 283 3422 errorum
329 3383 440 3447 ctione
452 3385 788 3469 disciplinae‚veteres
803 3397 914 3451 sectae
929 3407 1076 3451 errorum
1090 3387 1222 3468 penitus
1233 3396 1439 3464 corruerunt,

154 3439 211 3538 'rii
245 3447 305 3541 llll
330 3487 478 3570 itemque
489 3508 605 3567 novae,
617 3491 753 3554 nornine
768 3493 879 3574 potius
891 3501 925 3555 et
940 3492 1060 3574 specie,
1075 3511 1175 3575 quarn
1193 3511 1227 3554 re
1244 3491 1307 3553 illis
1323 3476 1438 3573 dispa-

155 3559 295 3673 cmliii,
331 3609 392 3666 res,
406 3591 504 3654 simul
516 3593 656 3656 emisere
671 3605 783 3675 caput,
798 3603 832 3657 et
847 3594 996 3658 eiusdem
1013 3596 1134 3659 ictibus
1163 3593 1312 3657 deiectae
1334 3595 1438 3658 inter-

330 3694 508 3774 ciderunt;
533 3698 623 3778 quod
655 3699 721 3761 iam
752 3719 819 3761 non
848 3719 933 3762 unus
963 3701 1111 3762 ostendit
1148 3700 1191 3762 de
1220 3699 1438 3781 scriptoribus

330 3800 460 3866 nostris.
485 3801 587 3865 Ratio
612 3803 749 3885 quidem
765 3802 913 3867 humana
940 3806 982 3868 acl
1005 3805 1232 3888 cognitionem
1259 3824 1367 3867 rerum
1384 3804 1436 3867 in-

329 3907 483 3970 teriorem
501 3909 775 3991 reconditamque
787 3910 890 3973 liberi
906 3911 976 3974 vult
999 3911 1070 3973 acie
1084 3918 1266 3992 penetrare,
1282 3928 1342 3970 nec
1366 3927 1435 3972 non

328 4011 414 4074 velle
430 4022 563 4093 potest:
579 4032 692 4076 verum
709 4013 883 4095 Aquinate
898 4024 1033 4078 auctore
1049 4025 1084 4077 et
1100 4013 1268 4095 magistro,
1284 4011 1348 4076 hoc
1360 4013 1436 4095 ipso

151 4108 303 4213 {gffilfff
329 4106 615 4196 sacit'expeditius
629 4123 664 4179 et
680 4115 822 4194 liberius,
837 4118 916 4199 quia
931 4118 1097 4183 tutissime
1114 4117 1201 4194 lacit,
1213 4117 1304 4179 omni
1316 4117 1433 4198 procul

152 4225 233 4272 terras.
328 4215 474 4297 periculo
494 4216 701 4280 transiliendi
722 4217 804 4281 fines
819 4221 967 4283 veritatis
989 4220 1107 4304 Neque
1130 4221 1219 4283 enim
1243 4218 1433 4283 libertatem

359 4418 378 4449 r.
398 4404 496 4464 Ephes.‚
511 4417 545 4460 tv,
560 4421 594 4464 ¹4
