3172 4874
311 1161 419 1226 lHIL
441 1170 493 1226 est
508 1180 591 1244 opus
609 1169 646 1224 ut
660 1160 749 1243 apud
767 1179 826 1223 vos
842 1157 992 1242 pluribus
1012 1157 1220 1240 explicemus
1315 1193 1330 1226 J

158 1265 247 1414 N
328 1285 430 1347 quam
443 1265 563 1329 misera
579 1283 679 1346 quam
693 1263 845 1328 luctuosa
856 1262 889 1326 in
902 1281 1059 1344 praesens
1071 1261 1114 1326 sit
1129 1263 1218 1346 apud
1276 1239 1370 1348 'ff'

332 1369 435 1434 Italos
460 1377 561 1452 atque
581 1367 644 1432 hac
663 1367 736 1450 ipsa
752 1367 784 1430 in
801 1365 883 1430 urbe
910 1365 1035 1430 Nostra
1051 1365 1219 1448 religionis
1281 1401 1397 1460 ,nm-s„

147 1460 259 1474 ”“““
331 1473 568 1555 Ecclesiaeque
582 1470 743 1536 conditio.
768 1469 857 1536 Sunt
886 1469 976 1534 enim
994 1490 1045 1534 res
1065 1469 1158 1552 ipsae
1183 1470 1217 1533 in
1244 1459 1357 1565 mg

110 1581 187 1646 luce
203 1588 238 1645 et
252 1579 286 1644 in
302 1577 407 1643 oculis
421 1575 572 1658 omnium
585 1575 725 1659 positae,
739 1573 901 1656 vobisque
912 1573 946 1638 in
969 1574 1085 1658 primis
1101 1573 1217 1657 expio·
1243 1579 1393 1648 exitumfon·

112 1693 206 1750 ratae
233 1693 266 1748 et
293 1682 456 1767 cognitae.
488 1680 529 1745 Id
561 1679 710 1744 maxime
736 1688 915 1763 oporteret,
944 1688 1110 1762 quotquot
1139 1687 1218 1744 sunt
1243 1643 1359 1744 wll}

109 1808 220 1854 rerum
238 1806 398 1853 novarum
409 1793 561 1850 auctores
574 1785 786 1867 fautoresque
797 1783 911 1849 videre
920 1783 1101 1866 aliquando
1117 1791 1218 1864 atque
1243 1757 1395 1862 ffffmjsslss,

109 1891 305 1976 intelligere,
319 1910 420 1976 quem
445 1890 479 1952 in
508 1889 629 1968 locum,
644 1907 780 1953 suorum
805 1907 903 1952 cursu
927 1888 1151 1965 consiliorum,
1167 1907 1218 1952 res
1244 1877 1320 1922 ‘'²¹5¹“

108 1997 239 2062 italicas
255 1995 470 2073 adduxerint,
484 2004 517 2060 et
529 2013 630 2077 quem
645 1991 800 2057 habuerit
814 1994 944 2058 exitum
961 1993 1043 2058 inita
1059 1995 1219 2058 adversus

110 2098 298 2164 Ecclesiam
325 2096 506 2162 contentio.
521 2133 565 2144 -
589 2093 688 2172 Sane,
703 2095 933 2161 calamitatum
959 2097 1063 2160 moles
1090 2097 1123 2160 in
1147 2097 1220 2161 dies

110 2201 246 2280 crescit;
265 2199 467 2278 discrimina,
481 2199 683 2264 detrimenta
706 2198 829 2262 civium
856 2217 1038 2282 eorumque
1060 2219 1105 2264 ex
1127 2200 1220 2264 omni

109 2323 232 2388 genere
255 2302 385 2368 labores
393 2324 402 2382 ;
426 2311 498 2366 tum
525 2302 627 2367 etiarn
651 2302 829 2366 exundans
856 2301 1062 2383 perditorum
1088 2321 1219 2366 morum

109 2406 192 2481 lues,
218 2405 361 2488 gliscens
390 2405 531 2470 audacia
557 2405 825 2470 turbulentarum
856 2404 1011 2486 partium,
1042 2413 1219 2488 motusque

106 2507 297 2594 populares,
311 2509 479 2575 interdum
503 2529 564 2574 nec
590 2509 765 2588 incruenti,
779 2511 882 2574 tristis
897 2510 1033 2573 demum
1049 2517 1091 2584 et,
1106 2507 1218 2574 lormi-

108 2613 238 2691 dolosa,
263 2633 331 2697 qua
356 2622 527 2697 anguntur
557 2612 670 2690 animi,
694 2612 858 2679 malorum
889 2633 1023 2698 quoque
1054 2613 1217 2678 maiorum

110 2717 315 2800 expectatio.
331 2717 439 2782 Iidem
456 2715 616 2801 prolecto,
629 2717 658 2780 si
676 2729 841 2800 saperent,
855 2717 883 2780 si
898 2736 1059 2802 germana
1074 2719 1217 2802 patriam

110 2821 251 2886 caritate
281 2819 467 2905 diligerent,
501 2819 600 2887 facile
635 2822 861 2904 perspicerent
898 2841 1091 2906 supremum
1129 2821 1218 2888 orbis

112 2925 360 2992 dominatorem
378 2925 488 2990 Deum
506 2945 566 3010 per
580 2925 654 3009 ipsa
669 2945 778 2990 rerum
790 2927 1024 3009 experimenta
1033 2945 1152 2992 omnes
1161 2925 1218 3008 qui

106 3037 227 3113 parent
243 3031 367 3113 quique
378 3031 544 3112 imperant
553 3031 744 3108 admonere,
756 3050 794 3094 ac
807 3031 910 3094 iustas
922 3042 1082 3114 expetere
1093 3049 1219 3115 poenas

107 3131 322 3198 dissidiorum
339 3152 378 3196 ac
399 3133 609 3198 simultatum
636 3153 723 3217 quae
745 3142 862 3198 contra
890 3133 1014 3199 Christi
1031 3131 1218 3198 Ecclesiam

108 3237 236 3302 iamd‘n
252 3245 459 3302 exercentur.

153 3341 226 3406 Nec
250 3339 453 3404 formidandi
477 3361 595 3406 caussa
605 3341 722 3420 minor,
744 3341 962 3407 Venerabiles
983 3341 1126 3418 Fratres,
1141 3341 1169 3403 si
1184 3339 1218 3402 in
1254 3391 1304 3437 Nec
1312 3392 1399 3438 maor

107 3444 253 3528 reliquas
279 3443 436 3527 Europae
452 3455 563 3527 partes
579 3443 748 3529 paulisper
762 3445 877 3512 oculos
890 3445 1116 3510 coniiciamus.
1134 3443 1218 3510 Ubi·
1244 3455 1321 3520 statvs,
1361 3465 1395 3555 7,-

107 3568 175 3633 que
191 3549 258 3612 lere
273 3545 452 3613 effrenatas
467 3549 668 3631 cupiditates
684 3550 836 3615 videmus
853 3550 1068 3632 minacesque
1091 3551 1218 3616 animo·
1245 3525 1396 3640 limpidii

107 3671 181 3716 rum
208 3661 329 3730 motus,
344 3651 446 3717 veluti
470 3662 646 3737 promptos
662 3675 700 3719 ac
723 3663 859 3739 paratos
876 3654 919 3718 ad
946 3652 1100 3719 incendia
1115 3654 1219 3737 ignes.
1242 3630 1357 3686 pamm

109 3754 314 3820 Posthabitis
323 3755 524 3820 christianae
536 3757 720 3839 sapientiae
732 3757 901 3835 doctrinis,
916 3757 1085 3822 Ecclesiae
1096 3759 1219 3824 virtute

108 3868 211 3940 atque
238 3857 304 3922 Dei
334 3857 437 3942 ipsius
468 3860 668 3924 auctoritate
699 3861 860 3943 neglecta,
891 3862 1039 3926 humana
1076 3863 1219 3928 societas

108 3979 313 4044 magnopere
336 3961 475 4040 laborat,
499 3965 724 4028 maximarum
752 3965 1042 4048 perturbationum
1065 3965 1219 4049 periculis

108 4066 259 4147 quotidie
274 4065 433 4132 obnoxia.

149 4171 290 4235 atvero
307 4169 456 4235 Ecclesia
472 4170 606 4250 Christi,
621 4167 768 4238 adversis
781 4191 887 4257 aeque
897 4194 936 4238 ac
948 4176 1104 4239 secundis
1119 4174 1217 4240 rebus

107 4272 212 4339 divini
225 4275 370 4340 auctoris
386 4273 512 4341 conlisa
534 4277 680 4355 numine,
696 4277 759 4342 iter
773 4297 869 4343 suum
891 4280 1059 4344 constanti
1074 4280 1217 4362 vestigio

107 4378 326 4464 persequitur.
349 4378 525 4461 Videlicet,
551 4399 763 4466 quacumque
777 4383 877 4448 datur
892 4384 1013 4461 aditus,
1028 4403 1069 4448 eo
1084 4383 1217 4450 divinae

1560 3681 1572 3737 'l
