3310 4868
363 359 433 428 104
661 355 879 408 euctemon
899 341 919 373 ‘¹
943 354 1129 408 maenus
1149 391 1169 419 „

357 547 464 612 nitate
494 544 651 612 excultos
682 543 814 628 magnis
837 540 971 609 afficere
997 539 1169 608 beneficiis
1201 539 1295 606 nullo
1319 551 1478 626 tempore

180 644 332 744 Zemm-
358 649 510 715 Ecclesia
522 649 631 728 desiit,
646 646 698 714 vel
714 648 902 716 resistendo
914 647 1104 732 iniquorum
1114 645 1263 724 arbitrio,
1272 647 1325 712 vel
1337 648 1478 731 propul-

209 731 215 748 ’
356 754 471 818 sanclis
480 775 501 818 a
512 754 623 837 capite
633 753 862 819 innocentium
875 761 909 818 et
922 751 1112 818 tenuiorum
1121 750 1259 830 iniuriis,
1270 750 1323 816 vel
1334 753 1477 817 demum

357 879 459 942 opera
482 859 596 928 danda
623 868 661 924 ut
686 879 795 932 rerum
819 859 1028 945 publicarum
1054 875 1094 920 ea
1119 857 1319 924 constitutio
1340 855 1478 932 valeret,

357 983 459 1047 quam
476 963 564 1028 cives
579 973 717 1048 propter
732 964 938 1047 aequitatem
964 963 1170 1038 adamarent,
1187 961 1320 1027 externi
1337 971 1478 1045 propter

357 1067 544 1150 potentiam
558 1077 754 1135 metuerent

403 1171 577 1236 Praeterea
607 1171 816 1236 verissimum
847 1168 995 1236 officium
1020 1179 1072 1235 est
1095 1167 1200 1234 vereri
1224 1169 1478 1246 auctoritatem,

192 1261 244 1364 „1⁸2
277 1275 332 1364 ⁶5?
357 1275 519 1359 iustisque
543 1274 673 1359 legibus
699 1276 897 1341 obedienter
923 1274 1081 1340 subesse:
1116 1293 1186 1358 quo
1217 1271 1255 1338 fit
1281 1284 1320 1338 ut
1349 1273 1477 1339 virtute

204 1381 236 1423 '³¹
254 1379 260 1389 ’
279 1414 284 1433 ·
357 1379 597 1462 vigilantiaque
612 1379 726 1462 legum
742 1379 786 1444 ab
801 1379 919 1444 iniuria
936 1378 1165 1462 improborum
1189 1377 1279 1442 cives
1301 1376 1477 1441 vindicen-

356 1492 418 1548 tur.
432 1484 586 1548 Potestas
601 1483 751 1566 legitima
767 1503 786 1547 a
805 1485 880 1547 Deo
894 1491 955 1558 est,
964 1492 999 1547 et
1020 1482 1081 1564 qui
1086 1481 1245 1564 potestati
1259 1481 1393 1558 resistit,
1407 1480 1481 1544 Dei

355 1585 559 1652 ordinationi
579 1587 727 1652 resistit:
753 1607 821 1670 quo
849 1587 953 1651 modo
979 1586 1122 1652 multum
1147 1585 1341 1651 obedientia
1364 1587 1479 1670 adipi·

355 1693 459 1756 scitur
474 1691 668 1768 nobilitatis,
683 1709 759 1755 cum
773 1692 976 1756 iustissimae
1003 1690 1254 1774 altissimaeque
1278 1691 1478 1754 auctoritati

355 1795 562 1859 adhibeatur.
573 1832 619 1844 -
633 1794 761 1859 Verum
784 1795 840 1858 ubi
857 1794 1045 1876 imperandi
1062 1795 1113 1858 ius
1128 1794 1234 1869 abest,
1249 1793 1302 1857 vel
1319 1795 1346 1856 si
1372 1795 1477 1876 quid·

239 1956 254 1986 r
272 1942 331 1986 scr„
356 1919 457 1982 quam
474 1897 697 1981 praecipiatur
721 1898 852 1976 rationi,
868 1896 933 1982 legi
961 1908 1127 1975 aeternae,
1143 1897 1284 1980 imperio
1310 1897 1374 1962 Dei
1390 1917 1476 1962 con·

182 2001 234 2104 mſsa
252 2015 331 2104 3⁸⁶2]
356 2003 503 2081 trarium,
519 2011 644 2067 rectum
662 2013 713 2067 est
736 2023 803 2067 non
827 2022 952 2085 parere,
969 2001 1095 2067 scilicet
1118 2001 1321 2079 hominibus,
1336 2011 1373 2066 ut
1395 2001 1478 2067 Deo

224 2135 240 2188 π,
312 2121 332 2163 ι·-
356 2119 519 2193 pareatur.
548 2107 604 2173 Sic
628 2108 803 2191 praecluso
818 2109 859 2172 ad
886 2107 1099 2192 tyrannidem
1126 2107 1231 2186 aditu,
1254 2127 1322 2172 non
1356 2109 1477 2174 omnia

280 2212 287 2226 '
357 2213 526 2297 pertrahet
542 2213 583 2277 ad
613 2233 648 2276 se
670 2213 900 2296 principatus;
925 2233 985 2277 sua
1012 2222 1090 2277 sunt
1114 2211 1209 2276 salva
1235 2213 1306 2277 iura
1331 2213 1477 2296 singulis

357 2316 494 2393 civibus,
516 2336 576 2379 sua
610 2316 763 2380 societati
793 2315 1009 2392 domesticae,
1044 2315 1242 2397 cunctisque
1267 2316 1475 2399 reipublicae

358 2419 526 2497 membris,
540 2420 620 2485 data
644 2421 802 2485 omnibus
825 2439 923 2484 verae
947 2420 1045 2502 copia
1061 2418 1234 2497 libertatis,
1260 2421 1405 2503 quaein
1429 2439 1477 2484 eo

357 2534 417 2600 est,
447 2524 733 2607 quemadmodum
772 2525 1086 2601 demonstravimus,
1117 2535 1154 2589 ut
1196 2523 1340 2608 quisque
1365 2525 1476 2606 possit

357 2630 541 2693 secundum
559 2630 649 2712 leges
665 2640 859 2713 rectamque
871 2631 1036 2694 rationem
1052 2629 1173 2696 vivere.

192 2780 324 2816 secunus.

196 2853 324 2922 qugut·
403 2835 504 2919 Quod
529 2836 566 2914 si,
589 2856 665 2900 cum
693 2839 736 2902 de
759 2837 914 2902 libertate
943 2836 1045 2920 vulgo
1071 2837 1256 2920 disputant,
1282 2835 1471 2919 legitimam

182 2943 334 3038 ffllgt
358 2940 603 3023 honestamque
634 2941 866 3023 intelligerent,
890 2941 1024 3025 qualem
1053 2943 1156 3007 modo
1183 2941 1270 3006 ratio
1295 2941 1475 3022 oratioque

182 3045 248 3088 ”ml
358 3045 542 3128 descripsit,
552 3045 725 3128 exagitare
750 3046 936 3111 Ecclesiam
950 3067 1052 3112 nemo
1072 3048 1212 3112 auderet
1234 3054 1373 3128 propter
1388 3042 1473 3108 illud

203 3165 334 3210 Libertatis
358 3151 448 3234 quod
483 3169 541 3231 per
579 3169 747 3214 summam
801 3151 955 3215 iniuriam
999 3152 1118 3228 ierunt,
1167 3149 1218 3215 vel
1262 3148 1471 3232 singulorum

182 3225 269 3268 abrasus
310 3231 334 3268 et
372 3258 378 3272 .
494 3254 502 3268 .
597 3253 603 3267 .
759 3254 767 3269 .
855 3255 862 3270 .
1048 3256 1056 3273 .
1084 3255 1092 3272 .
1131 3255 1141 3270 .
1405 3255 1414 3270 .

197 3285 318 3342 compe„
357 3256 502 3319 hbertatr
515 3253 566 3316 vel
583 3252 706 3317 liberae
722 3255 924 3336 reipublicae
947 3275 1019 3320 esse
1046 3273 1283 3320 mimicam-
1308 3253 1378 3319 Sed
1403 3273 1473 3317 ram

182 3342 331 3448 ngsj'f‘m'
356 3357 512 3440 permulti
535 3355 725 3420 Luciferum
752 3357 885 3435 imitati,
901 3357 995 3422 cuius
1019 3368 1071 3424 est
1091 3357 1148 3422 illa
1173 3355 1301 3422 nefaria
1315 3377 1386 3422 vox
1409 3377 1475 3422 non

355 3460 509 3538 serviam,
521 3460 684 3525 libertatis
702 3461 838 3524 nomine
865 3461 1045 3526 absurdam
1062 3462 1245 3545 quamdam
1272 3469 1472 3524 consectan-

355 3574 410 3628 tur
425 3573 459 3628 et
475 3583 641 3628 meracam
657 3564 837 3629 licentiam.
854 3565 1053 3630 Cuiusmodi
1073 3575 1151 3630 sunt
1164 3585 1208 3629 ex
1224 3565 1282 3630 illa
1305 3573 1376 3628 tam
1403 3563 1474 3629 late

356 3668 430 3732 lusa
456 3676 594 3749 tamque
623 3665 764 3748 pollenti
791 3667 969 3751 disciplina
995 3668 1159 3748 homines,
1181 3667 1239 3752 qui
1261 3686 1307 3745 se,
1330 3667 1437 3732 ducto
1451 3689 1473 3730 a

355 3772 509 3835 libertate
526 3769 670 3846 nomine,
685 3769 853 3834 Liberales
868 3770 1030 3854 appellari
1046 3772 1172 3836 volunt.

400 3875 530 3938 Revera
559 3893 628 3955 quo
654 3883 808 3956 spectant
832 3875 865 3938 in
898 3874 1111 3958 philosophia
1150 3873 1389 3950 Naturalrstae,
1414 3895 1473 3938 seu

355 3976 606 4053 Rationalistae,
622 3978 740 4041 eodem
757 3979 791 4041 in
809 3997 843 4041 re
867 3978 983 4043 morali
1000 3998 1039 4042 ac
1055 3978 1145 4043 civili
1161 3985 1315 4062 spectant
1330 3976 1472 4042 Latera-

354 4081 448 4144 lismi
461 4079 617 4158 lautores,
633 4080 689 4162 qui
716 4081 827 4162 posita
842 4102 862 4145 a
877 4080 1104 4146 Naturaltstis
1112 4081 1277 4164 principia
1301 4081 1335 4144 in
1362 4099 1475 4145 mores

357 4184 591 4268 actionemque
606 4185 696 4249 vitae
707 4185 888 4249 deducunt.
900 4223 944 4234 -
959 4186 1113 4250 lamvero
1124 4185 1229 4250 totius
1245 4183 1475 4248 rationalr'snri

355 4287 523 4352 humanae
539 4289 745 4371 principatus
758 4287 897 4352 rationis
919 4300 1020 4371 caput
1039 4299 1109 4353 est:
1123 4309 1213 4372 quae
1242 4287 1473 4352 obedientiam

354 4390 487 4456 divinae
496 4402 717 4477 aeternaeque
730 4393 850 4456 rationi
861 4393 1011 4458 debitam
1029 4413 1195 4472 recusans,
1211 4393 1330 4476 suique
1345 4390 1473 4456 sciuris
