3310 4868
397 349 444 437 84
674 365 855 417 errsrom
883 353 904 384 “
932 367 973 416 m
1000 365 1181 417 acuamus
1209 401 1229 430 „

395 555 482 632 stoli,
492 554 651 638 pastorali
667 574 743 619 cum
754 555 866 620 studio
876 555 1056 637 animoque
1065 564 1207 638 paterno
1217 552 1505 618 commendamus.

251 699 371 745 mm„
396 659 488 742 Ergo
504 659 550 723 illi
569 661 764 724 memoriam
781 670 815 724 et
840 660 1050 724 voluntatem
1066 669 1196 742 gratam
1214 659 1267 742 pie
1287 659 1329 723 ad
1355 677 1413 719 eos
1438 673 1507 718 ser-

218 757 314 804 dm‘f‘
332 766 369 816 ⁰t·
395 784 473 828 vare
488 763 731 849 diligenterque
746 762 893 847 profiteri
910 764 1077 841 studeant,
1092 783 1234 846 quorum
1262 760 1403 826 concilio
1425 777 1508 840 ope·

239 822 345 922 mli:
394 888 497 950 raque
512 868 544 931 in
578 866 766 932 libertatem
792 867 952 934 viodlcati
965 879 1052 932 sunt.
1068 867 1181 934 Tanto
1197 887 1233 930 se
1256 883 1393 930 munere
1410 881 1508 926 num·

219 935 364 996 prebenda:
740 967 749 985 .
801 969 808 984 .
1222 970 1229 983 .

216 997 268 1041 sm
288 995 365 1055 gran.
395 990 497 1055 quam
531 969 714 1054 praebeant
739 969 907 1051 indignos,
933 988 994 1034 nec
1021 988 1184 1053 umquam
1208 969 1395 1032 libertatem
1427 982 1506 1026 cum

216 1106 271 1151 m,
291 1118 368 1149 mm.
394 1073 528 1138 licentia
558 1075 781 1156 cupiditatum
813 1073 1057 1156 permisceant;
1085 1078 1125 1136 ea
1153 1094 1231 1138 vero
1262 1082 1400 1136 utantur
1438 1087 1508 1150 quo

217 1166 245 1216 ‘²3
393 1178 496 1242 modo
511 1179 599 1242 cives
615 1177 711 1242 decet
727 1178 814 1241 bene
830 1187 988 1256 moratos,
1002 1177 1045 1242 ad
1063 1177 1259 1242 industriam
1284 1177 1372 1240 vitae
1389 1184 1506 1239 actuo·

392 1301 458 1359 sae,
473 1283 516 1346 ad
533 1281 713 1346 commoda
727 1291 761 1346 et
777 1290 976 1345 ornamenta
986 1299 1090 1364 quum
1103 1280 1251 1345 familiae
1261 1290 1334 1344 tum
1351 1278 1506 1343 civitatis.

216 1422 357 1468 „„„,·„„·
379 1386 509 1464 ,Vereri
522 1396 556 1451 et
570 1385 679 1450 colere
695 1386 906 1450 maiestatem
934 1385 1133 1468 principum,
1160 1404 1275 1469 parere
1301 1381 1506 1466 magistrati·

215 1482 313 1534 mill·
392 1490 464 1570 bus,
488 1489 618 1572 legibus
641 1488 886 1572 obtemperare,
908 1489 993 1554 haec
1014 1487 1123 1554 officia
1149 1501 1183 1554 et
1198 1491 1331 1567 similia,
1343 1507 1411 1552 non
1435 1499 1504 1551 tam

393 1605 484 1660 metu
512 1594 649 1658 adducti
673 1613 775 1676 quam
803 1593 973 1676 religione,
986 1594 1121 1658 assidue
1136 1603 1386 1676 exsequantur:
1403 1591 1504 1654 etiam

391 1698 570 1763 cohibeant
600 1706 805 1780 arceantque
819 1697 949 1761 alienae
964 1699 1083 1779 copiae
1109 1708 1143 1764 et
1168 1697 1393 1781 praestantiae
1421 1694 1505 1758 lnvi·

391 1804 492 1878 diam,
507 1819 594 1884 quae
608 1799 792 1865 dolendum
808 1821 910 1884 quam
929 1800 1054 1866 multos
1070 1822 1115 1866 ex
1132 1803 1340 1868 tenuioribus
1354 1799 1504 1882 quotidie
1612 1845 1613 1850 η

392 1916 546 1989 torqueat
562 1917 595 1970 et
608 1925 710 1989 quam
737 1906 844 1970 multa
865 1907 1032 1972 ministret
1061 1909 1230 1992 nequitiae
1255 1906 1355 1990 plena
1383 1906 1503 1967 instru-

393 2021 507 2075 menta
531 2013 690 2074 adversus
715 2011 872 2075 ordinum
889 2011 1102 2076 securitatem
1119 2023 1152 2076 et
1176 2031 1302 2094 pacem.
1321 2011 1373 2074 Re
1388 2029 1450 2072 sua
1472 2017 1503 2072 et

393 2124 483 2180 statu
500 2115 659 2191 contenti,
674 2112 757 2178 nihil
770 2115 878 2178 carius
895 2115 1054 2198 cogitent,
1070 2115 1151 2180 nihil
1163 2123 1326 2199 appetant
1351 2112 1502 2195 cupIdius

221 2255 317 2302 cmm
348 2257 371 2300 α
393 2238 495 2302 quam
520 2218 609 2280 bona
625 2217 718 2299 regni
741 2217 905 2294 caelestis,
931 2238 1074 2300 quorum
1101 2220 1210 2302 gratia
1226 2221 1258 2282 in
1286 2217 1394 2283 lucem
1421 2213 1499 2278 editi

240 2314 351 2419 {2²32}
394 2332 473 2388 sunt
484 2331 517 2385 et
533 2340 553 2384 a
568 2319 705 2386 Christo
727 2321 915 2403 redempti:
933 2319 977 2386 de
994 2323 1070 2386 Deo
1085 2324 1273 2406 eodemque
1289 2321 1438 2385 Domino
1462 2335 1500 2380 ac

396 2424 592 2490 Liberatore
626 2443 688 2488 suo
714 2443 791 2489 cum
817 2425 943 2508 pietate
970 2426 1126 2504 sentiant,
1153 2445 1229 2490 eum
1267 2426 1349 2489 totis
1378 2421 1500 2486 viribus

396 2529 548 2612 diligant,
563 2528 633 2592 eius
651 2529 812 2593 mandata
827 2529 919 2594 omni
936 2549 1015 2594 cura
1037 2531 1240 2595 custodiant.
1257 2528 1410 2612 Sponsae
1425 2526 1502 2598 eius,

399 2635 569 2710 Ecclesiae
594 2644 740 2712 sanctae,
764 2654 800 2699 se
827 2633 914 2698 filios
940 2655 1013 2699 esse
1037 2637 1217 2719 gaudeant,
1244 2656 1317 2700 esse
1358 2635 1501 2718 optimos
1606 2642 1612 2653 ·

398 2739 560 2816 laborent,
575 2748 608 2801 et
624 2757 726 2820 quam
743 2740 872 2821 possint
896 2739 1019 2804 amoris
1044 2741 1150 2806 vicem
1178 2740 1297 2820 sedulo
1312 2741 1463 2805 reddant.

254 2886 300 2931 Ad
312 2886 376 2930 rm
445 2841 541 2904 Haec
563 2841 680 2904 eadem
707 2841 911 2906 documenta
936 2863 997 2906 vos
1022 2844 1112 2921 item,
1127 2843 1347 2909 Venerabiles
1370 2843 1505 2914 Fratres,

225 2945 377 3062 wag
401 2943 480 3027 ipsis
496 2943 636 3007 suadere
645 2954 679 3007 et
694 2947 894 3026 persuadere
911 2946 1037 3012 libertis
1064 2947 1228 3026 insistite;
1254 2957 1300 3026 ut,
1315 2949 1408 3031 quod
1424 2965 1504 3010 sum·

227 3064 294 3123 scopi.
404 3067 495 3112 mum
512 3057 563 3111 est
589 3046 698 3110 Nobis
721 3058 838 3113 votum
859 3047 1138 3134 idemque'vobis
1165 3051 1331 3135 bonisque
1358 3049 1505 3114 omnibus

402 3169 474 3213 esse
489 3150 599 3227 debet,
615 3159 730 3233 partae
747 3149 910 3217 libertatis
933 3151 1059 3217 fructus
1087 3154 1203 3237 religio
1228 3155 1261 3217 in
1289 3153 1416 3235 primis,
1432 3169 1504 3234 qua·

402 3273 545 3335 cumque
575 3254 663 3318 istud
694 3263 789 3336 patet
821 3255 1015 3338 Imperium,
1049 3257 1274 3341 amplissimos
1311 3257 1441 3330 habeat,
1464 3253 1503 3315 ad

405 3358 663 3440 perpetuitatem
680 3359 872 3438 persentiat

238 3523 326 3569 ΟΜ
341 3525 381 3567 m
451 3461 490 3524 ld
506 3471 618 3525 autem
643 3481 710 3544 quo
736 3463 896 3528 succedat
921 3464 1058 3542 felicius
1081 3465 1417 3530 cumulatissimama
1438 3461 1506 3525 Deo

250 3529 358 3640 beania
405 3566 547 3648 gratiam
563 3584 730 3647 opemque
747 3576 934 3632 maternam
965 3569 1207 3634 Immaculatae
1223 3567 1373 3650 Virginis
1395 3563 1506 3646 implo-

229 3641 375 3750 ss'fmm‘l'
406 3690 518 3734 ramus
561 3682 595 3734 et
632 3670 856 3750 exposcimus.
887 3671 1092 3738 Caelestium
1125 3693 1299 3737 munemm
1344 3669 1503 3752 auspicem

257 3809 352 3867 „nm-c,
404 3784 631 3856 paternaeque
661 3773 807 3837 Nostrae
822 3775 1076 3842 benevolentiae
1100 3786 1231 3854 testem,
1248 3775 1352 3852 vobis,
1367 3773 1505 3838 Venera-

240 3868 364 3926 “W‘l‘lffl
405 3879 488 3942 biles
504 3879 647 3954 Fratres,
662 3875 762 3941 Clero
777 3878 970 3962 populoque
986 3883 1141 3946 universo
1156 3880 1389 3965 Apostolicam
1411 3877 1505 3939 bene·

230 3927 356 3972 medum
407 3982 588 4045 dictionem
604 3990 818 4062 peramanter
833 3981 1052 4064 impertimus.

451 4125 715 4189 DatumRomae
723 4121 814 4204 apud
826 4122 1000 4192 S.Petrum
1010 4130 1065 4194 die
1076 4144 1100 4192 v
1111 4129 1194 4194 Maii
1206 4133 1505 4194 Mbccctxxxvm,

408 4229 625 4293 Pontificatus
641 4225 757 4291 Nostri
774 4245 863 4291 anno
879 4232 1066 4299 undecimo.

1001 4395 1098 4462 LEO
1115 4396 1176 4460 ΡΡ.
1195 4395 1298 4461 XIII.
