3250 4876
470 407 1169 507 ..mmmm
1185 418 1319 484 ';..‘;..'ss·.;;.
1327 430 1494 507 .'..⁵.'r.·‡.‘.s.1}27
1506 428 1508 431 ’

610 558 935 640 arr-ranas
961 555 1367 640 sncrcarcur:
1422 492 1449 495 ’ἦ

1482 692 1495 707 'r

452 722 456 731 r

447 742 453 753 s

447 818 452 825 ι

529 753 594 816 ns
612 752 904 814 rnaecrpurs
924 753 1103 814 crurum
1119 751 1442 813 crrnrsrrnno-

1487 748 1496 759 ι,

1482 772 1507 821 l.

1486 824 1492 835 ι

1488 850 1492 859 ι

1482 822 1485 861 l

814 916 923 976 aum
947 913 1172 977 orrrcrrs.
1483 950 1507 1029 p
1571 971 1572 990 ,

483 1232 487 1239 ¹
521 1232 534 1245 ··
558 1232 571 1245 ··
604 1201 892 1272 'APlENTlA'E
931 1204 1131 1269 christianae
1169 1207 1314 1270 revocari
1353 1215 1514 1291 praecepta

318 1245 348 1280 10

264 1293 407 1404 Mfiffi'
445 1304 454 1403 [J
598 1319 607 1401 ζ
641 1313 880 1398 eisquevitam,
897 1332 1015 1390 mores,
1027 1312 1180 1378 instituta
1191 1313 1389 1398 populorum
1405 1315 1514 1398 penitus

445 1454 453 1477 .»
598 1448 606 1475 ·.
641 1415 852 1494 conformari,
889 1415 1040 1498 quotidie
1066 1417 1173 1500 magis
1203 1428 1343 1501 apparet
1373 1429 1512 1501 oportere.

255 1504 407 1623 ssffllju
439 1548 449 1567 ··
483 1538 498 1555 ··
520 1538 535 1553 ⁶·
557 1538 574 1553 ·’
604 1548 613 1567 -·
644 1519 713 1583 lllis
743 1521 832 1584 enlm
860 1519 1070 1602 posthabitis,
1096 1528 1192 1584 tanta
1221 1521 1271 1584 vis
1298 1533 1350 1586 est
1376 1521 1513 1586 malorum

253 1623 407 1728 imma
433 1633 622 1702 consecuta,
648 1633 684 1688 ut
710 1643 810 1687 nemo
837 1624 970 1706 sapiens
996 1643 1057 1686 nec
1083 1622 1167 1688 serre
1197 1625 1268 1688 sine
1299 1625 1433 1709 ancipiti
1455 1643 1514 1686 cura
1572 1659 1573 1666 κ

254 1742 393 1790 imminent.
432 1727 621 1810 praesentia
632 1736 743 1810 queat,
759 1747 820 1790 nec
838 1727 872 1790 in
889 1737 1059 1810 posterum
1082 1727 1154 1791 sine
1171 1739 1262 1793 metu
1286 1729 1472 1812 prospicere.
1483 1761 1514 1774 -

433 1833 538 1897 Facta
549 1831 686 1915 quidem
704 1851 771 1895 non
789 1829 965 1896 mediocris
981 1839 1031 1894 est
1048 1831 1143 1896 adea
1159 1831 1258 1910 bona,
1272 1853 1361 1916 quae
1374 1843 1448 1896 sunt
1460 1849 1513 1892 cor·

261 1951 406 2022 ,angusto
432 1935 522 2020 poris
559 1945 593 2000 et
630 1945 781 2013 externa,
811 1934 1021 2018 progressio:
1052 1935 1111 2000 sed
1142 1935 1252 2000 omnis
1290 1947 1418 2014 natura,
1449 1951 1514 2018 quae

255 2011 406 2124 zaim?
431 2039 576 2103 hominis
592 2037 743 2121 percellit
769 2057 895 2116 sensus,
917 2057 1089 2122 opumque
1104 2048 1137 2103 et
1164 2039 1284 2103 virium
1309 2050 1345 2104 et
1369 2037 1512 2122 copiarum

250 2129 406 2250 {mg
431 2143 607 2228 possessio,
633 2145 660 2208 si
687 2144 946 2208 commoditates
976 2144 1114 2226 gignere
1144 2143 1394 2228 suavitatesque
1418 2157 1514 2224 augere

253 2249 372 2295 hominm
431 2249 564 2313 vivendi
592 2259 712 2332 potest,
728 2259 844 2312 natum
872 2249 915 2311 ad
941 2249 1067 2312 maiora
1091 2267 1130 2311 ac
1155 2247 1440 2330 magnificentiora
1461 2241 1513 2307 ani·

251 2308 405 2421 irinum
433 2373 524 2418 murn
540 2354 679 2437 explere
704 2373 770 2416 non
799 2361 918 2436 potest.
937 2350 1047 2415 Deum
1064 2361 1224 2436 spectare,
1239 2361 1343 2436 atque
1361 2352 1402 2416 ad
1428 2350 1512 2432 ipsun

187 2439 295 2472 ·.um
325 2434 406 2488 nempe

251 2499 383 2545 cognoscen-
432 2457 643 2535 contendere,
673 2476 828 2540 suprema
870 2455 928 2520 lex
958 2467 1009 2520 est
1040 2457 1129 2521 vitae
1166 2455 1367 2522 hominum:
1402 2454 1453 2538 qui
1483 2449 1512 2511 ad

252 2547 405 2652 {affl
430 2563 611 2646 imaginem
637 2562 763 2627 conditi
791 2561 1112 2645 similitudinemque
1136 2562 1295 2640 divinam,
1321 2565 1436 2628 natum
1460 2557 1512 2638 ipsi

250 2664 338 2771 Ἕκ
365 2641 403 2712 “⁵-
430 2666 473 2730 ad
489 2676 660 2730 auctorem
677 2685 774 2730 suum
786 2665 986 2748 potiundum
1002 2665 1217 2730 vehementer
1228 2665 1417 2732 incitantur.
1431 2653 1511 2740 niqui

252 2739 267 2784 q
307 2757 314 2771 '
431 2789 498 2834 non
516 2779 609 2835 motu
627 2769 739 2853 aliquo
755 2789 920 2853 cursuque
943 2771 1091 2854 corporis
1107 2771 1257 2836 tenditur
1277 2771 1320 2835 ad
1346 2759 1508 2842 Deumstd

430 2873 470 2936 iis
496 2892 583 2956 quae
610 2882 688 2938 sunt
714 2873 827 2950 animi,
854 2873 1047 2957 cognitione
1074 2883 1175 2958 atque
1199 2872 1333 2941 affectu.
1359 2875 1419 2939 Est
1445 2863 1504 2932 erim

431 2976 524 3040 Deus
548 2976 657 3061 prima
684 2997 723 3041 ac
749 2997 906 3059 suprema
931 2979 1062 3057 veritas,
1087 2999 1148 3042 nec
1180 2979 1243 3044 nisi
1275 2999 1373 3044 mens
1401 2971 1507 3040 tretilale

429 3079 549 3146 alitur:
570 3087 620 3144 est
642 3080 730 3145 idem
747 3080 895 3163 perlecta
918 3082 1078 3147 sanctitas
1103 3103 1343 3167 summumque
1366 3083 1509 3148 bonomo.

429 3203 497 3268 quo
512 3183 584 3249 sola
599 3183 753 3249 voluntas
770 3185 916 3268 aspirare
932 3194 965 3250 et
981 3187 1147 3264 accedere,
1163 3189 1249 3252 duce
1272 3189 1403 3266 virtute,
1417 3183 1513 3268 pol&-

253 3285 405 3392 ulmi·
473 3286 573 3370 Quod
602 3298 715 3354 autem
743 3289 785 3353 de
810 3289 950 3372 singulis
975 3289 1177 3368 hominibus,
1193 3291 1282 3356 idem
1309 3293 1354 3356 de
1378 3289 1511 3354 societate

253 3410 308 3452 rare.
430 3398 502 3454 tum
518 3392 703 3456 domestica
730 3402 802 3457 tum
828 3393 929 3456 etiam
946 3393 1035 3457 civili
1063 3393 1329 3478 intelligendum.
1346 3393 1421 3459 Non
1442 3381 1510 3450 enin
1574 3429 1575 3482 ,

429 3495 474 3560 ob
494 3494 580 3560 hanc
596 3515 749 3562 caussam
765 3497 882 3579 genuit
908 3507 1028 3563 natura
1045 3499 1241 3564 societatem
1258 3509 1294 3564 ut
1310 3499 1415 3583 ipsam
1429 3495 1512 3556 homo
1574 3487 1575 3532 ³

428 3610 622 3685 sequeretur
644 3610 818 3683 tamquam
847 3599 956 3679 tinem,
972 3601 1030 3666 sed
1059 3612 1096 3667 ut
1113 3601 1145 3667 in
1162 3623 1203 3666 ea
1229 3614 1264 3667 et
1279 3623 1339 3686 per
1353 3619 1424 3666 earn
1438 3591 1512 3658 adiu·
1574 3611 1575 3662 Q

270 3723 403 3794 ,Quareso-
429 3714 543 3771 menta
569 3706 612 3770 ad
640 3704 877 3788 perfectionem
904 3707 954 3770 sui
982 3716 1062 3789 apta
1087 3707 1253 3790 reperiret.
1279 3707 1316 3774 Si
1340 3725 1405 3792 qua
1429 3697 1510 3782 igitur
1574 3719 1575 3722 ’

250 3787 403 3900 3,ξωῖἷὲἷῖ
427 3809 545 3875 civitas
569 3807 651 3872 nihil
677 3819 809 3892 praeter
831 3809 1090 3874 commoditates
1113 3819 1271 3874 externas
1298 3795 1509 3891 vitaequecul·
1574 3823 1575 3828 ¹

251 3901 401 4020 imit*
427 3922 499 3978 tum
530 3929 608 3976 cum
639 3911 807 3994 elegantia
837 3921 871 3976 et
900 3913 998 3995 copia
1029 3924 1258 3995 persequatur,
1288 3914 1316 3977 si
1351 3913 1453 3976 Deum
1484 3899 1509 3959 5¹¹

251 4020 379 4082 nelt'lt'aem·
427 4014 694 4080 administranda
710 4015 879 4098 republica
895 4015 1072 4100 negligere,
1085 4036 1145 4080 nec
1162 4017 1253 4100 leges
1269 4035 1382 4082 curare
1392 4003 1509 4076 moral&

250 4093 401 4185 faram
427 4118 646 4196 consueverit,
660 4117 839 4183 deterrime
853 4119 985 4186 aberrat
1001 4121 1045 4185 ab
1061 4121 1215 4188 instituto
1227 4143 1288 4188 suo
1304 4131 1338 4188 et
1353 4109 1510 4206 praescrip'

250 4197 375 4245 mm*
427 4221 520 4286 tione
555 4230 704 4300 naturae,
734 4241 843 4304 neque
873 4231 943 4286 tam
974 4232 1025 4288 est
1056 4243 1095 4288 ea
1126 4227 1268 4290 societas
1297 4223 1460 4290 hominum
1484 4215 1509 4269 et

428 4325 653 4390 communitas
682 4325 843 4408 putanda,
869 4346 970 4412 quam
1000 4327 1104 4393 fallax
1129 4329 1274 4396 imitatio
1300 4321 1508 4398 simulatioque

361 4437 363 4442 '
428 4427 608 4493 societatis.
630 4463 673 4476 -—
702 4429 854 4494 lamvero
867 4451 916 4508 ea,
931 4451 1017 4516 quae
1033 4432 1192 4512 diximus,
1207 4433 1311 4498 animi
1332 4433 1422 4504 bona,
1435 4435 1505 4505 quac
