3172 4874
384 431 434 480 os
452 427 693 480 coummoua
711 427 904 478 01³1F1cun.
1130 409 1193 479 181

89 610 194 675 fundo
210 610 357 671 insumat
372 625 442 682 suu,
457 603 534 667 vel
525 625 559 668 1n
572 612 644 666 arte
662 603 773 686 aliqua
795 623 946 684 operosa,
959 605 1052 668 cuius
1073 625 1199 670 merces
1263 619 1341 706 Mul!

88 715 226 778 tandem
243 731 310 775 non
327 709 470 787 aliunde,
485 727 587 791 quam
614 728 634 770 a
651 705 827 789 multiplici
850 716 958 772 terrae
974 707 1042 772 fetu
1058 709 1200 788 ducitur,
1270 715 1330 775 1891

87 835 164 880 cum
181 833 289 898 eoque
304 820 521 896 permutatur.
1097 861 1098 864 ,
1240 809 1377 914 ,ffi‘gl'

133 917 210 1002 Qua
225 937 270 980 ex
286 937 321 980 re
336 935 447 980 rursus
460 914 601 978 efficitur
604 915 768 996 ,privatas
781 914 1008 996 possessiones
1017 914 1199 998 planeesse
1252 928 1357 974 inservit

87 1020 272 1084 secundum
290 1028 454 1081 naturam.
470 1017 539 1080 Res
567 1017 656 1080 enim
685 1035 741 1080 eas
743 1037 852 1100 ,quae
868 1018 911 1081 ad
935 1019 1197 1082 conservandam
1225 992 1378 1091 aramque

55 1165 61 1182 ·
87 1123 191 1188 vitam
209 1123 425 1205 maximeque
450 1122 492 1185 ad
519 1119 758 1204 perficiendam
787 1123 1008 1204 requiruntur,
1024 1133 1111 1186 terra
1127 1123 1199 1205 qui·
1240 1108 1354 1152 ΜΨ·

87 1228 166 1291 dem
191 1245 267 1289 cum
296 1244 419 1306 magna
443 1224 599 1308 largitate
625 1225 744 1303 fundit,
771 1225 829 1288 sed
854 1225 993 1289 fundere
1016 1245 1061 1289 ex
1077 1246 1113 1289 se
1128 1229 1200 1291 sine
1225 1215 1378 1320 {lssss‘lss'

88 1330 263 1394 hominum
288 1329 378 1393 cultu
404 1337 438 1391 et
461 1330 635 1392 curatione
661 1349 728 1393 non
753 1339 876 1412 posset
893 1330 1047 1394 lamvero
1071 1349 1148 1393 cum
1165 1330 1198 1392 in
1227 1333 1380 1437 raestjnetq

89 1433 246 1518 parandis
259 1441 397 1495 naturae
417 1432 515 1496 bonis
527 1433 727 1498 industriam
745 1434 867 1498 mentis
883 1434 1036 1517 viresque
1052 1432 1199 1514 corporis
1222 1407 1313 1570 {2²3}
1327 1407 1379 1556 {2¹22

88 1538 210 1603 homo
201 1547 357 1612 insumat
368 1536 453 1601 hoc'
444 1556 518 1619 ipso
530 1537 682 1620 applicat
701 1539 744 1602 ad
758 1557 831 1602 sese
843 1557 918 1602 eam
928 1547 1068 1602 naturae
1083 1556 1199 1618 corpo-
1226 1576 1311 1628 ,mque
1320 1584 1378 1615 ,m

89 1663 165 1710 reae
174 1652 314 1726 partem
324 1661 426 1724 quam
440 1661 512 1724 ipse
522 1643 716 1725 percoluit
706 1663 739 1706 rn
752 1663 818 1726 qua
829 1643 921 1707 velut
930 1643 1071 1707 formam
1083 1659 1200 1726 quam·
1226 1629 1379 1747 ”mgb

89 1750 168 1812 dam
185 1765 347 1830 personae
363 1765 442 1809 suae
469 1746 667 1828 impressam
692 1746 848 1830 reliquit;
864 1757 900 1811 ut
916 1748 1055 1811 omnino
1072 1755 1199 1811 rectum
1232 1753 1371 1866 alili&

90 1869 162 1913 esse
177 1858 340 1931 oporteat,
351 1869 426 1912 earn
440 1859 569 1931 partem
586 1851 681 1914 abeo
692 1851 856 1932 possideri
868 1851 917 1915 uti
933 1869 1038 1928 suam,
1055 1869 1115 1912 nec
1131 1847 1200 1912 ullo
1226 1871 1260 1911 est
1309 1881 1338 1912 cu
1340 1869 1377 1912 uu

92 1954 217 2018 modo
207 1974 258 2016 ius
273 1953 377 2035 ipsius
393 1953 519 2017 violare
536 1956 695 2044 cuiquam
712 1954 818 2019 licere
1219 1926 1377 2045 silim.

135 2057 267 2122 Horum
283 2067 352 2122 tam
369 2058 544 2139 perspicua
559 2057 609 2120 vis
626 2067 678 2122 est
694 2067 981 2139 argumentorum,
995 2067 1032 2122 ut
1049 2057 1199 2122 mirabile
1225 2045 1377 2162 fflffi

90 2161 249 2238 videatur,
265 2159 440 2224 dissentire
467 2161 631 2242 quosdam
660 2161 869 2250 exoletarum
893 2161 1089 2241 opinionum
1106 2161 1198 2224 resti·
1217 2164 1302 2222 sacen
1339 2178 1376 2208 121·

89 2276 234 2330 tutores:
248 2265 306 2346 qui
322 2283 419 2328 usum
431 2263 568 2346 quidem
581 2263 652 2341 soli,
665 2265 839 2346 variosque
850 2263 1062 2344 praediorum
1073 2262 1199 2327 fructus
1226 2237 1275 2269 “m

89 2369 218 2434 homini
231 2369 361 2450 privato
370 2369 579 2432 concedunt:
595 2377 630 2432 at
646 2367 809 2450 possideri
825 2365 868 2430 ab
883 2386 925 2430 eo
940 2375 977 2430 ut
993 2366 1131 2430 domino
1146 2367 1198 2430 vel

88 2472 209 2550 solum,
224 2473 257 2534 in
274 2491 342 2554 quo
357 2469 555 2550 aedificavit,
567 2472 618 2536 vel
637 2472 809 2554 praedium
826 2472 915 2554 quod
927 2469 1083 2546 excoluit,
1099 2473 1200 2553 plane

90 2577 141 2641 ius
157 2596 230 2640 esse
241 2585 376 2657 negant.
392 2575 493 2658 Quod
510 2596 586 2640 cum
604 2584 739 2659 negant,
754 2575 946 2640 fraudatum
963 2575 1001 2638 iri
1017 2575 1122 2656 partis
1138 2593 1200 2639 suo

90 2679 204 2746 labore
228 2680 326 2744 rebus
350 2679 533 2758 hominem,
558 2699 626 2744 uon
653 2681 778 2745 vident.
804 2681 899 2763 Ager
923 2679 1048 2762 quippe
1063 2677 1200 2742 cultoris

92 2804 193 2849 manu
209 2794 310 2867 atque
325 2793 396 2848 arte
411 2784 568 2850 subactus
584 2784 737 2848 habitum
762 2785 862 2866 longe
878 2792 1008 2848 mutat:
1024 2803 1043 2846 e
1057 2782 1199 2848 silvestri

91 2886 236 2971 frugifer,
251 2907 297 2950 ex
321 2887 501 2953 insecundo
525 2886 621 2952 ferax
648 2887 796 2952 efficitur.
813 2887 944 2971 Quibus
970 2898 1083 2952 autem
1101 2887 1199 2952 rebus

91 3000 143 3057 est
158 2991 275 3056 melior
290 2989 406 3070 lactus,
418 2991 494 3055 illae
512 2992 559 3056 sic
569 2991 643 3057 solo
655 2992 828 3057 inhaerent
845 2993 1090 3076 miscenturque
1106 2993 1199 3074 peni·

91 3106 155 3172 tus,
167 3103 203 3159 ut
220 3095 405 3158 maximam
421 3104 550 3178 partem
568 3096 661 3159 nullo
676 3105 777 3179 pacto
791 3097 860 3159 sint
874 3096 1075 3178 separabiles
1086 3117 1105 3159 a
1117 3096 1198 3162 solo.

91 3200 200 3282 Atqui
215 3199 249 3262 id
265 3217 468 3281 quemquam
485 3201 584 3282 potiri
610 3200 734 3283 illoque
749 3200 883 3283 perfrui,
907 3201 941 3263 in
958 3220 1026 3284 quo
1041 3200 1126 3262 alius
1141 3199 1200 3262 de-

92 3305 234 3380 sudavit,
250 3311 406 3367 utrumne
432 3305 559 3370 iustitia
584 3306 748 3388 patiatur?
771 3304 850 3389 Quo
875 3306 978 3368 modo
993 3301 1133 3366 effectae
1148 3321 1199 3364 res

92 3429 245 3474 caussam
270 3418 455 3490 sequuntur
470 3430 490 3473 a
505 3430 572 3492 qua
589 3409 728 3474 effectae
752 3421 839 3487 sunt,
854 3410 901 3472 sic
916 3427 1039 3492 operae
1054 3407 1198 3470 fructum

92 3515 136 3578 ad
164 3533 220 3576 eos
244 3512 335 3596 ipsos
357 3513 414 3596 qui
445 3534 581 3598 operam
616 3514 778 3592 dederint,
800 3524 927 3577 rectum
951 3521 1001 3576 est
1025 3513 1199 3594 pertinere.

94 3617 218 3684 Merito
244 3617 346 3698 igitur
368 3617 565 3682 universitas
598 3619 728 3700 generis
752 3618 900 3695 humani,
925 3612 1200 3679 dissentientibus
1225 3599 1374 3720 dlitfflj'js·

93 3739 275 3804 paucorum
300 3720 515 3802 opinionibus
543 3721 624 3784 nihil
649 3721 833 3785 admodum
860 3729 961 3797 mota,
984 3719 1200 3799 studioseque
1221 3719 1377 3824 affim-
1434 3728 1435 3735 ’

95 3835 249 3890 naturam
266 3825 432 3902 intuens,
423 3846 456 3889 m
479 3825 583 3908 ipsius
599 3826 672 3908 lege
687 3835 825 3888 naturae
835 3824 1091 3888 fundamentum
1108 3841 1201 3902 repe·
1220 3840 1263 3898 jus
1281 3838 1375 3897 procta-

95 3929 137 3994 rit
152 3930 341 4012 partitionis
368 3929 543 4006 bonorum,
566 3931 859 4013 possessionesque
885 3927 1041 4009 privatas,
1062 3935 1099 3990 ut
1115 3913 1265 4008 quaem
1268 3904 1296 3950 ‘³

95 4053 173 4097 cum
199 4033 373 4097 hominum
401 4043 520 4098 natura
549 4043 738 4116 pacatoque
767 4043 802 4097 et
836 4031 1017 4113 tranquillo
1046 4031 1201 4094 convictu
1227 4059 1372 4130 „nfirma

97 4138 247 4204 maxime
271 4146 468 4219 congruant,
493 4136 646 4200 omnium
662 4136 871 4200 saeculorum
899 4155 960 4198 usu
988 4133 1203 4198 consecravit
1229 4119 1288 4230 “f‘?
1317 4120 1377 4162 ‘⁸¹²²'

96 4279 140 4292 -
156 4241 266 4324 Leges
288 4250 401 4303 autem
426 4239 549 4317 civiles,
576 4260 672 4323 quae,
695 4260 771 4304 cum
800 4239 907 4304 iustae
934 4247 1022 4317 sunt,
1044 4237 1203 4303 virtutem

98 4365 194 4411 suam
207 4346 251 4409 ab
266 4346 339 4427 ipsa
352 4343 494 4410 naturali
510 4345 584 4428 lege
600 4343 737 4421 ducunt,
751 4344 785 4408 id
803 4345 863 4421 ius,
877 4343 1003 4426 dequo
1028 4342 1206 4425 loquimur,

99 4449 301 4516 confirmant
316 4469 355 4512 ac
370 4448 402 4512 vi
419 4450 521 4513 etiam
534 4448 726 4514 adhibenda
740 4457 885 4514 tuentur.
900 4484 944 4498 -
962 4447 1056 4512 Idem
1078 4447 1205 4511 divina·
