3250 4876
415 381 462 449 26
512 397 659 450 ursan.
683 401 840 452 uucvca.
863 389 883 417 ‘¹
904 401 1129 452 savraurruu
1147 397 1404 449 cnmsrmuuv:
1423 431 1443 460 „

411 585 534 640 testate
558 578 601 642 sit
626 579 767 642 educere
793 578 924 654 liberos,
952 579 999 642 uti
1027 597 1087 661 par
1116 585 1176 652 est,
1202 595 1294 640 more
1324 573 1506 652 christiano,

412 680 627 764 maximeque
643 680 819 764 prohibere
835 680 956 746 scholis
969 681 1017 758 iis,
1032 700 1053 744 a
1068 680 1189 764 quibus
1205 677 1389 762 periculum
1406 687 1506 740 estne

411 784 537 848 malum
569 804 735 849 venenum
763 785 929 850 imbibant
960 783 1151 868 impietatis.
1166 781 1252 848 Cum
1283 782 1327 847 de
1358 780 1507 864 fingenda

410 888 514 971 probe
544 889 770 954 adolescentia
800 889 921 973 agitur,
936 888 1027 952 nulla
1058 908 1161 971 opera
1192 896 1304 970 potest
1329 906 1391 949 nec
1423 883 1508 947 labor

410 992 532 1075 suscipi
560 1003 684 1072 tantus,
695 995 774 1077 quin
806 995 908 1058 etiam
926 994 993 1057 sint
1008 991 1223 1076 suscipienda
1238 991 1376 1056 maiora.
1396 989 1435 1052 ln
1450 1007 1509 1071 quo

410 1115 491 1158 sane
519 1097 613 1180 digni
637 1099 788 1162 omnium
812 1097 1035 1161 admiratione
1061 1105 1140 1160 sunt
1164 1094 1321 1160 catholici
1348 1113 1395 1158 ex
1419 1091 1509 1157 variis

233 1179 384 1286 nm?
409 1201 567 1283 gentibus
596 1202 796 1284 complures,
825 1202 882 1283 qui
913 1221 990 1266 suas
1020 1199 1211 1265 erudiendis
1246 1199 1359 1282 pueris
1385 1195 1510 1260 scholas

232 1298 322 1402 {m
340 1314 385 1405 qr'ss
411 1323 536 1386 magno
561 1315 708 1388 sumptu,
729 1305 855 1369 maiore
878 1303 1068 1368 constantia
1091 1321 1257 1385 paravere
1274 1299 1452 1364 Aemulari
1466 1317 1511 1359 sa·

229 1367 384 1478 priora-lua
410 1404 516 1470 lutare
532 1408 738 1491 exemplum,
750 1408 952 1490 ubicumque
975 1404 1146 1490 postulare
1162 1405 1339 1470 videantur
1355 1413 1511 1485 tempora,

228 1481 355 1535 ‘’mm‘'
409 1509 528 1588 decet;
551 1511 610 1575 sed
646 1511 793 1594 positum
827 1511 871 1575 sit
898 1509 1071 1593 imprimis,
1096 1509 1237 1573 omnino
1276 1509 1310 1572 in
1338 1524 1511 1589 puerorum

407 1612 530 1676 animis
545 1614 726 1697 plurimum
742 1614 988 1678 institutionem
1013 1613 1236 1680 domesticam
1262 1631 1371 1695 posse
1390 1610 1430 1676 Si
1441 1609 1512 1672 ado·

409 1715 537 1780 lescens
552 1726 645 1782 aetas
671 1717 883 1801 disciplinam
907 1718 995 1781 vitae
1019 1717 1170 1797 probam,
1186 1715 1420 1798 virtutumque
1435 1712 1511 1778 chri·

409 1817 594 1883 stianarum
624 1829 797 1904 tamquam
828 1821 1030 1904 palaestram
1047 1820 1140 1884 domi
1163 1819 1332 1901 repererit,
1355 1833 1511 1899 magnum

410 1920 614 2002 praesidium
629 1921 786 1986 habitura
801 1923 892 1986 salus
915 1933 966 1984 est
982 1921 1169 1986 civitatum.

453 2023 617 2107 Attigisse
637 2025 703 2088 iam
723 2025 884 2102 videmur,
899 2043 983 2108 quas
1009 2024 1159 2088 maxime
1185 2043 1237 2088 res
1269 2023 1333 2086 hoc
1366 2033 1511 2104 ternpore

261 2137 382 2184 su‘mura-
407 2128 511 2210 sequi,
526 2147 609 2210 quas
625 2126 740 2210 sugere
761 2127 917 2191 catholici
934 2127 1087 2192 homines
1102 2126 1258 2192 debeant
1275 2163 1319 2173 -
1336 2125 1512 2208 Reliquum

231 2200 384 2304 ffssrrffl'
407 2243 468 2309 est,
483 2232 584 2314 idque
596 2239 780 2296 vestrarum
793 2242 844 2296 est
856 2229 1235 2314 partium,Venerabiles
1248 2229 1394 2305 Fratres,
1406 2243 1514 2292 curare

230 2320 290 2363 ‘um'
406 2347 443 2400 ut
456 2357 525 2399 vox
542 2335 667 2400 Nostra
682 2355 894 2419 quacumque
926 2335 1096 2417 pervadat,
1116 2353 1303 2416 omnesque
1327 2331 1514 2412 intelligant

406 2439 523 2522 quanti
551 2440 672 2506 relerat
687 2459 736 2516 ea,
752 2459 839 2523 quae
855 2437 906 2503 his
937 2439 1055 2503 litteris
1082 2437 1249 2521 persecuti
1265 2455 1395 2512 sumus,
1411 2433 1513 2516 reipsa

405 2543 544 2610 efficere.
558 2545 692 2608 Horum
708 2543 892 2608 officiorum
910 2564 975 2607 non
994 2553 1107 2626 potest
1117 2541 1261 2608 molesta
1271 2551 1305 2605 et
1317 2541 1440 2624 gravis
1449 2555 1514 2602 esse

405 2647 568 2724 custodia,
584 2648 663 2730 quia
678 2648 793 2729 iugum
810 2647 897 2712 IESU
914 2647 1072 2713 CHRISTI
1098 2665 1200 2709 suave
1215 2653 1277 2720 est,
1293 2653 1328 2708 et
1343 2661 1435 2707 onus
1450 2641 1513 2704 eius

405 2749 487 2814 leve.
503 2788 546 2798 -
573 2751 610 2816 Si
636 2751 716 2834 quid
742 2760 856 2814 tamen
885 2749 1053 2814 difficilius
1078 2748 1167 2814 sactu
1199 2749 1367 2825 videatur,
1392 2745 1512 2811 dabitis

404 2856 604 2918 auctoritate
619 2855 846 2937 exemploque
861 2874 1008 2936 operam,
1020 2864 1057 2918 ut
1072 2855 1180 2918 acrius
1196 2851 1341 2937 quisque
1358 2850 1510 2916 intendat

405 2958 633 3039 invictumque
658 2967 803 3039 praestet
826 2977 846 3020 a
873 2955 1126 3022 difficultatibus
1142 2959 1304 3022 animum.
1322 2954 1510 3028 Ostendite,

403 3064 494 3142 quod
510 3063 643 3142 saepius
670 3060 733 3142 ipsi
759 3063 959 3138 monuimus,
975 3063 1008 3124 in
1036 3061 1184 3144 periculo
1200 3081 1274 3125 esse
1297 3057 1514 3142 praestantis·

403 3165 498 3242 sima,
510 3183 549 3226 ac
559 3183 690 3227 summe
699 3166 892 3246 expetenda
906 3166 993 3228 bona
1005 3188 1013 3228 ε
1023 3185 1084 3245 pro
1096 3183 1240 3248 quorum
1257 3163 1511 3228 conservatione

403 3287 521 3330 omnes
537 3285 611 3330 esse
637 3265 796 3347 patibiles*
813 3266 943 3332 labores
965 3268 1156 3358 putandos;
1173 3267 1323 3350 ipsisque
1344 3266 1511 3330 laboribus

402 3380 534 3435 tantam
560 3371 860 3434 remunerationem
878 3371 957 3448 fore,
973 3383 1135 3454 quantam
1153 3373 1336 3438 christiane
1353 3381 1431 3435 acta
1448 3369 1511 3433 vita

404 3475 590 3539 maximam
618 3473 714 3556 parit.
746 3474 886 3556 Alioqui
911 3496 1123 3559 propugnare
1160 3497 1222 3557 pro
1246 3474 1388 3540 Christo
1419 3472 1513 3545 nolle,

403 3597 600 3660 oppugnare
611 3587 663 3640 est
678 3578 766 3659 ;ipse
781 3587 894 3642 autem
912 3588 1054 3644 testatur
1069 3579 1122 3662 (1),
1138 3589 1342 3662 negaturum
1356 3600 1392 3642 se
1403 3593 1511 3642 coram

403 3681 502 3742 Patre
517 3700 579 3743 suo
595 3681 627 3743 in
643 3680 752 3757 caelis,
764 3691 931 3764 quotquot
945 3684 1053 3764 ipsum
1064 3703 1177 3747 coram
1202 3683 1403 3747 hominibus
1416 3678 1511 3764 proti-

402 3784 464 3847 teri
493 3783 525 3846 in
554 3783 649 3846 terris
667 3783 859 3848 recusarint.
875 3821 918 3834 -
945 3786 1002 3850 Ad
1030 3805 1091 3850 nos
1117 3787 1207 3870 quod
1235 3788 1372 3864 attinet,
1388 3801 1510 3867 vosque

402 3885 585 3961 universos,
600 3905 784 3968 numquam
813 3886 972 3967 prosect0,
987 3890 1068 3953 dum
1085 3890 1155 3952 vita
1169 3899 1341 3971 suppetat,
1357 3888 1511 3952 commis·

402 3989 470 4050 suri
486 4007 611 4063 sumus,
626 3997 663 4050 ut
686 3990 877 4066 auctoritas,
903 3993 1088 4068 consilium,
1103 4011 1206 4073 opera
1227 3989 1357 4055 Nostra
1380 4005 1510 4074 quoquo

403 4091 507 4155 modo
530 4091 564 4152 in
592 4093 773 4155 certamine
797 4093 1011 4158 desideretur.
1030 4093 1149 4176 Neque
1180 4105 1231 4158 est
1258 4094 1414 4167 dublum,
1436 4109 1508 4154 cum

402 4193 506 4274 gregi,
521 4203 593 4254 tum
610 4195 799 4274 pastoribus
812 4195 1014 4276 singularem
1033 4197 1098 4260 Dei
1114 4215 1224 4279 opem,
1235 4197 1352 4277 quoad
1366 4193 1507 4260 debella·

405 4305 478 4357 tum
502 4295 573 4370 erit,
596 4293 795 4361 adfuturam.

439 4447 457 4478 1.
472 4433 541 4482 Luc„
557 4443 594 4484 tx,
605 4435 643 4479 26.
