3336 4870
418 404 598 456 aprsronn
628 393 647 420 ‘⁴
668 404 814 456 nuncin
841 405 887 456 sc
914 405 1043 458 testis
1063 442 1082 469 „
1227 405 1296 475 ²47

194 581 242 642 vis
258 579 414 655 hostium,
429 582 486 662 qui
503 581 535 642 in
552 579 616 643 hac
632 579 712 642 sede
737 577 862 642 Nostra
879 599 987 643 rerum
1004 581 1105 662 potiri
1121 580 1300 644 voluerunt

196 681 365 747 Ecclesiae
391 683 494 766 ipsius
520 683 723 746 meditantes
747 682 931 746 interitum.
956 681 1069 766 Quare
1096 703 1163 747 non
1191 684 1301 748 minus

195 784 454 867 significationes
470 787 594 851 amoris
610 795 644 852 et
656 785 745 864 fidei,
760 806 861 869 quam
874 788 1026 869 querelas
1050 797 1083 852 et
1107 789 1302 870 expostula·

194 890 301 953 tiones
313 900 439 954 vestras
451 891 631 956 habuimus
647 890 899 972 acceptissimas
915 911 923 969 ;
939 910 977 954 ac
994 890 1105 954 Deum
1130 891 1302 974 adprecati

195 1002 231 1056 ut
245 1012 290 1056 ex
306 995 356 1071 iis,
367 1013 489 1077 quaea
513 995 609 1058 vobis
636 1003 736 1057 cauta
752 1003 786 1058 et
811 995 996 1060 constituta
1021 993 1154 1073 luerint,
1178 994 1303 1060 fructus

195 1097 314 1160 educat
340 1097 458 1163 salutis
473 1097 658 1162 uberrimos
683 1099 726 1161 ad
755 1097 926 1180 religionis
951 1099 1196 1163 incrementum
1224 1099 1302 1164 soli·

194 1205 339 1288 demque
354 1207 611 1290 prosperitatem
628 1216 663 1271 et
678 1205 822 1290 gloriam
840 1205 976 1270 illustris
1001 1208 1147 1271 nationis
1161 1217 1302 1286 vestrae,

195 1309 427 1392 Apostolicam
453 1312 722 1378 benedictionem
747 1310 819 1386 tibi,
843 1310 967 1374 dilecte
993 1310 1056 1374 Fili
1083 1311 1215 1390 Noster,
1240 1333 1301 1376 nec
1348 1319 1478 1392 carnum

193 1433 258 1478 non
271 1415 530 1480 Venerabilibus
544 1415 716 1480 Fratribus
729 1413 870 1496 aliisque
880 1413 1012 1478 dilectis
1022 1412 1107 1490 filiis,
1122 1416 1180 1497 qui
1189 1425 1301 1481 tecum
1342 1383 1465 1488 imi}

194 1517 226 1582 in
252 1519 317 1584 hoe
348 1519 590 1584 catholicorum
621 1527 788 1582 conventu
814 1519 1004 1595 consedere,
1030 1537 1070 1580 ac
1094 1519 1211 1582 ceteris
1239 1519 1300 1582 Hi·

194 1623 319 1704 spanici
337 1622 429 1706 regni
450 1619 602 1686 fidelibus
619 1629 832 1703 peramanter
858 1620 891 1682 in
916 1619 1067 1684 Domino
1083 1621 1301 1702 impertimus.

235 1727 365 1792 Datum
383 1727 515 1790 Romae
525 1725 614 1808 apud
627 1725 661 1790 S.
672 1725 807 1789 Petrum
823 1725 878 1788 die
888 1739 908 1804 7
920 1724 1003 1788 Maii
1019 1725 1111 1804 1889,
1123 1723 1301 1790 Pontifica-

195 1839 247 1896 tus
260 1833 378 1898 Nostri
394 1854 484 1898 anno
500 1831 710 1897 duodecimo.

686 1985 781 2052 LEO
807 1986 868 2050 ΡΡ.
893 1983 995 2048 XIII.
