3230 4874
378 387 424 460 70
589 388 769 440 urrsroun
791 374 811 403 ‘¹
829 387 1022 440 enavrrun
1039 385 1234 438 anuouuu
1253 421 1273 449 „

373 563 436 633 tur,
451 575 520 640 qun
535 557 746 622 commodius
772 565 805 621 et
830 553 996 620 efficacius
1021 553 1130 620 clerus
1156 553 1219 618 iste
1243 560 1321 617 tuus
1344 569 1472 614 sacrum

373 659 595 724 ministerium
611 660 704 724 obire
731 670 832 744 queat
846 677 1051 744 operamque
1075 655 1225 723 conferre
1249 657 1293 722 ad
1320 653 1474 718 Meliten·

371 763 458 828 sium
481 783 589 848 aeque
613 785 652 830 ac
680 762 869 848 Anglorum
895 763 1048 841 salutern,
1071 781 1140 826 non
1168 759 1277 825 minus
1299 754 1475 822 sacerdotii

371 864 537 950 dignitate
560 868 671 951 gravis
695 885 797 952 quarn
821 865 1022 931 auctoritate
1036 862 1218 929 doctrinae.
1236 861 1276 926 ld
1291 881 1373 926 vcro
1387 859 1474 924 haud

370 965 474 1034 officit
496 971 677 1053 quominus
693 970 844 1054 impense
859 968 972 1033 studia
985 967 1185 1033 excolantur
1194 963 1294 1048 patrii
1306 964 1476 1030 idiomatis

370 1071 578 1158 aliarumque
592 1073 844 1156 disciplinarum
869 1091 957 1157 quae
979 1071 1101 1136 decent
1124 1077 1360 1152 exornantque
1376 1065 1476 1132 ecele-

369 1175 522 1240 siasticos
538 1177 637 1242 viros.

221 1321 290 1366 am·
304 1320 343 1366 n-
415 1275 535 1363 ltaque
557 1278 618 1344 tibi
644 1275 859 1342 vehementer
883 1275 1162 1342 commendamus
1185 1283 1221 1338 et
1246 1271 1318 1337 iore
1338 1269 1477 1338 confidi-

189 1379 338 1426 112'1212'011221
370 1399 455 1458 mus,
470 1392 506 1448 ut
522 1383 652 1449 iuvenis
667 1383 776 1446 clerus
791 1383 825 1446 in
841 1401 910 1466 quo
934 1381 1023 1446 laeta
1049 1400 1125 1464 spes
1151 1377 1325 1445 Ecclesiae
1347 1397 1476 1442 succre-

189 1438 224 1544 isi
242 1443 343 1544 ”²352ss
369 1483 442 1561 scit,
462 1493 534 1552 tum
560 1488 687 1571 pietate
713 1485 841 1564 floreat,
865 1496 938 1552 turn
961 1484 1126 1550 instructu
1150 1481 1355 1548 severiorum
1373 1481 1475 1546 scien·

189 1557 303 1663 ms:-
369 1591 491 1654 riarum
507 1601 542 1655 et
558 1591 723 1655 bonarum
740 1589 862 1655 artium
877 1607 947 1672 quo
967 1588 1103 1652 illustris
1127 1585 1165 1652 fit
1190 1596 1224 1652 et
1252 1585 1368 1650 utilior
1395 1585 1476 1649 sacri

190 1675 242 1721 ω·
370 1691 544 1758 ministerii
560 1691 758 1777 perfunctio.
778 1693 935 1758 Iunctum
952 1699 1065 1755 autem
1088 1688 1261 1755 doctrinae
1277 1687 1396 1770 vigeat
1410 1697 1477 1750 stu·

368 1795 462 1860 dium
479 1796 722 1862 ecclesiasticae
737 1795 945 1880 disciplinae,
954 1803 992 1858 ut
1006 1815 1052 1858 ex
1077 1793 1143 1857 isto
1157 1791 1289 1856 florenti
1305 1789 1475 1872 plantario

369 1901 494 1983 egregii
511 1901 678 1983 prodeant
704 1900 891 1965 administri
914 1899 1063 1964 caritatis
1090 1907 1125 1962 et
1150 1897 1252 1980 pacis,
1283 1894 1342 1980 qui
1358 1897 1477 1960 ceteris

369 2003 528 2086 exemplo
544 2003 611 2066 sint
627 2011 662 2067 et
676 2021 777 2085 quam
803 2004 846 2068 de
861 2021 897 2066 se
912 1995 1068 2066 exciuere
1094 2001 1127 2064 in
1153 1999 1261 2066 Nobis
1286 1997 1475 2064 sustineant

222 2135 290 2184 erm·
310 2135 344 2182 „2
369 2106 652 2189 expectationem.
666 2141 710 2156 -
726 2103 815 2170 Cleri
836 2104 962 2170 similes
979 2103 1093 2168 fideles
1118 2124 1137 2169 e
1160 2100 1288 2187 populo
1314 2102 1395 2180 sint,
1421 2099 1475 2184 qui

192 2194 267 2248 ''⁶¹³'’
301 2203 342 2256 7⁰·
368 2208 503 2273 solidati
516 2209 551 2273 in
568 2207 634 2272 lide
646 2209 861 2274 concordiam
878 2209 1033 2292 diligant,
1049 2207 1193 2272 subsint
1220 2205 1309 2271 ultro
1334 2204 1477 2271 auctori·

185 2255 263 2314 putus
289 2269 343 2302 ron·

189 2313 344 2431 532⁶*ss-
369 2312 431 2377 tati
448 2312 627 2396 legitimae,
642 2315 697 2397 pie
713 2325 855 2378 matrem
873 2314 1059 2379 Ecclesiam
1076 2311 1198 2388 colant,
1209 2320 1353 2375 caveant
1364 2319 1477 2374 autem

190 2401 343 2501 rem'ucqu
368 2417 532 2499 imprimis
548 2439 588 2482 ne
608 2417 758 2482 excidant
772 2440 794 2482 a
805 2418 942 2502 propria
948 2416 1116 2501 firmitate
1139 2437 1248 2481 errore
1272 2413 1424 2480 traducti
1446 2422 1478 2478 et

189 2504 262 2609 me
280 2493 342 2599 ‘⁰²52
369 2521 485 2587 fraude
500 2543 678 2608 pravorum
706 2522 892 2602 hominum,
916 2525 973 2607 qui
999 2524 1193 2608 religionem
1218 2521 1419 2586 simulantes
1441 2531 1475 2586 ct

182 2609 279 2668 sm*
368 2629 541 2691 caritatem
558 2629 686 2711 patriae
702 2629 901 2694 adiutricem
916 2630 1081 2711 praebent
1096 2648 1233 2712 operam
1244 2627 1344 2691 sectis
1358 2625 1475 2690 Eccle-

369 2729 438 2794 siae
454 2729 601 2808 iniensis,
616 2751 723 2815 eoque
739 2733 920 2800 intendunt
935 2752 995 2816 per
1011 2732 1190 2798 maledicta
1202 2741 1237 2797 et
1251 2731 1375 2815 probra
1385 2730 1475 2814 typis

369 2833 506 2916 vulgata
522 2845 559 2898 ut
585 2835 664 2898 viris
691 2855 730 2900 ac
757 2835 856 2901 rebus
881 2833 1054 2900 infamiam
1081 2836 1225 2901 inierant
1248 2834 1343 2918 queis
1366 2834 1475 2898 omnis

368 2935 509 3000 debetur
524 2938 642 3016 honos,
657 2947 758 3022 atque
782 2940 945 3004 unitatem
974 2939 1190 3022 proscindant
1214 2958 1301 3022 quae
1327 2936 1476 3021 discipli-

369 3058 434 3102 nae
446 3050 481 3103 ct
496 3039 709 3105 obedientiae
724 3042 870 3107 nexibus
884 3042 1083 3108 continetur.

412 3141 579 3224 Equidem
607 3143 696 3207 haud
720 3145 933 3227 ambigimus,
957 3146 1037 3229 quin
1061 3166 1123 3229 pro
1149 3144 1309 3230 pastorali
1337 3145 1410 3209 zelo
1441 3151 1475 3207 et

367 3245 545 3326 prudentia
561 3255 620 3310 tua
638 3266 752 3312 curam
774 3267 979 3332 operamque
1006 3269 1141 3315 omnem
1166 3250 1213 3312 sis
1238 3247 1422 3312 collaturus
1439 3255 1474 3310 ut
1594 3295 1595 3298 η

366 3347 589 3412 discutiantur
613 3349 719 3412 nubes
746 3370 832 3433 quae
864 3349 992 3418 offusae
1027 3361 1106 3418 sunt
1131 3352 1273 3430 veritati,
1296 3362 1400 3436 atque
1426 3350 1473 3414 ita

366 3451 525 3533 gratulari
542 3453 710 3535 possimus
727 3453 881 3534 invicem,
895 3457 986 3539 quod
1003 3456 1172 3522 cumulate
1186 3455 1359 3540 assequuti
1375 3454 1472 3520 lueri·

367 3574 441 3618 mus
457 3557 548 3638 quod
564 3565 637 3620 erat
660 3557 693 3620 in
712 3558 884 3642 utriusque
900 3561 994 3626 uotis.

411 3659 536 3742 Pignus
552 3661 680 3724 interea
708 3659 854 3728 Nostrae
873 3665 1064 3732 dilectionis
1086 3664 1210 3730 habeto
1237 3663 1468 3748 Apostolicam

366 3764 645 3841 benedictionem,
660 3784 761 3847 quarn
778 3767 852 3847 tibi,
866 3769 1076 3836 Venerabilis
1092 3769 1217 3847 Frater,
1243 3767 1333 3834 clero
1348 3779 1381 3833 et
1391 3765 1469 3832 fide·

365 3867 451 3930 libus
479 3874 556 3930 tuae
581 3868 746 3932 curationi
771 3871 958 3936 commissis
982 3882 1194 3956 peramanter
1209 3871 1424 3956 impertimus

410 3969 536 4052 Datum
566 3969 697 4035 Romae
721 3973 811 4054 apud
830 3973 862 4040 S.
880 3975 1015 4042 Petrum
1032 3977 1088 4042 die
1103 3991 1144 4060 27
1162 3977 1239 4050 Iulii
1270 3979 1360 4057 1890,
1381 3975 1466 4040 Pon·

365 4071 509 4138 tificatus
526 4075 642 4139 Nostri
659 4095 749 4142 anno
765 4073 896 4142 decimo
912 4077 1021 4143 tertio.

1084 4273 1180 4340 LEO
1198 4275 1262 4341 ΡΡ.
1278 4275 1377 4341 ΧῙΙῙ.
