3230 4874
292 389 344 439 DE
362 387 484 440 REBUS
503 385 687 438 HIBERNIS
706 384 754 435 ΕΤ
773 381 1064 436 MELITENSIBUS.
1186 378 1230 454 75

126 583 278 630 caussam
296 563 494 629 adiuvimus
511 562 590 628 Non
605 562 742 628 defuere
756 572 869 626 tamen
889 561 946 644 qui
968 561 1094 632 Nostra
1109 561 1143 626 in
1170 561 1233 627 hac
1285 568 1377 658 mi,-

126 689 160 732 re
176 667 316 732 consilia
328 687 482 750 perverse
497 667 803 750 interpretarentur,
814 684 920 748 usque
949 665 1035 730 adeo
1067 675 1112 744 ut,
1140 664 1232 749 quod
1301 667 1367 726 189⁰·

124 779 177 834 est
194 769 322 834 Nostra
337 778 460 855 sponte
470 771 503 834 in
515 789 610 854 spem
627 768 880 854 tranquillitatis
910 767 1094 854 salutisque
1124 767 1232 851 publi·

124 893 187 937 cac
202 882 407 957 susceptum,
420 873 453 938 id
469 893 571 938 suasu
602 873 814 958 impulsuque
840 871 945 938 civilis
962 873 1139 954 potestatis
1154 893 1231 936 cum

126 975 357 1042 Hibemorum
370 976 516 1060 pernicie
526 975 650 1041 lactum
667 977 825 1040 dixerint.
840 1011 884 1024 ·-
899 974 1019 1057 Neque
1050 976 1157 1058 magis
1186 997 1232 1040 ex
1257 954 1411 1074 51⁸5,ssssss

124 1080 267 1146 veritate
279 1080 498 1146 aestimavere
510 1081 600 1164 quod
618 1102 638 1145 a
654 1079 761 1145 Nobis
785 1087 836 1144 est
866 1078 910 1144 de
932 1079 1031 1143 rebus
1048 1079 1232 1144 Melitensi·
1256 1072 1410 1178 fidu&

124 1183 190 1248 bus
201 1183 402 1267 quibusdam
421 1205 527 1267 nuper
541 1194 756 1249 transactum.
788 1182 923 1249 Scilicet
947 1185 1093 1247 statuere
1123 1183 1230 1247 visum
1256 1191 1409 1297 bursivas&

124 1296 180 1353 est
194 1289 239 1352 de
254 1289 383 1372 aliquot
397 1289 594 1372 disciplinae
617 1288 860 1354 ecclesiasticae
884 1287 1060 1370 capitibus,
1083 1286 1232 1372 itemque
1256 1309 1355 1370 Regina

126 1393 170 1458 de
186 1392 286 1458 laude
296 1393 469 1458 doctrinae
485 1393 518 1459 in
531 1394 621 1459 clero
636 1401 825 1477 opportune
851 1391 1076 1476 provehenda.
1099 1390 1231 1474 Quibus
1256 1369 1391 1475 imi?

124 1497 293 1574 derebus,
309 1505 346 1561 ut
362 1507 412 1562 est
428 1517 502 1563 mos
517 1509 674 1581 pervetus
695 1497 912 1579 maximeque
935 1494 1115 1578 legitimus,
1141 1515 1230 1561 sum·
1257 1487 1299 1534 nr.

124 1621 200 1667 mos
218 1600 387 1685 Principes
412 1620 487 1665 cum
513 1600 602 1668 Sede
627 1599 825 1684 Apostolica
848 1619 907 1682 per
921 1599 1107 1683 legationes
1123 1619 1232 1684 agere,

124 1703 349 1770 Serenissima
365 1704 559 1770 Britanniae
586 1704 719 1789 Regina
747 1703 948 1769 mittendum
964 1703 1008 1768 ad
1026 1704 1099 1770 Nos
1123 1703 1231 1788 Lega-

124 1819 198 1874 tum
222 1827 300 1874 cum
327 1808 439 1874 liberis
469 1809 638 1875 mandatis
668 1807 806 1874 censuit.
839 1807 911 1873 Nos
926 1807 1078 1892 proiecto
1094 1808 1231 1876 iubebat

123 1909 273 1977 officium
304 1933 371 1978 non
396 1913 512 1978 deesse
538 1912 728 1979 occasioni:
766 1913 923 1996 idemque
960 1912 1124 1977 suadebat
1161 1913 1232 1978 eius

125 2015 249 2080 caritas
265 2016 420 2097 civitatis,
435 2037 521 2101 quae
537 2018 580 2082 ab
606 2017 681 2101 ipso
708 2017 813 2081 Paulo
842 2014 1012 2100 Apostolo
1041 2015 1232 2080 christianis

123 2115 255 2182 imbuta
272 2120 480 2200 rudimentis,
496 2121 529 2186 in
546 2121 678 2204 magnis
693 2119 795 2185 etiam
820 2117 975 2202 periculis
999 2116 1100 2182 iidem
1117 2119 1231 2185 catho-

121 2220 224 2285 licam
258 2223 468 2287 memorabili
498 2224 688 2289 constantia
717 2222 881 2286 illibatam
905 2221 1049 2286 retinuit.
1088 2253 1132 2266 -
1177 2220 1232 2308 De

120 2325 374 2392 conditionibus
390 2327 491 2412 igitur
506 2329 682 2394 convenit:
709 2326 879 2411 inquibus
895 2324 958 2388 hoc
975 2323 1150 2403 voluimus,
1165 2323 1229 2388 hoc

121 2429 222 2494 unice
234 2430 373 2513 egimus,
385 2441 422 2497 ut
434 2442 521 2498 esset
537 2433 725 2497 animorum
742 2429 842 2495 saluti
860 2429 1004 2505 meliore,
1025 2447 1091 2510 qua
1106 2437 1229 2510 posset,

122 2533 253 2598 ratione
268 2534 469 2600 consultum.
486 2535 540 2600 De
555 2536 644 2601 clero
659 2546 772 2601 autem
789 2532 995 2618 providimus
1011 2540 1058 2610 ut,
1067 2531 1227 2596 incolumi

121 2657 276 2702 sermone
292 2640 411 2722 patrio,
426 2640 566 2705 scientia
581 2639 785 2724 optimarum
801 2637 923 2702 artium
940 2636 1074 2701 uberius
1097 2636 1228 2701 erudia-

121 2751 186 2815 tur,
208 2762 277 2825 quo
306 2744 414 2826 possit
444 2743 478 2808 in
511 2743 703 2813 muneribus
734 2741 952 2808 sanctissimis
983 2741 1109 2805 maiore
1147 2761 1225 2808 cum
1349 2795 1351 2800 .

119 2845 288 2928 dignitate
300 2846 478 2932 fructuque
490 2849 622 2918 versari.
634 2883 678 2896 -
698 2847 912 2934 Atque‘haec
930 2846 1013 2930 ipsa,
1042 2846 1164 2912 dilecte
1180 2845 1226 2910 fili
1264 2855 1405 2974 Quumqu-

119 2948 255 3028 Nostcr,
269 2951 340 3016 iure
355 2961 457 3037 atque
477 2953 602 3018 utiliter
626 2962 703 3019 acta
731 2973 834 3036 quam
865 2950 1029 3016 invidiose
1058 2952 1225 3017 criminati
1252 2928 1339 3018 m
1360 2917 1406 3020 ἕξ

119 3052 197 3130 sint,
213 3073 313 3136 quarn
331 3055 471 3121 adverso
483 3077 615 3122 rumore
625 3057 841 3140 corruperint,
856 3075 922 3120 non
941 3055 1083 3138 ignoras.
1100 3055 1138 3118 in
1157 3075 1226 3139 quo
1252 3045 1326 3153 Ζῇξθ
1342 3033 1405 3138 Pili]

117 3155 221 3240 plane
236 3157 401 3240 insignem
418 3157 639 3244 Apostolicae
662 3159 743 3226 Sedi
755 3159 910 3223 iniuriam
923 3157 1112 3243 imponunt,
1124 3180 1225 3245 prop·
1251 3152 1405 3258 wlffino·

117 3271 211 3326 tcrea
226 3261 317 3344 quod
334 3263 486 3329 omnium
517 3275 709 3350 temporum
733 3271 953 3330 monumenta
984 3273 1160 3345 testantur,
1190 3268 1223 3331 in
1251 3244 1313 3315 κε’
1342 3271 1401 3340 ³5⁸1·

118 3363 264 3448 negotiis
279 3363 480 3433 christianae
494 3367 697 3452 reipublicae
713 3387 870 3433 romanos
889 3366 1027 3450 quidem
1045 3367 1223 3434 Pontifices
1246 3329 1404 3459 {fumaria

117 3465 237 3530 altiora
252 3469 473 3550 consuevisse,
489 3491 589 3554 quam
605 3472 689 3538 haec
704 3471 853 3538 humana
879 3472 955 3550 siut,
971 3472 1101 3550 intueri,
1128 3474 1224 3538 nihil·
1249 3447 1404 3566 ᾗζμῖιῇ

115 3587 184 3651 que
221 3569 284 3635 nisi
315 3571 505 3638 salutariter
538 3575 695 3658 cogitare.
711 3575 909 3660 ¹Explorate
934 3595 1043 3640 rerum
1074 3577 1224 3657 veritate,
1249 3566 1402 3684 ffl'sup,

114 3671 282 3755 quievisse
299 3674 529 3742 Melitensium
553 3679 685 3745 animos
716 3699 783 3744 non
810 3681 882 3745 sine
903 3699 1022 3744 caussa
1048 3681 1223 3746 existima·
1250 3688 1288 3754 re!
1310 3685 1402 3731 ‘alm

115 3793 199 3842 mus.
228 3776 296 3844 Sed
321 3780 448 3862 passim
478 3780 673 3865 praevalent
703 3785 845 3849 nimium
876 3784 933 3849 diu
967 3784 1144 3866 opiniones
1179 3787 1223 3850 de
1250 3754 1312 3790 Μ’

113 3898 257 3944 romano
268 3879 468 3949 Pontificatu
484 3886 733 3968 praeiudicatae
748 3897 782 3953 et
798 3885 913 3953 falsae:
929 3886 1073 3970 ideoque
1089 3895 1223 3971 oportet

113 3984 223 4067 magis
238 4003 278 4048 ac
294 3987 412 4070 magis,
427 4008 495 4071 quo
511 3988 614 4054 modo
631 3991 839 4076 consilioque
854 4011 905 4056 res
920 3999 1037 4074 gestae
1059 3991 1093 4055 in
1113 3991 1221 4056 lucem

111 4084 341 4170 proferre,nec
351 4091 507 4157 sinerent
522 4092 655 4158 veritati
668 4094 834 4174 tenebrae,
851 4093 985 4159 nemine
1000 4103 1221 4178 repugnante,

110 4188 395 4260 offundantur.—
410 4193 522 4278 Quam
546 4197 589 4261 ad
617 4217 687 4264 rem
715 4216 783 4263 non
808 4197 999 4276 minimum,
1027 4196 1148 4263 dilecte
1174 4197 1222 4264 lili

110 4291 246 4372 Noster,
261 4313 383 4377 operae
398 4317 533 4381 quoque
541 4308 622 4365 tuae
631 4299 841 4381 confidimus,
863 4303 1015 4368 maxime
1030 4322 1109 4369 cum
1125 4302 1217 4368 haud

112 4395 217 4462 lateat
236 4395 309 4462 Nos
325 4409 488 4483 quantum
504 4410 539 4467 et
553 4402 732 4487 prudentia
746 4405 867 4486 valeas,
882 4415 918 4471 et
946 4406 1121 4474 hominurn
1148 4407 1220 4493 opi·
