3194 4872
288 1091 573 1157 ALVATORIS
589 1112 628 1154 ac
646 1093 782 1156 Domini
799 1093 914 1156 Nostri
935 1093 1020 1157 lesu
1041 1092 1209 1170 Cnnrsrr,
1237 1103 1385 1187 „agyam

116 1091 362 1464 ῐΙ-Ξὲᾳυί
388 1215 449 1278 pro
476 1196 613 1260 humani
630 1197 761 1278 generis
786 1197 1017 1278 redemptione
1040 1215 1076 1259 se
1099 1197 1208 1278 ipsum
1275 1191 1338 1252 ¹⁸87·

305 1299 492 1362 exinanivit
522 1297 629 1362 lactus
657 1298 817 1362 obediens
848 1319 952 1381 usque
983 1299 1024 1362 ad
1058 1308 1209 1376 mortem,

307 1411 447 1466 mortem
474 1413 586 1465 autern
614 1401 729 1480 crucis,
756 1402 845 1464 vices
860 1404 892 1465 in
921 1403 1025 1478 terris,
1041 1403 1208 1466 immeriti

116 1502 185 1568 licet
197 1515 358 1588 gerentes,
374 1505 461 1568 inter
476 1503 676 1586 multiplices
691 1504 970 1587 gravissimasque
997 1514 1067 1569 tarn
1084 1505 1209 1569 excelsi

116 1609 326 1691 Apostolatus
350 1630 457 1688 curas,
483 1609 603 1693 quibus
628 1609 749 1672 indies
774 1609 970 1686 detinemur,
986 1609 1019 1672 in
1036 1609 1070 1673 id
1094 1618 1206 1673 tamen

114 1716 257 1793 peculiari
274 1735 315 1779 ac
330 1715 509 1798 praecipua
525 1713 702 1796 pastoralis
717 1713 951 1777 sollicitudinis
969 1713 1143 1796 vigilantia
1159 1714 1207 1776 in-

114 1819 289 1884 cumbimus
306 1830 343 1884 ut
367 1820 453 1884 tanti
470 1839 510 1883 ac
525 1829 595 1882 tam
612 1819 765 1882 salutaris
793 1817 951 1900 mysterii,
967 1837 1053 1900 quae
1069 1818 1102 1880 in
1126 1819 1207 1881 urbe
1271 1804 1386 1864 Pressa

1234 1877 1303 1908 suam
1328 1879 1385 1924 erga

114 1919 315 1989 Hierusalem
342 1935 376 1988 et
401 1923 530 1987 viciniis
561 1923 648 1986 illius
679 1931 898 1986 monumenta
922 1933 1111 2004 supersunt,
1141 1941 1208 2005 qua
1233 1929 1385 2027 mmet}

112 2029 225 2106 maiori,
242 2029 468 2110 sanctiorique
485 2024 552 2091 lieri
570 2027 691 2110 poterit
708 2026 860 2090 custodia
876 2037 1094 2102 asserventur,
1104 2034 1207 2108 utque
1255 2042 1362 2110 ruralem

110 2130 240 2198 salubria
257 2134 388 2197 monita
411 2153 450 2196 ac
475 2131 636 2195 mandata
659 2149 872 2193 romanorum
890 2129 1090 2194 Pontificum
1110 2129 1205 2192 Prae·
1245 2105 1369 2217 JJJJZ'I'JJ,

65 2287 69 2296 .
111 2235 311 2301 decessorum
323 2237 523 2300 Nostrorum
535 2254 623 2310 suos,
632 2234 694 2297 hac
704 2255 803 2317 super
813 2255 855 2312 re,
868 2233 1005 2298 effectus
1017 2234 1205 2298 sortiantur.

112 2339 169 2421 lpsi
184 2343 270 2405 enim
290 2338 469 2404 Pontifices
495 2318 658 2402 iamdiu'a
673 2338 907 2401 vetustissimis
935 2336 1142 2418 temporibus
1166 2355 1204 2400 ea

1232 2231 1315 2262 curam
1353 2223 1385 2264 te·

1232 2282 1318 2324 statur.
1329 2315 1333 2323 .

110 2445 145 2505 ad
161 2444 237 2520 loca,
253 2445 403 2527 pretioso
422 2443 573 2507 Humani
588 2442 693 2504 Verbi
709 2441 872 2524 sanguine
888 2437 1079 2522 purpurata,
1089 2439 1204 2503 oculos

109 2559 339 2626 convertentes,
347 2548 502 2612 catholici
519 2545 663 2610 nominis
673 2555 791 2627 gentes
804 2546 845 2607 ad
858 2542 981 2608 Christi
992 2543 1203 2624 sepulchrum
1260 2567 1354 2614 semro

109 2653 360 2734 recuperandum
376 2652 566 2715 excitarunt
583 2671 590 2726 ;
610 2659 644 2712 et
659 2659 839 2731 postquam
856 2647 937 2710 illud
953 2647 1065 2710 denuo
1082 2647 1113 2708 in
1132 2645 1202 2710 infi-
1229 2629 1381 2734 sssssffi

107 2755 219 2820 delium
246 2757 411 2822 ditionem
439 2755 558 2819 cecidit
588 2764 621 2819 et
649 2753 821 2817 Fratribus
849 2752 1035 2816 Minoribus
1067 2751 1204 2823 Ordinis
1224 2747 1382 2863 ssgbessir‘lm

107 2858 135 2922 S.
151 2859 316 2925 Francisci
331 2858 531 2923 Assisiensis
543 2858 780 2922 tantummodo
790 2857 881 2919 licuit
891 2875 931 2919 ea
942 2856 1013 2920 loca
1027 2875 1204 2929 asservare,
1344 2841 1349 2859 '

106 2983 267 3045 nunquam
284 2963 451 3038 destitere,
465 2962 544 3045 quin
561 2980 773 3044 quacumque
789 2981 853 3043 ope
869 2970 1015 3042 possent,
1030 2959 1203 3023 custodiae
1242 2966 1365 3025 imprimis

104 3066 212 3131 saltem
237 3066 387 3148 ipsorum
409 3064 629 3140 consulerent,
657 3074 690 3127 et
708 3063 862 3127 Fratrum
891 3064 1094 3138 eorumdem,
1118 3079 1201 3143 quos
1237 3025 1366 3128 snm

104 3189 200 3253 neque
227 3171 535 3254 persequutionum,
562 3188 671 3251 neque
703 3167 931 3242 vexationum,
963 3185 1070 3249 neque
1102 3183 1200 3226 saeva
1230 3141 1375 3247 s}„f,'d,·,s„';

103 3275 301 3339 cruciatuum
316 3272 508 3337 discrimina
524 3282 621 3337 tanto
637 3291 784 3354 unquam
802 3270 845 3334 ab
861 3271 1018 3352 incoepto
1033 3270 1199 3332 deterrue·
1225 3260 1371 3366 cimbi-

103 3388 178 3454 runt,
200 3377 432 3460 praesentibus
457 3375 711 3440 necessitatibus
727 3395 787 3456 pro
804 3395 838 3437 re
854 3394 892 3436 ac
915 3383 1064 3455 tempore
1091 3371 1200 3454 provi·
1227 3384 1284 3424 t‹vn-

101 3481 216 3548 derent.
242 3484 359 3568 Quare
384 3491 417 3546 et
441 3483 536 3546 vivae
563 3484 653 3545 vocis
670 3480 804 3545 oraculo
820 3490 852 3543 et
877 3479 1082 3561 Apostolicis
1098 3479 1199 3543 etiam

102 3585 227 3652 Litteris
255 3587 466 3663 Patriarcbis,
492 3586 714 3651 Antistitibus
745 3595 778 3648 et
810 3583 884 3648 aliis
911 3585 1014 3648 totius
1039 3594 1199 3648 terrarum

101 3691 179 3754 orbis
204 3692 355 3755 locorum
383 3689 570 3755 Ordinariis
598 3691 761 3753 instanter
787 3698 889 3770 atque
917 3687 1043 3750 iteratis
1074 3686 1200 3750 vicibus

101 3795 303 3872 mandarunt,
318 3804 355 3859 ut
371 3794 574 3877 respectivae
590 3813 705 3858 eorum
721 3811 819 3856 curae
846 3791 1042 3856 commissos
1067 3789 1196 3854 christi·

101 3895 205 3963 fideles
221 3901 263 3964 ad
282 3899 512 3981 eleemosynas
529 3919 591 3981 pro
607 3897 687 3961 locis
716 3897 841 3960 sanctis
857 3895 991 3959 tuendis
1012 3892 1199 3958 afferendas

100 4002 364 4086 colligendasque
375 4001 585 4085 impellerent
598 4011 631 4064 et
641 4008 748 4064 certas
759 3999 863 4062 etiam
876 3998 1015 4080 regulas,
1027 3997 1089 4060 hac
1101 4015 1201 4078 super

101 4125 139 4180 re,
154 4118 299 4170 statuere
315 4107 464 4189 pluribus
480 4104 688 4188 Apostolicis
700 4102 846 4178 Litteris,
861 4102 961 4165 modo
974 4100 1036 4163 sub
1052 4098 1200 4181 plumbo,

102 4213 193 4275 modo
219 4214 284 4278 sub
309 4212 410 4278 anulo
438 4213 624 4288 Piscatoris,
655 4231 713 4294 per
746 4231 830 4294 quas
858 4208 1006 4272 unanimi
1038 4226 1199 4272 consensu

103 4329 314 4395 asseruerunt,
330 4317 492 4382 universis
508 4317 539 4379 in
558 4325 718 4380 terrarum
731 4315 821 4379 orbis
833 4311 1050 4388 dioecesibus,
1062 4308 1200 4394 singulis

104 4419 198 4495 annis,
213 4421 378 4504 quosdam
395 4439 454 4502 per
469 4439 740 4502 unumquemque
758 4417 973 4483 Ordinarium
994 4416 1056 4479 sub
1066 4425 1200 4479 sanctae
