<?xml version="1.0" encoding="UTF-8"?>
<!DOCTYPE html PUBLIC "-//W3C//DTD XHTML 1.0 Transitional//EN"
    "http://www.w3.org/TR/xhtml1/DTD/xhtml1-transitional.dtd">
<html xmlns="http://www.w3.org/1999/xhtml" xml:lang="en" lang="en">
 <head>
  <title>
</title>
<meta http-equiv="Content-Type" content="text/html;charset=utf-8" />
  <meta name='ocr-system' content='tesseract 3.04.00' />
  <meta name='ocr-capabilities' content='ocr_page ocr_carea ocr_par ocr_line ocrx_word'/>
</head>
<body>
  <div class='ocr_page' id='page_1' title='image "./sanctissimidomi03xiiigoog_0127.png"; bbox 0 0 3310 4868; ppageno 0'>
   <div class='ocr_carea' id='block_1_1' title="bbox 415 389 1208 469">
    <p class='ocr_par' dir='ltr' id='par_1_1' title="bbox 415 389 1208 469">
     <span class='ocr_line' id='line_1_1' title="bbox 415 389 1208 469; baseline 0 -19"><span class='ocrx_word' id='word_1_1' title='bbox 415 401 483 469; x_wconf 92' lang='lat'>114</span> <span class='ocrx_word' id='word_1_2' title='bbox 713 399 925 451; x_wconf 72' lang='lat' dir='ltr'>exerceres</span> <span class='ocrx_word' id='word_1_3' title='bbox 945 389 966 416; x_wconf 78' lang='lat'>‘¹</span> <span class='ocrx_word' id='word_1_4' title='bbox 985 399 1168 450; x_wconf 73' lang='lat' dir='ltr'>maestas</span> <span class='ocrx_word' id='word_1_5' title='bbox 1188 433 1208 459; x_wconf 89' lang='grc'>,,</span> 
     </span>
    </p>
   </div>
   <div class='ocr_carea' id='block_1_2' title="bbox 907 521 985 528">
    <p class='ocr_par' dir='ltr' id='par_1_2' title="bbox 907 521 985 528">
     <span class='ocr_line' id='line_1_2' title="bbox 907 521 985 528; baseline -0.013 0"><span class='ocrx_word' id='word_1_6' title='bbox 907 521 985 528; x_wconf 64' lang='grc' dir='ltr'>-ι---</span> 
     </span>
    </p>
   </div>
   <div class='ocr_carea' id='block_1_3' title="bbox 407 583 1506 1711">
    <p class='ocr_par' dir='ltr' id='par_1_3' title="bbox 407 583 1506 1711">
     <span class='ocr_line' id='line_1_3' title="bbox 408 583 1501 673; baseline -0.008 -18"><span class='ocrx_word' id='word_1_7' title='bbox 408 591 459 655; x_wconf 89' lang='lat' dir='ltr'>vel</span> <span class='ocrx_word' id='word_1_8' title='bbox 473 591 515 654; x_wconf 87' lang='lat' dir='ltr'>de</span> <span class='ocrx_word' id='word_1_9' title='bbox 531 591 651 673; x_wconf 89' lang='lat' dir='ltr'>quibus</span> <span class='ocrx_word' id='word_1_10' title='bbox 670 589 828 666; x_wconf 86' lang='lat' dir='ltr'>Ecclesia,</span> <span class='ocrx_word' id='word_1_11' title='bbox 852 587 943 652; x_wconf 88' lang='lat' dir='ltr'>nulla</span> <span class='ocrx_word' id='word_1_12' title='bbox 960 588 1114 652; x_wconf 87' lang='lat' dir='ltr'>adhibita</span> <span class='ocrx_word' id='word_1_13' title='bbox 1130 608 1191 651; x_wconf 91' lang='lat' dir='ltr'>sua</span> <span class='ocrx_word' id='word_1_14' title='bbox 1207 587 1414 662; x_wconf 87' lang='lat' dir='ltr'>auctoritate,</span> <span class='ocrx_word' id='word_1_15' title='bbox 1428 583 1501 648; x_wconf 90' lang='lat' dir='ltr'>iudi·</span> 
     </span>
     <span class='ocr_line' id='line_1_4' title="bbox 407 688 1502 776; baseline -0.007 -18"><span class='ocrx_word' id='word_1_16' title='bbox 407 694 495 758; x_wconf 91' lang='lat' dir='ltr'>cium</span> <span class='ocrx_word' id='word_1_17' title='bbox 512 695 717 757; x_wconf 87' lang='lat' dir='ltr'>eruditorum</span> <span class='ocrx_word' id='word_1_18' title='bbox 735 692 891 776; x_wconf 84' lang='lat' dir='ltr'>relinquit</span> <span class='ocrx_word' id='word_1_19' title='bbox 917 693 1086 775; x_wconf 89' lang='lat' dir='ltr'>integrum</span> <span class='ocrx_word' id='word_1_20' title='bbox 1109 712 1149 756; x_wconf 92' lang='lat' dir='ltr'>ac</span> <span class='ocrx_word' id='word_1_21' title='bbox 1165 689 1316 756; x_wconf 90' lang='lat' dir='ltr'>liberum.</span> <span class='ocrx_word' id='word_1_22' title='bbox 1330 727 1374 738; x_wconf 89' lang='lat'>--</span> <span class='ocrx_word' id='word_1_23' title='bbox 1390 688 1451 752; x_wconf 91' lang='lat' dir='ltr'>His</span> <span class='ocrx_word' id='word_1_24' title='bbox 1465 707 1502 752; x_wconf 89' lang='lat' dir='ltr'>ex</span> 
     </span>
     <span class='ocr_line' id='line_1_5' title="bbox 407 792 1501 880; baseline -0.005 -21"><span class='ocrx_word' id='word_1_25' title='bbox 407 795 506 859; x_wconf 91' lang='lat' dir='ltr'>rebus</span> <span class='ocrx_word' id='word_1_26' title='bbox 522 796 718 880; x_wconf 83' lang='lat' dir='ltr'>intelligitur</span> <span class='ocrx_word' id='word_1_27' title='bbox 732 817 819 879; x_wconf 91' lang='lat' dir='ltr'>quae</span> <span class='ocrx_word' id='word_1_28' title='bbox 835 807 868 860; x_wconf 91' lang='lat' dir='ltr'>et</span> <span class='ocrx_word' id='word_1_29' title='bbox 884 796 992 879; x_wconf 86' lang='lat' dir='ltr'>qualis</span> <span class='ocrx_word' id='word_1_30' title='bbox 1009 797 1065 860; x_wconf 92' lang='lat' dir='ltr'>illa</span> <span class='ocrx_word' id='word_1_31' title='bbox 1081 796 1125 860; x_wconf 91' lang='lat' dir='ltr'>sit</span> <span class='ocrx_word' id='word_1_32' title='bbox 1146 797 1179 860; x_wconf 92' lang='lat' dir='ltr'>in</span> <span class='ocrx_word' id='word_1_33' title='bbox 1196 796 1259 860; x_wconf 91' lang='lat' dir='ltr'>hoc</span> <span class='ocrx_word' id='word_1_34' title='bbox 1282 813 1402 877; x_wconf 85' lang='lat' dir='ltr'>genere</span> <span class='ocrx_word' id='word_1_35' title='bbox 1417 792 1501 856; x_wconf 89' lang='lat' dir='ltr'>liber·</span> 
     </span>
     <span class='ocr_line' id='line_1_6' title="bbox 408 898 1501 984; baseline -0.004 -20"><span class='ocrx_word' id='word_1_36' title='bbox 408 911 469 977; x_wconf 87' lang='lat' dir='ltr'>tas,</span> <span class='ocrx_word' id='word_1_37' title='bbox 484 920 586 982; x_wconf 91' lang='lat' dir='ltr'>quam</span> <span class='ocrx_word' id='word_1_38' title='bbox 602 901 673 984; x_wconf 88' lang='lat' dir='ltr'>pari</span> <span class='ocrx_word' id='word_1_39' title='bbox 690 901 802 965; x_wconf 89' lang='lat' dir='ltr'>studio</span> <span class='ocrx_word' id='word_1_40' title='bbox 814 901 933 967; x_wconf 92' lang='lat' dir='ltr'>volunt</span> <span class='ocrx_word' id='word_1_41' title='bbox 945 901 1185 984; x_wconf 87' lang='lat' dir='ltr'>etpraedicant</span> <span class='ocrx_word' id='word_1_42' title='bbox 1200 898 1399 964; x_wconf 76' lang='lat' dir='ltr'>libcralzsmi</span> <span class='ocrx_word' id='word_1_43' title='bbox 1409 907 1501 960; x_wconf 86' lang='lat' dir='ltr'>secta-</span> 
     </span>
     <span class='ocr_line' id='line_1_7' title="bbox 408 1002 1503 1088; baseline -0.004 -21"><span class='ocrx_word' id='word_1_44' title='bbox 408 1012 506 1068; x_wconf 88' lang='lat' dir='ltr'><strong>tores.</strong></span> <span class='ocrx_word' id='word_1_45' title='bbox 524 1003 579 1068; x_wconf 88' lang='lat' dir='ltr'>Ex</span> <span class='ocrx_word' id='word_1_46' title='bbox 596 1026 662 1068; x_wconf 92' lang='lat' dir='ltr'>una</span> <span class='ocrx_word' id='word_1_47' title='bbox 688 1015 783 1088; x_wconf 87' lang='lat' dir='ltr'>parte</span> <span class='ocrx_word' id='word_1_48' title='bbox 799 1005 861 1068; x_wconf 92' lang='lat' dir='ltr'>sibi</span> <span class='ocrx_word' id='word_1_49' title='bbox 890 1005 1026 1087; x_wconf 89' lang='lat' dir='ltr'>quidem</span> <span class='ocrx_word' id='word_1_50' title='bbox 1051 1024 1090 1068; x_wconf 90' lang='lat' dir='ltr'>ac</span> <span class='ocrx_word' id='word_1_51' title='bbox 1118 1003 1320 1086; x_wconf 89' lang='lat' dir='ltr'>reipublicae</span> <span class='ocrx_word' id='word_1_52' title='bbox 1347 1002 1503 1071; x_wconf 54' lang='lat' dir='ltr'>licentiam</span> 
     </span>
     <span class='ocr_line' id='line_1_8' title="bbox 409 1107 1504 1191; baseline -0.005 -19"><span class='ocrx_word' id='word_1_53' title='bbox 409 1109 568 1174; x_wconf 83' lang='lat' dir='ltr'>adserunt</span> <span class='ocrx_word' id='word_1_54' title='bbox 584 1119 726 1186; x_wconf 83' lang='lat' dir='ltr'>tantam,</span> <span class='ocrx_word' id='word_1_55' title='bbox 750 1119 787 1173; x_wconf 92' lang='lat' dir='ltr'>ut</span> <span class='ocrx_word' id='word_1_56' title='bbox 811 1108 947 1173; x_wconf 87' lang='lat' dir='ltr'>cuilibet</span> <span class='ocrx_word' id='word_1_57' title='bbox 981 1109 1179 1191; x_wconf 86' lang='lat' dir='ltr'>opinionum</span> <span class='ocrx_word' id='word_1_58' title='bbox 1211 1107 1419 1191; x_wconf 86' lang='lat' dir='ltr'>perversitati</span> <span class='ocrx_word' id='word_1_59' title='bbox 1448 1123 1504 1169; x_wconf 91' lang='lat' dir='ltr'>non</span> 
     </span>
     <span class='ocr_line' id='line_1_9' title="bbox 410 1209 1504 1295; baseline -0.005 -19"><span class='ocrx_word' id='word_1_60' title='bbox 410 1212 564 1276; x_wconf 88' lang='lat' dir='ltr'>dubitent</span> <span class='ocrx_word' id='word_1_61' title='bbox 580 1215 710 1277; x_wconf 88' lang='lat' dir='ltr'>aditum</span> <span class='ocrx_word' id='word_1_62' title='bbox 724 1214 927 1294; x_wconf 85' lang='lat' dir='ltr'>ianuamque</span> <span class='ocrx_word' id='word_1_63' title='bbox 941 1211 1144 1295; x_wconf 80' lang='lat' dir='ltr'>patefacere:</span> <span class='ocrx_word' id='word_1_64' title='bbox 1156 1232 1201 1275; x_wconf 92' lang='lat' dir='ltr'>ex</span> <span class='ocrx_word' id='word_1_65' title='bbox 1212 1211 1317 1276; x_wconf 88' lang='lat' dir='ltr'>altera</span> <span class='ocrx_word' id='word_1_66' title='bbox 1331 1209 1504 1274; x_wconf 84' lang='lat' dir='ltr'>Ecclesiam</span> 
     </span>
     <span class='ocr_line' id='line_1_10' title="bbox 410 1314 1505 1400; baseline -0.005 -20"><span class='ocrx_word' id='word_1_67' title='bbox 410 1316 615 1400; x_wconf 82' lang='lat' dir='ltr'>plurifariam</span> <span class='ocrx_word' id='word_1_68' title='bbox 629 1317 828 1400; x_wconf 91' lang='lat' dir='ltr'>impediunt,</span> <span class='ocrx_word' id='word_1_69' title='bbox 845 1318 983 1400; x_wconf 86' lang='lat' dir='ltr'>eiusque</span> <span class='ocrx_word' id='word_1_70' title='bbox 998 1317 1187 1380; x_wconf 88' lang='lat' dir='ltr'>libertatem</span> <span class='ocrx_word' id='word_1_71' title='bbox 1204 1317 1237 1378; x_wconf 91' lang='lat' dir='ltr'>in</span> <span class='ocrx_word' id='word_1_72' title='bbox 1255 1314 1337 1378; x_wconf 89' lang='lat' dir='ltr'>lines</span> <span class='ocrx_word' id='word_1_73' title='bbox 1351 1323 1505 1396; x_wconf 88' lang='lat' dir='ltr'>quantum</span> 
     </span>
     <span class='ocr_line' id='line_1_11' title="bbox 410 1417 1506 1506; baseline -0.005 -22"><span class='ocrx_word' id='word_1_74' title='bbox 410 1431 550 1506; x_wconf 86' lang='lat' dir='ltr'>possunt</span> <span class='ocrx_word' id='word_1_75' title='bbox 564 1423 712 1486; x_wconf 89' lang='lat' dir='ltr'>maxime</span> <span class='ocrx_word' id='word_1_76' title='bbox 727 1431 890 1504; x_wconf 89' lang='lat' dir='ltr'>angustos</span> <span class='ocrx_word' id='word_1_77' title='bbox 904 1422 1328 1504; x_wconf 90' lang='lat' dir='ltr'>compellunt,quamquam</span> <span class='ocrx_word' id='word_1_78' title='bbox 1339 1439 1386 1483; x_wconf 89' lang='lat' dir='ltr'>ex</span> <span class='ocrx_word' id='word_1_79' title='bbox 1403 1417 1506 1482; x_wconf 85' lang='lat' dir='ltr'>Eccle-</span> 
     </span>
     <span class='ocr_line' id='line_1_12' title="bbox 411 1525 1506 1608; baseline -0.005 -18"><span class='ocrx_word' id='word_1_80' title='bbox 411 1528 479 1592; x_wconf 83' lang='lat' dir='ltr'>siae</span> <span class='ocrx_word' id='word_1_81' title='bbox 495 1527 646 1591; x_wconf 88' lang='lat' dir='ltr'>doctrina</span> <span class='ocrx_word' id='word_1_82' title='bbox 663 1547 729 1590; x_wconf 90' lang='lat' dir='ltr'>non</span> <span class='ocrx_word' id='word_1_83' title='bbox 742 1527 844 1590; x_wconf 93' lang='lat' dir='ltr'>modo</span> <span class='ocrx_word' id='word_1_84' title='bbox 860 1525 988 1590; x_wconf 87' lang='lat' dir='ltr'>nullum</span> <span class='ocrx_word' id='word_1_85' title='bbox 1004 1526 1256 1590; x_wconf 92' lang='lat' dir='ltr'>incommodum</span> <span class='ocrx_word' id='word_1_86' title='bbox 1282 1525 1506 1608; x_wconf 88' lang='lat' dir='ltr'>pertimescen-</span> 
     </span>
     <span class='ocr_line' id='line_1_13' title="bbox 412 1627 1397 1711; baseline -0.002 -19"><span class='ocrx_word' id='word_1_87' title='bbox 412 1630 494 1693; x_wconf 89' lang='lat' dir='ltr'>dum</span> <span class='ocrx_word' id='word_1_88' title='bbox 510 1630 562 1706; x_wconf 89' lang='lat' dir='ltr'>sit,</span> <span class='ocrx_word' id='word_1_89' title='bbox 577 1630 635 1692; x_wconf 92' lang='lat' dir='ltr'>sed</span> <span class='ocrx_word' id='word_1_90' title='bbox 654 1647 797 1711; x_wconf 90' lang='lat' dir='ltr'>magnae</span> <span class='ocrx_word' id='word_1_91' title='bbox 815 1629 955 1692; x_wconf 91' lang='lat' dir='ltr'>omnino</span> <span class='ocrx_word' id='word_1_92' title='bbox 972 1629 1133 1692; x_wconf 87' lang='lat' dir='ltr'>utilitates</span> <span class='ocrx_word' id='word_1_93' title='bbox 1152 1627 1397 1710; x_wconf 87' lang='lat' dir='ltr'>expectandae.</span> 
     </span>
    </p>
   </div>
   <div class='ocr_carea' id='block_1_4' title="bbox 460 1829 1508 1920">
    <p class='ocr_par' dir='ltr' id='par_1_4' title="bbox 460 1829 1508 1920">
     <span class='ocr_line' id='line_1_14' title="bbox 460 1829 1508 1920; baseline -0.008 -20"><span class='ocrx_word' id='word_1_94' title='bbox 460 1836 521 1900; x_wconf 91' lang='lat' dir='ltr'>llla</span> <span class='ocrx_word' id='word_1_95' title='bbox 540 1857 674 1920; x_wconf 91' lang='lat' dir='ltr'>quoque</span> <span class='ocrx_word' id='word_1_96' title='bbox 690 1857 894 1919; x_wconf 84' lang='lat' dir='ltr'>magnopere</span> <span class='ocrx_word' id='word_1_97' title='bbox 910 1837 1121 1919; x_wconf 88' lang='lat' dir='ltr'>praedicatur</span> <span class='ocrx_word' id='word_1_98' title='bbox 1135 1833 1456 1919; x_wconf 79' lang='lat' dir='ltr'>quamconscr&#39;entiae</span> <span class='ocrx_word' id='word_1_99' title='bbox 1475 1829 1508 1893; x_wconf 86' lang='lat' dir='ltr'>li·</span> 
     </span>
    </p>
   </div>
   <div class='ocr_carea' id='block_1_5' title="bbox 236 1935 1509 2044">
    <p class='ocr_par' dir='ltr' id='par_1_5' title="bbox 236 1935 1509 2044">
     <span class='ocr_line' id='line_1_15' title="bbox 236 1935 1509 2044; baseline -0.011 -32"><span class='ocrx_word' id='word_1_100' title='bbox 236 1939 387 2044; x_wconf 34' lang='lat' dir='ltr'>{342³ssss</span> <span class='ocrx_word' id='word_1_101' title='bbox 413 1939 567 2005; x_wconf 79' lang='lat' dir='ltr'>bertatem</span> <span class='ocrx_word' id='word_1_102' title='bbox 577 1942 769 2019; x_wconf 91' lang='lat' dir='ltr'>nominant;</span> <span class='ocrx_word' id='word_1_103' title='bbox 785 1961 873 2023; x_wconf 91' lang='lat' dir='ltr'>quae</span> <span class='ocrx_word' id='word_1_104' title='bbox 883 1941 910 2003; x_wconf 92' lang='lat' dir='ltr'>si</span> <span class='ocrx_word' id='word_1_105' title='bbox 923 1941 971 2004; x_wconf 93' lang='lat' dir='ltr'>ita</span> <span class='ocrx_word' id='word_1_106' title='bbox 981 1942 1171 2023; x_wconf 87' lang='lat' dir='ltr'>accipiatur,</span> <span class='ocrx_word' id='word_1_107' title='bbox 1182 1951 1289 2004; x_wconf 92' lang='lat' dir='ltr'>utsuo</span> <span class='ocrx_word' id='word_1_108' title='bbox 1301 1938 1422 2021; x_wconf 88' lang='lat' dir='ltr'>cuique</span> <span class='ocrx_word' id='word_1_109' title='bbox 1433 1935 1509 2000; x_wconf 88' lang='lat' dir='ltr'>arbi·</span> 
     </span>
    </p>
   </div>
   <div class='ocr_carea' id='block_1_6' title="bbox 231 2043 1615 2236">
    <p class='ocr_par' dir='ltr' id='par_1_6' title="bbox 231 2043 1615 2236">
     <span class='ocr_line' id='line_1_16' title="bbox 253 2043 1509 2128; baseline 0.001 -25"><span class='ocrx_word' id='word_1_110' title='bbox 253 2058 368 2128; x_wconf 59' lang='lat' dir='ltr'>terentiae.</span> <span class='ocrx_word' id='word_1_111' title='bbox 412 2053 501 2110; x_wconf 86' lang='lat' dir='ltr'>tratu</span> <span class='ocrx_word' id='word_1_112' title='bbox 513 2065 619 2128; x_wconf 90' lang='lat' dir='ltr'>aeque</span> <span class='ocrx_word' id='word_1_113' title='bbox 634 2045 733 2109; x_wconf 90' lang='lat' dir='ltr'>liceat</span> <span class='ocrx_word' id='word_1_114' title='bbox 745 2046 855 2110; x_wconf 87' lang='lat' dir='ltr'>Deum</span> <span class='ocrx_word' id='word_1_115' title='bbox 872 2046 991 2123; x_wconf 87' lang='lat' dir='ltr'>colere,</span> <span class='ocrx_word' id='word_1_116' title='bbox 1006 2065 1073 2109; x_wconf 89' lang='lat' dir='ltr'>non</span> <span class='ocrx_word' id='word_1_117' title='bbox 1089 2045 1207 2120; x_wconf 86' lang='lat' dir='ltr'>colere,</span> <span class='ocrx_word' id='word_1_118' title='bbox 1217 2043 1509 2126; x_wconf 89' lang='lat' dir='ltr'>argumentisquae</span> 
     </span>
     <span class='ocr_line' id='line_1_17' title="bbox 231 2117 1615 2236; baseline -0.003 -25"><span class='ocrx_word' id='word_1_119' title='bbox 231 2117 387 2236; x_wconf 47' lang='lat' dir='ltr'>papanem</span> <span class='ocrx_word' id='word_1_120' title='bbox 411 2168 512 2233; x_wconf 90' lang='lat' dir='ltr'>supra</span> <span class='ocrx_word' id='word_1_121' title='bbox 534 2151 638 2214; x_wconf 88' lang='lat' dir='ltr'>allata</span> <span class='ocrx_word' id='word_1_122' title='bbox 653 2161 741 2226; x_wconf 89' lang='lat' dir='ltr'>sunt,</span> <span class='ocrx_word' id='word_1_123' title='bbox 763 2151 845 2214; x_wconf 88' lang='lat' dir='ltr'>satis</span> <span class='ocrx_word' id='word_1_124' title='bbox 861 2150 1077 2214; x_wconf 89' lang='lat' dir='ltr'>convincitur.</span> <span class='ocrx_word' id='word_1_125' title='bbox 1093 2187 1136 2198; x_wconf 90' lang='lat'><em>-</em></span> <span class='ocrx_word' id='word_1_126' title='bbox 1149 2147 1217 2214; x_wconf 90' lang='lat' dir='ltr'>Sed</span> <span class='ocrx_word' id='word_1_127' title='bbox 1234 2157 1346 2231; x_wconf 89' lang='lat' dir='ltr'>potest</span> <span class='ocrx_word' id='word_1_128' title='bbox 1355 2150 1458 2212; x_wconf 89' lang='lat' dir='ltr'>etiam</span> <span class='ocrx_word' id='word_1_129' title='bbox 1481 2145 1509 2208; x_wconf 88' lang='lat' dir='ltr'>in</span> <span class='ocrx_word' id='word_1_130' title='bbox 1614 2177 1615 2180; x_wconf 34' lang='lat'>¹</span> 
     </span>
    </p>
   </div>
   <div class='ocr_carea' id='block_1_7' title="bbox 231 2237 1511 2336">
    <p class='ocr_par' dir='ltr' id='par_1_7' title="bbox 231 2237 1511 2336">
     <span class='ocr_line' id='line_1_18' title="bbox 231 2237 1511 2336; baseline -0.002 -24"><span class='ocrx_word' id='word_1_131' title='bbox 231 2237 323 2287; x_wconf 56' lang='lat' dir='ltr'>‘mla&#39;</span> <span class='ocrx_word' id='word_1_132' title='bbox 409 2252 496 2317; x_wconf 92' lang='lat' dir='ltr'>hanc</span> <span class='ocrx_word' id='word_1_133' title='bbox 522 2255 724 2317; x_wconf 88' lang='lat' dir='ltr'>sententiam</span> <span class='ocrx_word' id='word_1_134' title='bbox 748 2253 864 2336; x_wconf 92' lang='lat' dir='ltr'>accipi,</span> <span class='ocrx_word' id='word_1_135' title='bbox 899 2262 935 2316; x_wconf 93' lang='lat' dir='ltr'>ut</span> <span class='ocrx_word' id='word_1_136' title='bbox 960 2251 1087 2316; x_wconf 91' lang='lat' dir='ltr'>homini</span> <span class='ocrx_word' id='word_1_137' title='bbox 1112 2273 1158 2315; x_wconf 92' lang='lat' dir='ltr'>ex</span> <span class='ocrx_word' id='word_1_138' title='bbox 1182 2253 1388 2316; x_wconf 88' lang='lat' dir='ltr'>conscientia</span> <span class='ocrx_word' id='word_1_139' title='bbox 1413 2247 1511 2323; x_wconf 84' lang='lat' dir='ltr'>oflicii,</span> 
     </span>
    </p>
   </div>
   <div class='ocr_carea' id='block_1_8' title="bbox 407 2355 1511 2647">
    <p class='ocr_par' dir='ltr' id='par_1_8' title="bbox 407 2355 1511 2647">
     <span class='ocr_line' id='line_1_19' title="bbox 409 2355 1510 2440; baseline -0.006 -18"><span class='ocrx_word' id='word_1_140' title='bbox 409 2357 473 2422; x_wconf 89' lang='lat' dir='ltr'>Dei</span> <span class='ocrx_word' id='word_1_141' title='bbox 485 2359 693 2422; x_wconf 89' lang='lat' dir='ltr'>voluntatem</span> <span class='ocrx_word' id='word_1_142' title='bbox 716 2357 809 2440; x_wconf 89' lang='lat' dir='ltr'>sequi</span> <span class='ocrx_word' id='word_1_143' title='bbox 835 2367 868 2420; x_wconf 93' lang='lat' dir='ltr'>et</span> <span class='ocrx_word' id='word_1_144' title='bbox 892 2358 982 2421; x_wconf 84' lang='lat' dir='ltr'>iussa</span> <span class='ocrx_word' id='word_1_145' title='bbox 1006 2358 1123 2434; x_wconf 87' lang='lat' dir='ltr'>iacere,</span> <span class='ocrx_word' id='word_1_146' title='bbox 1147 2356 1238 2420; x_wconf 90' lang='lat' dir='ltr'>nulla</span> <span class='ocrx_word' id='word_1_147' title='bbox 1253 2376 1289 2419; x_wconf 90' lang='lat' dir='ltr'>re</span> <span class='ocrx_word' id='word_1_148' title='bbox 1305 2355 1510 2437; x_wconf 90' lang='lat' dir='ltr'>impediente,</span> 
     </span>
     <span class='ocr_line' id='line_1_20' title="bbox 407 2455 1509 2545; baseline -0.01 -19"><span class='ocrx_word' id='word_1_149' title='bbox 407 2463 439 2526; x_wconf 93' lang='lat' dir='ltr'>in</span> <span class='ocrx_word' id='word_1_150' title='bbox 456 2463 591 2526; x_wconf 88' lang='lat' dir='ltr'>civitate</span> <span class='ocrx_word' id='word_1_151' title='bbox 615 2463 721 2526; x_wconf 88' lang='lat' dir='ltr'>liceat.</span> <span class='ocrx_word' id='word_1_152' title='bbox 740 2461 836 2526; x_wconf 90' lang='lat' dir='ltr'>Haec</span> <span class='ocrx_word' id='word_1_153' title='bbox 861 2463 998 2545; x_wconf 93' lang='lat' dir='ltr'>quidem</span> <span class='ocrx_word' id='word_1_154' title='bbox 1024 2481 1111 2539; x_wconf 87' lang='lat' dir='ltr'>vera,</span> <span class='ocrx_word' id='word_1_155' title='bbox 1126 2460 1208 2524; x_wconf 90' lang='lat' dir='ltr'>haec</span> <span class='ocrx_word' id='word_1_156' title='bbox 1231 2460 1334 2543; x_wconf 93' lang='lat' dir='ltr'>digna</span> <span class='ocrx_word' id='word_1_157' title='bbox 1361 2456 1438 2522; x_wconf 89' lang='lat' dir='ltr'>liliis</span> <span class='ocrx_word' id='word_1_158' title='bbox 1453 2455 1509 2519; x_wconf 89' lang='lat' dir='ltr'>Dei</span> 
     </span>
     <span class='ocr_line' id='line_1_21' title="bbox 407 2562 1511 2647; baseline -0.005 -20"><span class='ocrx_word' id='word_1_159' title='bbox 407 2564 553 2641; x_wconf 85' lang='lat' dir='ltr'>libertas,</span> <span class='ocrx_word' id='word_1_160' title='bbox 567 2585 653 2647; x_wconf 91' lang='lat' dir='ltr'>quae</span> <span class='ocrx_word' id='word_1_161' title='bbox 677 2565 845 2628; x_wconf 90' lang='lat' dir='ltr'>humanae</span> <span class='ocrx_word' id='word_1_162' title='bbox 868 2566 1068 2646; x_wconf 88' lang='lat' dir='ltr'>dignitatem</span> <span class='ocrx_word' id='word_1_163' title='bbox 1094 2583 1258 2646; x_wconf 89' lang='lat' dir='ltr'>personae</span> <span class='ocrx_word' id='word_1_164' title='bbox 1284 2562 1511 2627; x_wconf 88' lang='lat' dir='ltr'>honestissime</span> 
     </span>
    </p>
   </div>
   <div class='ocr_carea' id='block_1_9' title="bbox 213 2649 1512 2801">
    <p class='ocr_par' dir='ltr' id='par_1_9' title="bbox 213 2649 1512 2801">
     <span class='ocr_line' id='line_1_22' title="bbox 213 2649 1512 2801; baseline -0.013 -59"><span class='ocrx_word' id='word_1_165' title='bbox 213 2649 361 2801; x_wconf 41' lang='lat' dir='ltr'>&#39;artaqroa</span> <span class='ocrx_word' id='word_1_166' title='bbox 409 2679 529 2746; x_wconf 90' lang='lat' dir='ltr'>tuetur,</span> <span class='ocrx_word' id='word_1_167' title='bbox 544 2678 595 2732; x_wconf 91' lang='lat' dir='ltr'>est</span> <span class='ocrx_word' id='word_1_168' title='bbox 610 2670 702 2732; x_wconf 91' lang='lat' dir='ltr'>omni</span> <span class='ocrx_word' id='word_1_169' title='bbox 720 2671 752 2731; x_wconf 90' lang='lat' dir='ltr'>vi</span> <span class='ocrx_word' id='word_1_170' title='bbox 775 2669 961 2752; x_wconf 89' lang='lat' dir='ltr'>iniuriaque</span> <span class='ocrx_word' id='word_1_171' title='bbox 990 2669 1116 2733; x_wconf 88' lang='lat' dir='ltr'>maior:</span> <span class='ocrx_word' id='word_1_172' title='bbox 1139 2669 1323 2750; x_wconf 88' lang='lat' dir='ltr'>eademque</span> <span class='ocrx_word' id='word_1_173' title='bbox 1348 2665 1512 2731; x_wconf 86' lang='lat' dir='ltr'>Ecclesiae</span> 
     </span>
     <span class='ocr_line' id='line_1_23' title="bbox 233 2755 369 2801; baseline -0.015 0"><span class='ocrx_word' id='word_1_174' title='bbox 233 2769 294 2801; x_wconf 79' lang='lat' dir='ltr'>susa</span> <span class='ocrx_word' id='word_1_175' title='bbox 314 2755 369 2800; x_wconf 80' lang='lat' dir='ltr'>mit-</span> 
     </span>
    </p>
   </div>
   <div class='ocr_carea' id='block_1_10' title="bbox 233 2771 1614 2867">
    <p class='ocr_par' dir='ltr' id='par_1_10' title="bbox 233 2771 1614 2867">
     <span class='ocr_line' id='line_1_24' title="bbox 233 2771 1614 2867; baseline -0.009 -28"><span class='ocrx_word' id='word_1_176' title='bbox 233 2815 311 2867; x_wconf 55' lang='lat' dir='ltr'>„m</span> <span class='ocrx_word' id='word_1_177' title='bbox 410 2791 541 2854; x_wconf 90' lang='lat' dir='ltr'>semper</span> <span class='ocrx_word' id='word_1_178' title='bbox 556 2782 673 2855; x_wconf 90' lang='lat' dir='ltr'>optata</span> <span class='ocrx_word' id='word_1_179' title='bbox 689 2793 728 2835; x_wconf 90' lang='lat' dir='ltr'>ae</span> <span class='ocrx_word' id='word_1_180' title='bbox 744 2775 921 2856; x_wconf 85' lang='lat' dir='ltr'>praecipue</span> <span class='ocrx_word' id='word_1_181' title='bbox 936 2793 1021 2836; x_wconf 90' lang='lat' dir='ltr'>cara.</span> <span class='ocrx_word' id='word_1_182' title='bbox 1040 2773 1150 2836; x_wconf 90' lang='lat' dir='ltr'>Huius</span> <span class='ocrx_word' id='word_1_183' title='bbox 1173 2773 1304 2854; x_wconf 88' lang='lat' dir='ltr'>generis</span> <span class='ocrx_word' id='word_1_184' title='bbox 1328 2771 1511 2836; x_wconf 86' lang='lat' dir='ltr'>libertatem</span> <span class='ocrx_word' id='word_1_185' title='bbox 1613 2811 1614 2842; x_wconf 19' lang='lat' dir='ltr'>q</span> 
     </span>
    </p>
   </div>
   <div class='ocr_carea' id='block_1_11' title="bbox 411 2874 1512 3064">
    <p class='ocr_par' dir='ltr' id='par_1_11' title="bbox 411 2874 1512 3064">
     <span class='ocr_line' id='line_1_25' title="bbox 411 2874 1512 2959; baseline -0.001 -20"><span class='ocrx_word' id='word_1_186' title='bbox 411 2875 474 2939; x_wconf 90' lang='lat' dir='ltr'>sibi</span> <span class='ocrx_word' id='word_1_187' title='bbox 484 2887 676 2940; x_wconf 88' lang='lat' dir='ltr'>constanter</span> <span class='ocrx_word' id='word_1_188' title='bbox 693 2878 902 2940; x_wconf 88' lang='lat' dir='ltr'>vindicavere</span> <span class='ocrx_word' id='word_1_189' title='bbox 918 2877 1087 2959; x_wconf 89' lang='lat' dir='ltr'>Apostoli,</span> <span class='ocrx_word' id='word_1_190' title='bbox 1101 2897 1244 2940; x_wconf 85' lang='lat' dir='ltr'>sanxere</span> <span class='ocrx_word' id='word_1_191' title='bbox 1268 2875 1401 2958; x_wconf 88' lang='lat' dir='ltr'>scriptis</span> <span class='ocrx_word' id='word_1_192' title='bbox 1425 2874 1512 2956; x_wconf 86' lang='lat' dir='ltr'>Apo-</span> 
     </span>
     <span class='ocr_line' id='line_1_26' title="bbox 411 2978 1512 3064; baseline 0.001 -22"><span class='ocrx_word' id='word_1_193' title='bbox 411 2978 552 3062; x_wconf 91' lang='lat' dir='ltr'>logetae,</span> <span class='ocrx_word' id='word_1_194' title='bbox 570 2981 737 3062; x_wconf 89' lang='lat' dir='ltr'>Martyres</span> <span class='ocrx_word' id='word_1_195' title='bbox 762 2981 889 3062; x_wconf 83' lang='lat' dir='ltr'>ingenti</span> <span class='ocrx_word' id='word_1_196' title='bbox 906 3001 1046 3044; x_wconf 91' lang='lat' dir='ltr'>numero</span> <span class='ocrx_word' id='word_1_197' title='bbox 1072 2981 1236 3064; x_wconf 86' lang='lat' dir='ltr'>sanguine</span> <span class='ocrx_word' id='word_1_198' title='bbox 1259 3000 1322 3044; x_wconf 90' lang='lat' dir='ltr'>suo</span> <span class='ocrx_word' id='word_1_199' title='bbox 1345 2999 1512 3044; x_wconf 85' lang='lat' dir='ltr'>consecra·</span> 
     </span>
    </p>
   </div>
   <div class='ocr_carea' id='block_1_12' title="bbox 411 3083 1613 3272">
    <p class='ocr_par' dir='ltr' id='par_1_12' title="bbox 411 3083 1613 3272">
     <span class='ocr_line' id='line_1_27' title="bbox 411 3083 1613 3168; baseline -0.003 -20"><span class='ocrx_word' id='word_1_200' title='bbox 411 3104 495 3148; x_wconf 89' lang='lat' dir='ltr'>vere.</span> <span class='ocrx_word' id='word_1_201' title='bbox 509 3085 554 3148; x_wconf 85' lang='lat' dir='ltr'>Et</span> <span class='ocrx_word' id='word_1_202' title='bbox 567 3087 686 3148; x_wconf 90' lang='lat' dir='ltr'>merito</span> <span class='ocrx_word' id='word_1_203' title='bbox 701 3085 838 3168; x_wconf 90' lang='lat' dir='ltr'>quidem</span> <span class='ocrx_word' id='word_1_204' title='bbox 851 3095 1048 3168; x_wconf 88' lang='lat' dir='ltr'>:propterea</span> <span class='ocrx_word' id='word_1_205' title='bbox 1063 3086 1153 3168; x_wconf 93' lang='lat' dir='ltr'>quod</span> <span class='ocrx_word' id='word_1_206' title='bbox 1171 3085 1356 3149; x_wconf 88' lang='lat' dir='ltr'>maximam</span> <span class='ocrx_word' id='word_1_207' title='bbox 1382 3083 1514 3150; x_wconf 90' lang='lat' dir='ltr'>iustissi·</span> <span class='ocrx_word' id='word_1_208' title='bbox 1612 3153 1613 3156; x_wconf 8' lang='grc' dir='ltr'><strong>Ἴ</strong></span> 
     </span>
     <span class='ocr_line' id='line_1_28' title="bbox 412 3188 1613 3272; baseline -0.001 -21"><span class='ocrx_word' id='word_1_209' title='bbox 412 3208 569 3271; x_wconf 90' lang='lat' dir='ltr'>mamque</span> <span class='ocrx_word' id='word_1_210' title='bbox 586 3189 649 3252; x_wconf 92' lang='lat' dir='ltr'>Dei</span> <span class='ocrx_word' id='word_1_211' title='bbox 666 3188 699 3251; x_wconf 92' lang='lat' dir='ltr'>in</span> <span class='ocrx_word' id='word_1_212' title='bbox 713 3188 866 3253; x_wconf 88' lang='lat' dir='ltr'>homines</span> <span class='ocrx_word' id='word_1_213' title='bbox 888 3198 1102 3271; x_wconf 88' lang='lat' dir='ltr'>potestatem,</span> <span class='ocrx_word' id='word_1_214' title='bbox 1111 3189 1323 3272; x_wconf 90' lang='lat' dir='ltr'>vicissimque</span> <span class='ocrx_word' id='word_1_215' title='bbox 1343 3189 1511 3253; x_wconf 88' lang='lat' dir='ltr'>hominum</span> <span class='ocrx_word' id='word_1_216' title='bbox 1612 3229 1613 3262; x_wconf 77' lang='lat'><em>;</em></span> 
     </span>
    </p>
   </div>
   <div class='ocr_carea' id='block_1_13' title="bbox 411 3292 1515 3583">
    <p class='ocr_par' dir='ltr' id='par_1_13' title="bbox 411 3292 1515 3583">
     <span class='ocr_line' id='line_1_29' title="bbox 411 3292 1514 3377; baseline -0.004 -21"><span class='ocrx_word' id='word_1_217' title='bbox 411 3295 570 3356; x_wconf 89' lang='lat' dir='ltr'>adversus</span> <span class='ocrx_word' id='word_1_218' title='bbox 595 3293 705 3358; x_wconf 89' lang='lat' dir='ltr'>Deum</span> <span class='ocrx_word' id='word_1_219' title='bbox 733 3295 887 3376; x_wconf 90' lang='lat' dir='ltr'>princeps</span> <span class='ocrx_word' id='word_1_220' title='bbox 921 3294 1177 3377; x_wconf 91' lang='lat' dir='ltr'>maximumque</span> <span class='ocrx_word' id='word_1_221' title='bbox 1203 3292 1360 3372; x_wconf 86' lang='lat' dir='ltr'>officium,</span> <span class='ocrx_word' id='word_1_222' title='bbox 1385 3294 1514 3358; x_wconf 87' lang='lat' dir='ltr'>libertas</span> 
     </span>
     <span class='ocr_line' id='line_1_30' title="bbox 411 3394 1513 3480; baseline -0.003 -21"><span class='ocrx_word' id='word_1_223' title='bbox 411 3395 493 3459; x_wconf 89' lang='lat' dir='ltr'>haec</span> <span class='ocrx_word' id='word_1_224' title='bbox 509 3397 688 3460; x_wconf 88' lang='lat' dir='ltr'>christiana</span> <span class='ocrx_word' id='word_1_225' title='bbox 705 3407 854 3461; x_wconf 89' lang='lat' dir='ltr'>testatur.</span> <span class='ocrx_word' id='word_1_226' title='bbox 872 3395 965 3460; x_wconf 86' lang='lat' dir='ltr'>Nilril</span> <span class='ocrx_word' id='word_1_227' title='bbox 991 3396 1093 3461; x_wconf 91' lang='lat' dir='ltr'>habet</span> <span class='ocrx_word' id='word_1_228' title='bbox 1109 3397 1182 3480; x_wconf 89' lang='lat' dir='ltr'>ipsa</span> <span class='ocrx_word' id='word_1_229' title='bbox 1198 3416 1274 3460; x_wconf 92' lang='lat' dir='ltr'>cum</span> <span class='ocrx_word' id='word_1_230' title='bbox 1295 3397 1410 3460; x_wconf 88' lang='lat' dir='ltr'>animo</span> <span class='ocrx_word' id='word_1_231' title='bbox 1434 3394 1513 3460; x_wconf 91' lang='lat' dir='ltr'>sedi·</span> 
     </span>
     <span class='ocr_line' id='line_1_31' title="bbox 411 3497 1515 3583; baseline -0.005 -20"><span class='ocrx_word' id='word_1_232' title='bbox 411 3499 499 3564; x_wconf 92' lang='lat' dir='ltr'>tioso</span> <span class='ocrx_word' id='word_1_233' title='bbox 522 3520 583 3562; x_wconf 88' lang='lat' dir='ltr'>nec</span> <span class='ocrx_word' id='word_1_234' title='bbox 614 3499 793 3563; x_wconf 88' lang='lat' dir='ltr'>obediente</span> <span class='ocrx_word' id='word_1_235' title='bbox 819 3520 1019 3564; x_wconf 92' lang='lat' dir='ltr'>commune:</span> <span class='ocrx_word' id='word_1_236' title='bbox 1043 3520 1153 3583; x_wconf 90' lang='lat' dir='ltr'>neque</span> <span class='ocrx_word' id='word_1_237' title='bbox 1169 3498 1237 3563; x_wconf 94' lang='lat' dir='ltr'>ullo</span> <span class='ocrx_word' id='word_1_238' title='bbox 1252 3509 1354 3581; x_wconf 87' lang='lat' dir='ltr'>pacto</span> <span class='ocrx_word' id='word_1_239' title='bbox 1370 3497 1515 3581; x_wconf 90' lang='lat' dir='ltr'>putanda</span> 
     </span>
    </p>
   </div>
   <div class='ocr_carea' id='block_1_14' title="bbox 412 3604 1612 3687">
    <p class='ocr_par' dir='ltr' id='par_1_14' title="bbox 412 3604 1612 3687">
     <span class='ocr_line' id='line_1_32' title="bbox 412 3604 1612 3687; baseline -0.003 -19"><span class='ocrx_word' id='word_1_240' title='bbox 412 3615 473 3682; x_wconf 92' lang='lat' dir='ltr'>est,</span> <span class='ocrx_word' id='word_1_241' title='bbox 487 3604 572 3668; x_wconf 92' lang='lat' dir='ltr'>velle</span> <span class='ocrx_word' id='word_1_242' title='bbox 587 3605 631 3667; x_wconf 91' lang='lat' dir='ltr'>ab</span> <span class='ocrx_word' id='word_1_243' title='bbox 646 3604 808 3686; x_wconf 91' lang='lat' dir='ltr'>obsequio</span> <span class='ocrx_word' id='word_1_244' title='bbox 823 3604 979 3686; x_wconf 88' lang='lat' dir='ltr'>publicae</span> <span class='ocrx_word' id='word_1_245' title='bbox 989 3606 1167 3687; x_wconf 88' lang='lat' dir='ltr'>potestatis</span> <span class='ocrx_word' id='word_1_246' title='bbox 1182 3605 1375 3680; x_wconf 90' lang='lat' dir='ltr'>desciscere,</span> <span class='ocrx_word' id='word_1_247' title='bbox 1386 3613 1515 3686; x_wconf 89' lang='lat' dir='ltr'>propte·</span> <span class='ocrx_word' id='word_1_248' title='bbox 1611 3639 1612 3676; x_wconf 77' lang='lat'>3</span> 
     </span>
    </p>
   </div>
   <div class='ocr_carea' id='block_1_15' title="bbox 413 3704 1515 3792">
    <p class='ocr_par' dir='ltr' id='par_1_15' title="bbox 413 3704 1515 3792">
     <span class='ocr_line' id='line_1_33' title="bbox 413 3704 1515 3792; baseline -0.007 -19"><span class='ocrx_word' id='word_1_249' title='bbox 413 3729 468 3773; x_wconf 89' lang='lat' dir='ltr'>rea</span> <span class='ocrx_word' id='word_1_250' title='bbox 478 3711 568 3791; x_wconf 92' lang='lat' dir='ltr'>quod</span> <span class='ocrx_word' id='word_1_251' title='bbox 579 3711 744 3791; x_wconf 89' lang='lat' dir='ltr'>imperare</span> <span class='ocrx_word' id='word_1_252' title='bbox 760 3721 861 3792; x_wconf 89' lang='lat' dir='ltr'>atque</span> <span class='ocrx_word' id='word_1_253' title='bbox 873 3710 1038 3792; x_wconf 89' lang='lat' dir='ltr'>imperata</span> <span class='ocrx_word' id='word_1_254' title='bbox 1054 3711 1199 3792; x_wconf 87' lang='lat' dir='ltr'>exigere,</span> <span class='ocrx_word' id='word_1_255' title='bbox 1210 3717 1348 3772; x_wconf 90' lang='lat' dir='ltr'>eatenus</span> <span class='ocrx_word' id='word_1_256' title='bbox 1360 3704 1515 3791; x_wconf 89' lang='lat' dir='ltr'>potestati</span> 
     </span>
    </p>
   </div>
   <div class='ocr_carea' id='block_1_16' title="bbox 412 3803 1612 3896">
    <p class='ocr_par' dir='ltr' id='par_1_16' title="bbox 412 3803 1612 3896">
     <span class='ocr_line' id='line_1_34' title="bbox 412 3803 1612 3896; baseline -0.003 -20"><span class='ocrx_word' id='word_1_257' title='bbox 412 3814 579 3878; x_wconf 89' lang='lat' dir='ltr'>humanae</span> <span class='ocrx_word' id='word_1_258' title='bbox 595 3814 645 3876; x_wconf 91' lang='lat' dir='ltr'>ius</span> <span class='ocrx_word' id='word_1_259' title='bbox 658 3825 717 3889; x_wconf 89' lang='lat' dir='ltr'>est,</span> <span class='ocrx_word' id='word_1_260' title='bbox 733 3823 898 3895; x_wconf 88' lang='lat' dir='ltr'>quatenus</span> <span class='ocrx_word' id='word_1_261' title='bbox 914 3832 990 3877; x_wconf 94' lang='lat' dir='ltr'>cum</span> <span class='ocrx_word' id='word_1_262' title='bbox 1013 3822 1182 3896; x_wconf 90' lang='lat' dir='ltr'>potestate</span> <span class='ocrx_word' id='word_1_263' title='bbox 1195 3813 1259 3877; x_wconf 91' lang='lat' dir='ltr'>Dei</span> <span class='ocrx_word' id='word_1_264' title='bbox 1287 3812 1368 3876; x_wconf 90' lang='lat' dir='ltr'>nihil</span> <span class='ocrx_word' id='word_1_265' title='bbox 1393 3812 1514 3876; x_wconf 87' lang='lat' dir='ltr'>dissen·</span> <span class='ocrx_word' id='word_1_266' title='bbox 1611 3803 1612 3808; x_wconf 62' lang='grc'>’</span> 
     </span>
    </p>
   </div>
   <div class='ocr_carea' id='block_1_17' title="bbox 386 3915 1517 4520">
    <p class='ocr_par' dir='ltr' id='par_1_17' title="bbox 413 3915 1514 3998">
     <span class='ocr_line' id='line_1_35' title="bbox 413 3915 1514 3998; baseline -0.005 -16"><span class='ocrx_word' id='word_1_267' title='bbox 413 3919 484 3994; x_wconf 79' lang='lat' dir='ltr'>liat,</span> <span class='ocrx_word' id='word_1_268' title='bbox 499 3917 749 3998; x_wconf 89' lang='lat' dir='ltr'>constitutoque</span> <span class='ocrx_word' id='word_1_269' title='bbox 764 3917 923 3980; x_wconf 91' lang='lat' dir='ltr'>divinitus</span> <span class='ocrx_word' id='word_1_270' title='bbox 940 3915 1042 3980; x_wconf 91' lang='lat' dir='ltr'>modo</span> <span class='ocrx_word' id='word_1_271' title='bbox 1052 3938 1088 3981; x_wconf 93' lang='lat' dir='ltr'>se</span> <span class='ocrx_word' id='word_1_272' title='bbox 1100 3917 1278 3981; x_wconf 87' lang='lat' dir='ltr'>contineat</span> <span class='ocrx_word' id='word_1_273' title='bbox 1291 3917 1342 3980; x_wconf 89' lang='lat' dir='ltr'>At</span> <span class='ocrx_word' id='word_1_274' title='bbox 1352 3935 1432 3978; x_wconf 88' lang='lat' dir='ltr'>vero</span> <span class='ocrx_word' id='word_1_275' title='bbox 1444 3931 1514 3977; x_wconf 90' lang='lat' dir='ltr'>cum</span> 
     </span>
    </p>

    <p class='ocr_par' dir='ltr' id='par_1_18' title="bbox 386 4018 1517 4520">
     <span class='ocr_line' id='line_1_36' title="bbox 386 4018 1517 4106; baseline -0.009 -20"><span class='ocrx_word' id='word_1_276' title='bbox 386 4061 388 4066; x_wconf 94' lang='lat'>·</span> <span class='ocrx_word' id='word_1_277' title='bbox 414 4022 596 4106; x_wconf 90' lang='lat' dir='ltr'>quidquam</span> <span class='ocrx_word' id='word_1_278' title='bbox 624 4021 825 4102; x_wconf 88' lang='lat' dir='ltr'>praecipitur</span> <span class='ocrx_word' id='word_1_279' title='bbox 849 4021 941 4104; x_wconf 93' lang='lat' dir='ltr'>quod</span> <span class='ocrx_word' id='word_1_280' title='bbox 972 4041 1049 4085; x_wconf 92' lang='lat' dir='ltr'>cum</span> <span class='ocrx_word' id='word_1_281' title='bbox 1073 4021 1186 4085; x_wconf 91' lang='lat' dir='ltr'>divina</span> <span class='ocrx_word' id='word_1_282' title='bbox 1212 4018 1384 4084; x_wconf 89' lang='lat' dir='ltr'>voluntate</span> <span class='ocrx_word' id='word_1_283' title='bbox 1408 4025 1517 4100; x_wconf 87' lang='lat' dir='ltr'>aperte</span> 
     </span>
     <span class='ocr_line' id='line_1_37' title="bbox 414 4122 1516 4206; baseline -0.007 -18"><span class='ocrx_word' id='word_1_284' title='bbox 414 4125 588 4206; x_wconf 86' lang='lat' dir='ltr'>discrepet,</span> <span class='ocrx_word' id='word_1_285' title='bbox 598 4135 668 4187; x_wconf 88' lang='lat' dir='ltr'>tum</span> <span class='ocrx_word' id='word_1_286' title='bbox 685 4126 782 4205; x_wconf 90' lang='lat' dir='ltr'>longe</span> <span class='ocrx_word' id='word_1_287' title='bbox 794 4125 838 4187; x_wconf 90' lang='lat' dir='ltr'>ab</span> <span class='ocrx_word' id='word_1_288' title='bbox 853 4124 910 4188; x_wconf 93' lang='lat' dir='ltr'>illo</span> <span class='ocrx_word' id='word_1_289' title='bbox 932 4125 1035 4190; x_wconf 94' lang='lat' dir='ltr'>modo</span> <span class='ocrx_word' id='word_1_290' title='bbox 1061 4125 1252 4199; x_wconf 89' lang='lat' dir='ltr'>disceditur,</span> <span class='ocrx_word' id='word_1_291' title='bbox 1262 4122 1430 4204; x_wconf 90' lang='lat' dir='ltr'>simulque</span> <span class='ocrx_word' id='word_1_292' title='bbox 1444 4135 1516 4183; x_wconf 90' lang='lat' dir='ltr'>cum</span> 
     </span>
     <span class='ocr_line' id='line_1_38' title="bbox 415 4228 1517 4311; baseline -0.006 -19"><span class='ocrx_word' id='word_1_293' title='bbox 415 4231 612 4292; x_wconf 88' lang='lat' dir='ltr'>auctoritate</span> <span class='ocrx_word' id='word_1_294' title='bbox 628 4231 741 4291; x_wconf 92' lang='lat' dir='ltr'>divina</span> <span class='ocrx_word' id='word_1_295' title='bbox 757 4228 965 4311; x_wconf 83' lang='lat' dir='ltr'>confligitur:</span> <span class='ocrx_word' id='word_1_296' title='bbox 982 4248 1062 4310; x_wconf 89' lang='lat' dir='ltr'>ergo</span> <span class='ocrx_word' id='word_1_297' title='bbox 1078 4238 1205 4292; x_wconf 90' lang='lat' dir='ltr'>rectum</span> <span class='ocrx_word' id='word_1_298' title='bbox 1229 4236 1281 4290; x_wconf 90' lang='lat' dir='ltr'>est</span> <span class='ocrx_word' id='word_1_299' title='bbox 1304 4246 1371 4290; x_wconf 90' lang='lat' dir='ltr'>non</span> <span class='ocrx_word' id='word_1_300' title='bbox 1397 4243 1517 4308; x_wconf 89' lang='lat' dir='ltr'>parere.</span> 
     </span>
     <span class='ocr_line' id='line_1_39' title="bbox 460 4327 1516 4416; baseline -0.006 -21"><span class='ocrx_word' id='word_1_301' title='bbox 460 4331 585 4395; x_wconf 87' lang='lat' dir='ltr'>Contra</span> <span class='ocrx_word' id='word_1_302' title='bbox 601 4331 815 4394; x_wconf 71' lang='lat' dir='ltr'>Liberalr&#39;srni</span> <span class='ocrx_word' id='word_1_303' title='bbox 840 4331 994 4409; x_wconf 88' lang='lat' dir='ltr'>lautores,</span> <span class='ocrx_word' id='word_1_304' title='bbox 1020 4334 1076 4416; x_wconf 90' lang='lat' dir='ltr'>qui</span> <span class='ocrx_word' id='word_1_305' title='bbox 1102 4331 1238 4396; x_wconf 89' lang='lat' dir='ltr'>herilem</span> <span class='ocrx_word' id='word_1_306' title='bbox 1264 4339 1366 4412; x_wconf 88' lang='lat' dir='ltr'>atque</span> <span class='ocrx_word' id='word_1_307' title='bbox 1391 4327 1516 4392; x_wconf 87' lang='lat' dir='ltr'>infinite</span> 
     </span>
     <span class='ocr_line' id='line_1_40' title="bbox 416 4431 1514 4520; baseline -0.003 -22"><span class='ocrx_word' id='word_1_308' title='bbox 416 4447 589 4518; x_wconf 89' lang='lat' dir='ltr'>potentem</span> <span class='ocrx_word' id='word_1_309' title='bbox 615 4437 741 4499; x_wconf 83' lang='lat' dir='ltr'>iaciunt</span> <span class='ocrx_word' id='word_1_310' title='bbox 769 4437 1001 4520; x_wconf 86' lang='lat' dir='ltr'>principatum,</span> <span class='ocrx_word' id='word_1_311' title='bbox 1024 4439 1195 4519; x_wconf 91' lang='lat' dir='ltr'>vitamque</span> <span class='ocrx_word' id='word_1_312' title='bbox 1223 4435 1314 4498; x_wconf 90' lang='lat' dir='ltr'>nullo</span> <span class='ocrx_word' id='word_1_313' title='bbox 1339 4435 1381 4498; x_wconf 88' lang='lat' dir='ltr'>ad</span> <span class='ocrx_word' id='word_1_314' title='bbox 1408 4431 1514 4496; x_wconf 89' lang='lat' dir='ltr'>Deum</span> 
     </span>
    </p>
   </div>
   <div class='ocr_carea' id='block_1_18' title="bbox 0 0 1679 4868">
    <p class='ocr_par' dir='ltr' id='par_1_19' title="bbox 0 0 1679 4868">
     <span class='ocr_line' id='line_1_41' title="bbox 0 0 1679 4868; baseline 0 0"><span class='ocrx_word' id='word_1_315' title='bbox 0 0 1679 4868; x_wconf 95' lang='lat' dir='ltr'> </span> 
     </span>
    </p>
   </div>
  </div>
 </body>
</html>
