3172 4874
258 395 309 444 DE
329 393 519 448 LAUDIBUS
537 393 721 447 LUDOVICl
739 391 1008 446 WINDTHORST.
1120 392 1162 463 17
1169 389 1189 462 3

79 574 181 659 primi
197 572 326 637 ordinis
342 570 458 638 Sancti
474 568 626 654 Gregorii
642 569 760 654 Magni
776 568 964 652 insignibus
980 568 1051 634 eius
1064 587 1191 634 ornare.
1218 569 1258 638 ”is
1268 568 1367 638 amplaq-

81 682 184 767 Quod
211 683 239 745 si
264 687 372 745 morte
397 687 593 764 praereptus
623 651 690 744 hoc
716 677 839 744 amoris
867 685 902 742 et
929 677 1191 744 existimationis
1217 636 1369 734 impasti?

80 787 230 851 Nostrae
246 782 441 848 testimonio
466 781 529 847 frui
556 800 624 847 non
639 782 760 865 potuit,
774 789 867 846 certa
882 799 959 864 spes
975 780 1050 846 Nos
1065 780 1192 846 solatur

79 900 117 955 et
132 896 268 964 recreat,
282 905 369 969 quae
384 883 479 950 illum
495 883 605 951 Nobis
619 884 768 951 ostendit
795 882 1017 969 amplioribus
1033 883 1192 968 praemiis

80 1016 105 1059 a
128 992 205 1057 Deo
235 998 403 1069 umatum,
428 1008 570 1073 eamque
596 990 757 1073 adeptum
785 988 1097 1054 incommutabilem
1119 988 1192 1071 glo·

80 1096 177 1173 riam,
192 1113 259 1178 qua
283 1093 376 1158 nulla
399 1093 558 1159 illustrior
584 1113 623 1158 ac
647 1091 777 1159 beatior
801 1100 852 1158 est
878 1091 1071 1158 hominibus
1087 1111 1191 1176 expe·

81 1197 195 1264 tenda.

126 1302 200 1368 Vos
215 1302 359 1376 interim.
370 1299 485 1366 dilecti
500 1298 568 1378 filii,
577 1300 710 1366 virtutis
726 1320 891 1367 memores
907 1311 941 1366 et
956 1299 1189 1383 exemplorum
1280 1350 1369 1410 Spem,

80 1407 170 1474 tanti
186 1405 289 1483 ducis,
304 1403 442 1469 firmiter
463 1403 605 1488 vestigia
621 1405 692 1470 eius
707 1406 860 1484 insistite,
875 1414 1003 1471 arctam
1028 1405 1115 1469 inter
1129 1424 1189 1469 vos
1216 1409 1365 1454 ramnus.

82 1509 226 1573 retinete
241 1507 466 1586 concordiam,
485 1527 587 1592 quam
612 1508 733 1592 ipsein
760 1527 802 1573 eo
825 1508 879 1572 cui
895 1505 1041 1592 praefuit
1054 1508 1190 1591 agmine
1215 1482 1260 1574 {1⁰5¹
1286 1469 1369 1576 dm}

83 1612 212 1677 naviter
236 1613 453 1696 studioseque
477 1612 630 1691 servavit,
656 1632 695 1678 ac
719 1621 847 1677 certum
872 1612 995 1677 habete
1019 1611 1109 1696 quod
1135 1609 1192 1675 ille
1217 1603 1367 1694 ζῗξζξξά,

83 1735 216 1801 semper
230 1716 346 1781 animo
360 1715 512 1782 defixum
527 1716 656 1796 babuit,
671 1716 885 1802 prosperitati
908 1725 942 1782 et
957 1715 1085 1799 gloriae
1099 1733 1191 1781 oom-
1218 1707 1368 1812 ”5'2‘2'72‘22

84 1820 194 1884 munis
221 1821 351 1902 patriae
381 1839 422 1885 eo
447 1821 631 1887 consultius
656 1843 677 1886 a
700 1821 796 1886 vobis
817 1830 1032 1904 prospectum
1059 1819 1108 1898 iri,
1123 1839 1191 1903 quo
1217 1773 1346 1876 {laturos-

83 1923 267 2005 impensius
293 1943 353 1989 vos
377 1923 596 2007 praebueritis
617 1923 734 1990 fideles
749 1925 826 1990 Deo
842 1934 876 1989 et
903 1923 1076 1990 Ecclesiae
1091 1924 1192 1988 matri

83 2025 314 2110 obsequentes
330 2063 374 2078 --
389 2025 447 2094 Sic
470 2047 530 2094 vos
556 2028 732 2114 sociosque
759 2039 887 2094 vestros
910 2028 1075 2112 propitius
1097 2027 1191 2093 Deus

82 2135 218 2191 tueatur
232 2147 271 2192 ac
299 2127 451 2212 sospitet,
464 2129 603 2212 eiusque
627 2127 749 2193 favoris
775 2146 907 2211 auspex
931 2127 975 2192 sit
991 2126 1192 2212 Apostolica

84 2227 284 2310 benedictio,
308 2249 411 2316 quam
426 2232 523 2297 vobis
548 2231 690 2316 singulis
717 2231 879 2297 universis
901 2240 1114 2315 peramanter
1130 2232 1191 2297 im·

83 2333 254 2414 pertimus

127 2429 256 2496 Datum
274 2431 406 2498 Romae
420 2435 510 2517 apud
528 2434 562 2501 S.
579 2435 714 2501 Petrum
730 2435 786 2499 die
805 2452 844 2514 19
860 2433 975 2500 Martii
995 2435 1088 2514 1891,
1104 2434 1192 2498 Pon·

81 2531 228 2599 tificatus
244 2535 360 2600 Nostri
376 2555 467 2603 anno
482 2537 614 2603 decimo
628 2547 758 2622 quarto.

794 2680 889 2748 LEO
915 2679 978 2746 PP.
1000 2679 1103 2746 Xlll.
