3336 4870
411 383 484 452 260
662 400 877 452 stuocumo
906 389 926 416 ·‘
944 400 1050 465 Quon
1078 399 1206 452 nuens
1225 435 1244 464 ,‚

408 590 475 652 rios
490 607 618 653 errores
633 589 808 672 ipsamque
820 588 984 652 haeresim
1002 589 1230 654 monumentis
1245 588 1383 672 impune
1398 607 1512 654 conse·

409 690 585 757 crariHuc
595 689 667 754 Nos
677 700 811 755 traxere
821 701 1022 774 temperent
1030 691 1302 756 abominationem
1310 691 1514 756 desolarnmt

408 795 596 862 videremus
612 795 647 860 in
662 795 858 862 locosancto.

237 973 242 984 .
269 913 383 984 harnyes
452 899 493 966 In
506 909 602 964 tanta
615 899 818 982 indignitate
834 917 953 980 rernm,
965 900 1127 982 quoniam
1138 899 1344 978 christianae
1359 900 1514 984 reipubli-

230 973 285 1078 Za.
297 989 381 1078 ,ij
407 1021 467 1067 cae
482 1001 631 1085 regimen
653 1021 729 1066 cum
745 1001 899 1067 custodia
922 1001 1094 1086 tutelaque
1110 1001 1282 1085 religionis
1297 1003 1514 1067 commissum

229 1092 380 1211 mm}
407 1107 515 1206 Nqbis
530 1118 591 1186 est,
606 1118 779 1182 testamur,
798 1107 963 1174 offensam
980 1109 1185 1174 contumelia
1201 1110 1341 1188 Urbem,
1356 1111 1514 1177 sanctita·

226 1210 349 1316 mg·
404 1221 541 1296 temque
557 1211 636 1278 fidei
652 1213 855 1278 christianae
871 1213 1094 1295 ignominiose
1105 1213 1515 1298 violatammniversoque

403 1315 475 1380 orbi
491 1315 661 1380 catholico
677 1314 875 1398 sacrilegum
888 1313 1027 1393 lacinus,
1042 1315 1214 1398 querendo
1227 1315 1515 1400 indignandoque,

401 1419 657 1484 denunciamus

217 1527 377 1645 suffigi
444 1519 692 1586 Verumtamen
709 1520 804 1586 utilia
828 1522 1032 1586 documenta
1047 1521 1098 1586 las
1122 1530 1173 1586 est
1189 1543 1234 1586 ex
1249 1523 1369 1588 iniuria
1384 1543 1514 1606 capere.

223 1649 375 1766 efflasse.-
400 1663 444 1676 -
461 1625 554 1690 Hinc
581 1625 670 1690 enirn
700 1625 808 1708 magis
833 1625 1008 1708 magisque
1034 1636 1185 1709 apparet,
1211 1647 1291 1692 num
1317 1627 1515 1711 quieverint,

221 1779 367 1812 ,mom
400 1749 516 1793 everso
531 1729 721 1812 principatu
737 1727 835 1806 civili,
850 1727 989 1793 hostiles
1001 1731 1113 1806 animi,
1125 1751 1168 1794 an
1184 1731 1275 1796 aliud
1288 1741 1455 1814 expetant
1477 1745 1513 1795 ut

222 1825 324 1878 ''¹0¹⁸''h'
398 1841 600 1911 extremum,
616 1831 744 1896 scilicet
759 1831 867 1914 ipsam
893 1851 1037 1914 aequare
1063 1831 1137 1896 solo
1160 1853 1288 1898 sacram
1309 1833 1510 1898 Pontificum

397 1938 646 2014 auctoritatem,
676 1935 844 2030 fidemque
874 1936 1091 2002 christianam
1118 1957 1164 2002 ex
1190 1939 1294 2022 stirpe
1318 1938 1440 2004 delere.
1469 1977 1512 1988 —

225 2060 364 2120 honustum
399 2039 559 2106 Similiter
571 2041 709 2118 eminet,
727 2060 807 2106 num
826 2040 898 2105 Nos
914 2041 948 2104 in
965 2042 1155 2124 repetendis
1170 2041 1392 2125 Apostolicae
1409 2040 1510 2108 Sedis

211 2121 278 2224 {¹2⁷2
304 2119 371 2224 apg.
396 2144 521 2210 iuribus
541 2145 689 2210 humana
717 2145 828 2228 aliqua
853 2165 898 2222 re,
922 2165 965 2208 an
991 2147 1103 2228 potius
1128 2146 1282 2211 libertate
1312 2145 1506 2229 Apostolici

226 2253 360 2343 1:¹52,ssss
396 2250 550 2327 muneris,
574 2250 741 2333 dignitate
764 2248 944 2326 Pontificis,
966 2259 1067 2331 atque
1092 2250 1164 2333 ipsa
1186 2270 1295 2314 rerum
1317 2249 1506 2315 italicarum

217 2372 272 2462 ἷζε
281 2357 369 2444 βείω·
393 2373 553 2437 germana
569 2353 792 2438 prosperitate
817 2372 1019 2416 moveamur.
1035 2389 1076 2403 -
1103 2353 1258 2438 Denique
1281 2374 1326 2417 ex
1342 2354 1406 2418 hoc
1430 2353 1507 2438 ipso

208 2451 366 2536 salsa'ssuis-
394 2479 503 2523 rerum
533 2467 655 2522 eventu
688 2457 827 2520 nimium
857 2476 955 2519 nosse
979 2455 1066 2534 licet,
1096 2457 1176 2541 quid
1207 2457 1342 2521 valeant
1371 2467 1406 2520 ct
1436 2477 1506 2542 quo

216 2549 368 2654 {egam
394 2562 575 2626 ceciderint
590 2571 660 2626 tarn
687 2560 793 2624 multa
817 2569 851 2624 et
874 2560 996 2643 ampla,
1019 2579 1106 2643 quae
1127 2560 1223 2624 initio
1244 2562 1442 2642 promittere
1466 2581 1505 2626 ac

210 2655 282 2772 {222⁸
312 2655 370 2772 ⁰9?ss
395 2665 560 2747 spondere
585 2684 652 2728 non
674 2664 920 2729 dubitaverant.
937 2663 1110 2746 Obsequia
1131 2665 1301 2728 enimvero
1327 2665 1507 2748 omnisque

219 2772 355 2825 asininam,-
397 2768 618 2833 venerationis
634 2767 752 2845 officia,
768 2767 890 2850 quibus
915 2787 1092 2831 romanum
1110 2767 1307 2832 Pontificem
1333 2767 1505 2833 honestari

396 2872 576 2936 liberaliter
595 2891 630 2934 se
647 2870 732 2935 velle
747 2871 893 2948 aiebant,
909 2871 1047 2934 iniuriae
1063 2871 1356 2954 contumeliaeque
1379 2872 1507 2954 gravis-

396 2979 501 3041 simae
535 2976 659 3039 sensim
691 2985 890 3039 consecutae
920 2984 1022 3053 sunt;
1053 2995 1194 3058 quarum
1234 2995 1322 3039 nunc
1355 2975 1508 3040 maxima

396 3089 498 3163 atque
514 3080 547 3143 in
564 3079 716 3143 omnium
732 3077 807 3142 luce
821 3088 857 3141 et
872 3088 1055 3160 conspectu
1072 3099 1237 3156 mansura,
1254 3079 1376 3161 impuri
1396 3081 1506 3160 perdi·

259 3215 367 3266 Romam.
397 3186 489 3268 tique
504 3183 650 3249 hominis
667 3193 934 3246 monumentum.
949 3219 993 3230 -
1022 3181 1120 3245 Hanc
1137 3183 1217 3246 item
1245 3182 1385 3259 Urbem,
1400 3201 1505 3263 quam

240 3280 357 3320 “mm''
398 3287 467 3352 sore
479 3307 611 3370 semper
625 3295 659 3351 et
675 3287 856 3369 gloriosam
873 3295 909 3350 et
924 3295 1033 3350 tutam
1051 3287 1180 3350 romani
1197 3284 1369 3350 Pontificis
1391 3287 1506 3350 sedem

221 3339 303 3386 mente,
334 3349 371 3378 ca·

215 3393 372 3499 ffjisiffi·
398 3391 620 3469 affirmabant,
635 3399 736 3473 caput
752 3409 824 3454 esse
841 3409 948 3454 novae
970 3388 1152 3472 impietatis
1168 3390 1295 3468 volunt,
1311 3389 1368 3466 ubi
1385 3389 1507 3454 rationi

220 3513 288 3559 nari.
397 3496 575 3572 humanae,
590 3493 681 3557 velut
697 3494 730 3556 in
747 3494 861 3557 divino
878 3492 1013 3575 fastigio
1029 3493 1167 3574 positae,
1182 3491 1292 3556 cultus
1308 3493 1508 3557 adhibeatur

399 3601 563 3665 absurdus
575 3608 611 3662 et
626 3617 763 3680 procax.

443 3705 563 3787 Itaque
578 3711 732 3784 reputate
748 3701 838 3783 apud
854 3719 923 3777 vos,
947 3699 1164 3764 Venerabiles
1182 3697 1326 3778 Fratres,
1340 3719 1505 3783 quaenam

400 3804 508 3869 Nobis
523 3803 555 3865 in
573 3821 707 3864 summo
722 3799 894 3882 iungendo
916 3819 1052 3864 munere
1067 3799 1278 3882 Apostolico,
1294 3801 1346 3864 vel
1356 3809 1359 3822 '
1370 3799 1507 3864 libertas

240 3921 372 3968 Pacarium
399 3909 450 3972 vel
466 3908 614 3989 dignitas
639 3905 755 3967 relicta
778 3905 830 3968 sit.
845 3941 889 3952 -
904 3902 939 3967 A
967 3912 1059 3967 metu
1076 3913 1110 3967 et
1130 3902 1279 3985 periculo
1305 3923 1347 3966 ne
1363 3923 1505 3986 persona

220 3983 283 4039 quid
304 3982 373 4026 libcr-
447 4013 454 4029 .
1015 4009 1022 4022 .
1186 4007 1195 4021 .

220 4040 373 4086 ,ausvaga
398 4012 535 4096 qurdem
562 4007 658 4071 abest
674 4007 818 4071 Nostra:
846 4026 946 4072 nemo
969 4028 1058 4071 emm
1079 4026 1164 4072 unus
1184 4016 1329 4088 ignorat,
1343 4027 1502 4090 quorsum

239 4099 354 4212 §.xm
398 4115 590 4197 conspirent
613 4110 736 4193 quidve
766 4119 885 4192 petant
909 4109 1062 4173 homines
1088 4111 1311 4194 pessimarum
1337 4111 1504 4194 partium,

242 4219 352 4264 relictum
399 4236 459 4280 nec
486 4211 662 4295 quisquam
693 4219 744 4274 est
774 4211 854 4292 quin
880 4211 1002 4288 videat,
1028 4229 1086 4274 eos
1116 4211 1216 4292 ipsos,
1247 4211 1402 4276 secundis
1427 4227 1505 4272 usos

276 4283 314 4321 ἀ’
398 4313 616 4398 temporibus,
635 4322 670 4376 et
689 4332 830 4377 numero
845 4313 878 4375 in
895 4311 967 4378 dies
981 4323 1016 4377 et
1031 4314 1242 4396 impudentia
1263 4314 1370 4397 magis
1386 4312 1504 4384 valere,

328 4491 333 4502 ,
399 4423 637 4498 decretumque
652 4416 773 4479 habere
789 4435 856 4480 non
870 4425 949 4480 ante
960 4417 1139 4500 quiescere,
1148 4437 1250 4500 quam
1260 4423 1317 4482 'res
1332 4417 1376 4482 ad
1392 4423 1502 4479 extre-
