<?xml version="1.0" encoding="UTF-8"?>
<!DOCTYPE html PUBLIC "-//W3C//DTD XHTML 1.0 Transitional//EN"
    "http://www.w3.org/TR/xhtml1/DTD/xhtml1-transitional.dtd">
<html xmlns="http://www.w3.org/1999/xhtml" xml:lang="en" lang="en">
 <head>
  <title>
</title>
<meta http-equiv="Content-Type" content="text/html;charset=utf-8" />
  <meta name='ocr-system' content='tesseract 3.04.00' />
  <meta name='ocr-capabilities' content='ocr_page ocr_carea ocr_par ocr_line ocrx_word'/>
</head>
<body>
  <div class='ocr_page' id='page_1' title='image "./sanctissimidomi03xiiigoog_0151.png"; bbox 0 0 3310 4868; ppageno 0'>
   <div class='ocr_carea' id='block_1_1' title="bbox 355 627 1383 769">
    <p class='ocr_par' dir='ltr' id='par_1_1' title="bbox 355 627 1423 769">
     <span class='ocr_line' id='line_1_1' title="bbox 355 627 1383 769; baseline -0.006 -36"><span class='ocrx_word' id='word_1_1' title='bbox 355 627 384 769; x_wconf 41' lang='grc' dir='ltr'>ἐξ</span> <span class='ocrx_word' id='word_1_2' title='bbox 417 674 483 734; x_wconf 79' lang='lat' dir='ltr'>ns</span> <span class='ocrx_word' id='word_1_3' title='bbox 496 675 741 737; x_wconf 76' lang='lat' dir='ltr'>Ameuom</span> <span class='ocrx_word' id='word_1_4' title='bbox 758 673 915 734; x_wconf 75' lang='lat' dir='ltr'>cuuru</span> <span class='ocrx_word' id='word_1_5' title='bbox 934 671 1201 733; x_wconf 76' lang='lat' dir='ltr'>uruaorco</span> <span class='ocrx_word' id='word_1_6' title='bbox 1219 671 1258 730; x_wconf 79' lang='grc' dir='ltr'>Β.</span> <span class='ocrx_word' id='word_1_7' title='bbox 1277 670 1327 728; x_wconf 84' lang='grc' dir='ltr'>Μ.</span> <span class='ocrx_word' id='word_1_8' title='bbox 1341 669 1383 728; x_wconf 92' lang='lat' dir='ltr'>v.</span> 
     </span>
    </p>
   </div>
   <div class='ocr_carea' id='block_1_2' title="bbox 356 776 1449 934">
    <p class='ocr_par' dir='ltr' id='par_1_2' title="bbox 356 776 1449 934">
     <span class='ocr_line' id='line_1_2' title="bbox 356 776 1449 934; baseline -0.008 0"><span class='ocrx_word' id='word_1_9' title='bbox 356 776 1449 934; x_wconf 68' lang='lat'>·1÷—÷2</span> 
     </span>
    </p>
   </div>
   <div class='ocr_carea' id='block_1_3' title="bbox 352 979 1239 1052">
    <p class='ocr_par' dir='ltr' id='par_1_3' title="bbox 352 979 1239 1052">
     <span class='ocr_line' id='line_1_3' title="bbox 352 979 1239 1032; baseline -0.005 4"><span class='ocrx_word' id='word_1_10' title='bbox 352 1002 363 1023; x_wconf 44' lang='grc' dir='ltr'><strong>υ</strong></span> <span class='ocrx_word' id='word_1_11' title='bbox 399 992 442 1011; x_wconf 87' lang='lat'>··</span> <span class='ocrx_word' id='word_1_12' title='bbox 471 994 480 1010; x_wconf 33' lang='lat'>¹·</span> <span class='ocrx_word' id='word_1_13' title='bbox 512 992 528 1011; x_wconf 53' lang='lat' dir='ltr'><em>v</em></span> <span class='ocrx_word' id='word_1_14' title='bbox 549 994 565 1011; x_wconf 47' lang='grc' dir='ltr'>ι’</span> <span class='ocrx_word' id='word_1_15' title='bbox 626 992 641 1009; x_wconf 60' lang='grc'>·’</span> <span class='ocrx_word' id='word_1_16' title='bbox 1069 990 1083 1007; x_wconf 48' lang='lat' dir='ltr'><em>v</em></span> <span class='ocrx_word' id='word_1_17' title='bbox 1106 979 1239 1032; x_wconf 60' lang='lat' dir='ltr'>»aare</span> 
     </span>
     <span class='ocr_line' id='line_1_4' title="bbox 409 1041 414 1052; baseline 0 0"><span class='ocrx_word' id='word_1_18' title='bbox 409 1041 414 1052; x_wconf 72' lang='lat'><em>1</em></span> 
     </span>
    </p>
   </div>
   <div class='ocr_carea' id='block_1_4' title="bbox 269 1095 1452 1474">
    <p class='ocr_par' dir='ltr' id='par_1_4' title="bbox 269 1095 1452 1474">
     <span class='ocr_line' id='line_1_5' title="bbox 535 1095 1452 1182; baseline -0.002 -18"><span class='ocrx_word' id='word_1_19' title='bbox 535 1097 773 1165; x_wconf 88' lang='lat' dir='ltr'>IUTURNIS</span> <span class='ocrx_word' id='word_1_20' title='bbox 785 1097 955 1162; x_wconf 86' lang='lat' dir='ltr'>Ecclesiae</span> <span class='ocrx_word' id='word_1_21' title='bbox 965 1095 1252 1160; x_wconf 89' lang='lat' dir='ltr'>acerbitatibusac</span> <span class='ocrx_word' id='word_1_22' title='bbox 1262 1105 1452 1182; x_wconf 84' lang='lat' dir='ltr'>temporum</span> 
     </span>
     <span class='ocr_line' id='line_1_6' title="bbox 269 1197 1452 1286; baseline -0.003 -18"><span class='ocrx_word' id='word_1_23' title='bbox 269 1269 275 1282; x_wconf 76' lang='grc'><strong>,</strong></span> <span class='ocrx_word' id='word_1_24' title='bbox 554 1202 706 1286; x_wconf 85' lang='lat' dir='ltr'>quotidie</span> <span class='ocrx_word' id='word_1_25' title='bbox 752 1201 977 1265; x_wconf 85' lang='lat' dir='ltr'>invalescente</span> <span class='ocrx_word' id='word_1_26' title='bbox 1022 1197 1220 1265; x_wconf 86' lang='lat' dir='ltr'>difficultate</span> <span class='ocrx_word' id='word_1_27' title='bbox 1262 1209 1452 1266; x_wconf 88' lang='lat' dir='ltr'>commotus</span> 
     </span>
     <span class='ocr_line' id='line_1_7' title="bbox 343 1097 1451 1474; baseline -0.001 -103"><span class='ocrx_word' id='word_1_28' title='bbox 343 1097 532 1474; x_wconf 46' lang='grc' dir='ltr'>ΕΞ</span> <span class='ocrx_word' id='word_1_29' title='bbox 554 1305 794 1371; x_wconf 87' lang='lat' dir='ltr'>Sanctissimus</span> <span class='ocrx_word' id='word_1_30' title='bbox 822 1305 990 1369; x_wconf 77' lang='lat' dir='ltr'>Dominus</span> <span class='ocrx_word' id='word_1_31' title='bbox 1006 1305 1131 1368; x_wconf 86' lang='lat' dir='ltr'>Noster</span> <span class='ocrx_word' id='word_1_32' title='bbox 1157 1305 1227 1368; x_wconf 87' lang='lat' dir='ltr'>Leo</span> <span class='ocrx_word' id='word_1_33' title='bbox 1250 1304 1344 1388; x_wconf 91' lang='lat' dir='ltr'>Papa</span> <span class='ocrx_word' id='word_1_34' title='bbox 1360 1305 1451 1370; x_wconf 88' lang='lat' dir='ltr'>XIII</span> 
     </span>
    </p>
   </div>
   <div class='ocr_carea' id='block_1_5' title="bbox 162 1407 1457 2112">
    <p class='ocr_par' dir='ltr' id='par_1_5' title="bbox 552 1407 1453 1492">
     <span class='ocr_line' id='line_1_8' title="bbox 552 1407 1453 1492; baseline 0 -20"><span class='ocrx_word' id='word_1_35' title='bbox 552 1421 690 1474; x_wconf 87' lang='lat' dir='ltr'>cunctos</span> <span class='ocrx_word' id='word_1_36' title='bbox 706 1431 726 1474; x_wconf 89' lang='lat' dir='ltr'>a</span> <span class='ocrx_word' id='word_1_37' title='bbox 742 1411 793 1474; x_wconf 92' lang='lat' dir='ltr'>sui</span> <span class='ocrx_word' id='word_1_38' title='bbox 810 1407 1030 1473; x_wconf 88' lang='lat' dir='ltr'>Pontificatus</span> <span class='ocrx_word' id='word_1_39' title='bbox 1054 1409 1203 1472; x_wconf 87' lang='lat' dir='ltr'>exordiis</span> <span class='ocrx_word' id='word_1_40' title='bbox 1229 1408 1354 1492; x_wconf 90' lang='lat' dir='ltr'>ubique</span> <span class='ocrx_word' id='word_1_41' title='bbox 1369 1408 1453 1472; x_wconf 90' lang='lat' dir='ltr'>chri·</span> 
     </span>
    </p>

    <p class='ocr_par' dir='ltr' id='par_1_6' title="bbox 162 1491 1457 1909">
     <span class='ocr_line' id='line_1_9' title="bbox 163 1491 1452 1600; baseline -0.002 -22"><span class='ocrx_word' id='word_1_42' title='bbox 163 1491 317 1600; x_wconf 47' lang='grc' dir='ltr'>,βξξξιᾝ</span> <span class='ocrx_word' id='word_1_43' title='bbox 343 1517 471 1579; x_wconf 85' lang='lat' dir='ltr'>stlanos</span> <span class='ocrx_word' id='word_1_44' title='bbox 496 1516 646 1578; x_wconf 88' lang='lat' dir='ltr'>excitare</span> <span class='ocrx_word' id='word_1_45' title='bbox 672 1532 740 1577; x_wconf 93' lang='lat' dir='ltr'>non</span> <span class='ocrx_word' id='word_1_46' title='bbox 766 1513 897 1578; x_wconf 84' lang='lat' dir='ltr'>destitit</span> <span class='ocrx_word' id='word_1_47' title='bbox 921 1513 963 1576; x_wconf 92' lang='lat' dir='ltr'>ad</span> <span class='ocrx_word' id='word_1_48' title='bbox 982 1512 1166 1594; x_wconf 90' lang='lat' dir='ltr'>Deiparam</span> <span class='ocrx_word' id='word_1_49' title='bbox 1182 1511 1360 1595; x_wconf 87' lang='lat' dir='ltr'>Virginem</span> <span class='ocrx_word' id='word_1_50' title='bbox 1377 1511 1452 1576; x_wconf 89' lang='lat' dir='ltr'>Ma·</span> 
     </span>
     <span class='ocr_line' id='line_1_10' title="bbox 162 1611 1455 1728; baseline 0 -48"><span class='ocrx_word' id='word_1_51' title='bbox 162 1611 319 1728; x_wconf 48' lang='grc' dir='ltr'>ῑὲᾙῇἷέὲ</span> <span class='ocrx_word' id='word_1_52' title='bbox 343 1619 426 1681; x_wconf 88' lang='lat' dir='ltr'>riam</span> <span class='ocrx_word' id='word_1_53' title='bbox 442 1617 526 1681; x_wconf 89' lang='lat' dir='ltr'>sacri</span> <span class='ocrx_word' id='word_1_54' title='bbox 544 1617 675 1681; x_wconf 86' lang='lat' dir='ltr'>Rosarii</span> <span class='ocrx_word' id='word_1_55' title='bbox 699 1619 763 1682; x_wconf 91' lang='lat' dir='ltr'>ritu</span> <span class='ocrx_word' id='word_1_56' title='bbox 779 1617 956 1681; x_wconf 90' lang='lat' dir='ltr'>colendam</span> <span class='ocrx_word' id='word_1_57' title='bbox 973 1626 1076 1699; x_wconf 89' lang='lat' dir='ltr'>atque</span> <span class='ocrx_word' id='word_1_58' title='bbox 1091 1616 1348 1699; x_wconf 86' lang='lat' dir='ltr'>implorandam.</span> <span class='ocrx_word' id='word_1_59' title='bbox 1362 1617 1455 1681; x_wconf 90' lang='lat' dir='ltr'>Inter</span> 
     </span>
     <span class='ocr_line' id='line_1_11' title="bbox 162 1720 1453 1803; baseline 0.005 -26"><span class='ocrx_word' id='word_1_60' title='bbox 162 1729 190 1777; x_wconf 79' lang='lat' dir='ltr'>a</span> <span class='ocrx_word' id='word_1_61' title='bbox 204 1730 312 1778; x_wconf 72' lang='lat' dir='ltr'>Roseae.</span> <span class='ocrx_word' id='word_1_62' title='bbox 342 1732 461 1799; x_wconf 90' lang='lat' dir='ltr'>cetera,</span> <span class='ocrx_word' id='word_1_63' title='bbox 477 1740 563 1803; x_wconf 91' lang='lat' dir='ltr'>quae</span> <span class='ocrx_word' id='word_1_64' title='bbox 579 1720 748 1803; x_wconf 85' lang='lat' dir='ltr'>praeclare</span> <span class='ocrx_word' id='word_1_65' title='bbox 762 1720 898 1785; x_wconf 84' lang='lat' dir='ltr'>edocuit</span> <span class='ocrx_word' id='word_1_66' title='bbox 912 1720 947 1784; x_wconf 92' lang='lat' dir='ltr'>in</span> <span class='ocrx_word' id='word_1_67' title='bbox 964 1740 1024 1784; x_wconf 87' lang='lat' dir='ltr'>sua</span> <span class='ocrx_word' id='word_1_68' title='bbox 1040 1721 1149 1802; x_wconf 90' lang='lat' dir='ltr'>prima</span> <span class='ocrx_word' id='word_1_69' title='bbox 1164 1721 1207 1784; x_wconf 91' lang='lat' dir='ltr'>de</span> <span class='ocrx_word' id='word_1_70' title='bbox 1223 1721 1368 1785; x_wconf 86' lang='lat' dir='ltr'>Rosario</span> <span class='ocrx_word' id='word_1_71' title='bbox 1385 1721 1453 1784; x_wconf 89' lang='lat' dir='ltr'>En-</span> 
     </span>
     <span class='ocr_line' id='line_1_12' title="bbox 342 1819 1457 1909; baseline 0.004 -25"><span class='ocrx_word' id='word_1_72' title='bbox 342 1821 468 1904; x_wconf 89' lang='lat' dir='ltr'>cyclica</span> <span class='ocrx_word' id='word_1_73' title='bbox 494 1820 526 1903; x_wconf 87' lang='lat'>(1</span> <span class='ocrx_word' id='word_1_74' title='bbox 555 1819 743 1903; x_wconf 88' lang='lat' dir='ltr'>Septembr.</span> <span class='ocrx_word' id='word_1_75' title='bbox 775 1824 881 1909; x_wconf 85' lang='lat'>1883),</span> <span class='ocrx_word' id='word_1_76' title='bbox 905 1825 953 1889; x_wconf 89' lang='lat' dir='ltr'>ait</span> <span class='ocrx_word' id='word_1_77' title='bbox 968 1850 975 1889; x_wconf 95' lang='lat'><strong>:</strong></span> <span class='ocrx_word' id='word_1_78' title='bbox 989 1825 1117 1889; x_wconf 85' lang='lat' dir='ltr'>Divini</span> <span class='ocrx_word' id='word_1_79' title='bbox 1139 1825 1310 1890; x_wconf 81' lang='lat' dir='ltr'>necessitas</span> <span class='ocrx_word' id='word_1_80' title='bbox 1332 1823 1457 1889; x_wconf 79' lang='lat' dir='ltr'>auxilii</span> 
     </span>
    </p>

    <p class='ocr_par' dir='ltr' id='par_1_7' title="bbox 339 1925 1455 2112">
     <span class='ocr_line' id='line_1_13' title="bbox 340 1925 1454 2014; baseline 0.001 -24"><span class='ocrx_word' id='word_1_81' title='bbox 340 1925 435 1990; x_wconf 85' lang='lat' dir='ltr'>leand</span> <span class='ocrx_word' id='word_1_82' title='bbox 444 1947 524 1990; x_wconf 86' lang='lat' dir='ltr'>sane</span> <span class='ocrx_word' id='word_1_83' title='bbox 549 1935 598 1990; x_wconf 90' lang='lat' dir='ltr'>est</span> <span class='ocrx_word' id='word_1_84' title='bbox 619 1925 712 1991; x_wconf 84' lang='lat' dir='ltr'>leodic</span> <span class='ocrx_word' id='word_1_85' title='bbox 736 1928 852 2008; x_wconf 86' lang='lat' dir='ltr'>minor,</span> <span class='ocrx_word' id='word_1_86' title='bbox 878 1951 979 2014; x_wconf 86' lang='lat' dir='ltr'>quam</span> <span class='ocrx_word' id='word_1_87' title='bbox 1004 1951 1077 1993; x_wconf 89' lang='lat' dir='ltr'>cum</span> <span class='ocrx_word' id='word_1_88' title='bbox 1094 1950 1235 2011; x_wconf 78' lang='lat' dir='ltr'>magnus</span> <span class='ocrx_word' id='word_1_89' title='bbox 1250 1927 1454 2004; x_wconf 85' lang='lat' dir='ltr'>Dominicus,</span> 
     </span>
     <span class='ocr_line' id='line_1_14' title="bbox 339 2025 1455 2112; baseline 0.004 -20"><span class='ocrx_word' id='word_1_90' title='bbox 339 2029 525 2112; x_wconf 83' lang='lat' dir='ltr'>adpublica</span> <span class='ocrx_word' id='word_1_91' title='bbox 539 2030 691 2094; x_wconf 87' lang='lat' dir='ltr'>sananda</span> <span class='ocrx_word' id='word_1_92' title='bbox 706 2031 853 2111; x_wconf 86' lang='lat' dir='ltr'>vulnera,</span> <span class='ocrx_word' id='word_1_93' title='bbox 868 2031 1032 2097; x_wconf 88' lang='lat' dir='ltr'>Marialis</span> <span class='ocrx_word' id='word_1_94' title='bbox 1046 2031 1188 2096; x_wconf 88' lang='lat' dir='ltr'>Rosarii</span> <span class='ocrx_word' id='word_1_95' title='bbox 1208 2025 1304 2095; x_wconf 77' lang='lat' dir='ltr'>iesum</span> <span class='ocrx_word' id='word_1_96' title='bbox 1320 2029 1455 2097; x_wconf 83' lang='lat' dir='ltr'>invexit.</span> 
     </span>
    </p>
   </div>
   <div class='ocr_carea' id='block_1_6' title="bbox 339 2133 1454 2216">
    <p class='ocr_par' dir='ltr' id='par_1_8' title="bbox 339 2133 1454 2216">
     <span class='ocr_line' id='line_1_15' title="bbox 339 2133 1454 2216; baseline 0.001 -20"><span class='ocrx_word' id='word_1_97' title='bbox 339 2133 401 2196; x_wconf 89' lang='lat' dir='ltr'>Ille</span> <span class='ocrx_word' id='word_1_98' title='bbox 416 2154 491 2196; x_wconf 87' lang='lat' dir='ltr'>vero</span> <span class='ocrx_word' id='word_1_99' title='bbox 505 2133 633 2198; x_wconf 89' lang='lat' dir='ltr'>caelesti</span> <span class='ocrx_word' id='word_1_100' title='bbox 637 2133 789 2216; x_wconf 77' lang='lat' dir='ltr'>pervidit</span> <span class='ocrx_word' id='word_1_101' title='bbox 801 2137 934 2214; x_wconf 88' lang='lat' dir='ltr'>lumine,</span> <span class='ocrx_word' id='word_1_102' title='bbox 948 2135 1068 2198; x_wconf 88' lang='lat' dir='ltr'>aetatis</span> <span class='ocrx_word' id='word_1_103' title='bbox 1076 2155 1155 2198; x_wconf 82' lang='lat' dir='ltr'>suae</span> <span class='ocrx_word' id='word_1_104' title='bbox 1165 2135 1264 2198; x_wconf 90' lang='lat' dir='ltr'>malis</span> <span class='ocrx_word' id='word_1_105' title='bbox 1275 2133 1454 2198; x_wconf 88' lang='lat' dir='ltr'>remedium</span> 
     </span>
    </p>
   </div>
   <div class='ocr_carea' id='block_1_7' title="bbox 153 2237 1458 4291">
    <p class='ocr_par' dir='ltr' id='par_1_9' title="bbox 340 2237 1455 2322">
     <span class='ocr_line' id='line_1_16' title="bbox 340 2237 1455 2322; baseline 0.005 -23"><span class='ocrx_word' id='word_1_106' title='bbox 340 2237 468 2300; x_wconf 89' lang='lat' dir='ltr'>nullum</span> <span class='ocrx_word' id='word_1_107' title='bbox 475 2237 683 2320; x_wconf 86' lang='lat' dir='ltr'>praesentires</span> <span class='ocrx_word' id='word_1_108' title='bbox 691 2239 863 2318; x_wconf 84' lang='lat' dir='ltr'>saturum,</span> <span class='ocrx_word' id='word_1_109' title='bbox 885 2261 985 2322; x_wconf 88' lang='lat' dir='ltr'>quam</span> <span class='ocrx_word' id='word_1_110' title='bbox 1000 2243 1033 2308; x_wconf 91' lang='lat' dir='ltr'>si</span> <span class='ocrx_word' id='word_1_111' title='bbox 1046 2243 1191 2308; x_wconf 81' lang='lat' dir='ltr'>homines</span> <span class='ocrx_word' id='word_1_112' title='bbox 1213 2242 1262 2308; x_wconf 90' lang='lat' dir='ltr'>ad</span> <span class='ocrx_word' id='word_1_113' title='bbox 1275 2242 1455 2320; x_wconf 80' lang='lat' dir='ltr'>Christum,</span> 
     </span>
    </p>

    <p class='ocr_par' dir='ltr' id='par_1_10' title="bbox 338 2339 1455 2431">
     <span class='ocr_line' id='line_1_17' title="bbox 338 2339 1455 2431; baseline 0.005 -28"><span class='ocrx_word' id='word_1_114' title='bbox 338 2341 399 2423; x_wconf 89' lang='lat' dir='ltr'>qui</span> <span class='ocrx_word' id='word_1_115' title='bbox 418 2341 484 2418; x_wconf 72' lang='lat' dir='ltr'>vra,</span> <span class='ocrx_word' id='word_1_116' title='bbox 508 2341 633 2404; x_wconf 84' lang='lat' dir='ltr'>veritas</span> <span class='ocrx_word' id='word_1_117' title='bbox 658 2351 690 2404; x_wconf 88' lang='lat' dir='ltr'>et</span> <span class='ocrx_word' id='word_1_118' title='bbox 707 2343 779 2407; x_wconf 83' lang='lat' dir='ltr'>aila</span> <span class='ocrx_word' id='word_1_119' title='bbox 804 2353 860 2421; x_wconf 89' lang='lat' dir='ltr'>est,</span> <span class='ocrx_word' id='word_1_120' title='bbox 884 2347 1006 2412; x_wconf 86' lang='lat' dir='ltr'>salutis</span> <span class='ocrx_word' id='word_1_121' title='bbox 1024 2360 1088 2431; x_wconf 78' lang='lat' dir='ltr'>per</span> <span class='ocrx_word' id='word_1_122' title='bbox 1110 2347 1199 2412; x_wconf 90' lang='lat' dir='ltr'>Eum</span> <span class='ocrx_word' id='word_1_123' title='bbox 1227 2347 1318 2412; x_wconf 86' lang='lat' dir='ltr'>nobis</span> <span class='ocrx_word' id='word_1_124' title='bbox 1333 2339 1455 2430; x_wconf 83' lang='lat' dir='ltr'>par&#39;tae</span> 
     </span>
    </p>

    <p class='ocr_par' dir='ltr' id='par_1_11' title="bbox 338 2445 1455 2533">
     <span class='ocr_line' id='line_1_18' title="bbox 338 2445 1455 2533; baseline 0.004 -25"><span class='ocrx_word' id='word_1_125' title='bbox 338 2445 449 2509; x_wconf 86' lang='lat' dir='ltr'>crebra</span> <span class='ocrx_word' id='word_1_126' title='bbox 463 2445 727 2510; x_wconf 78' lang='lat' dir='ltr'>commentatione</span> <span class='ocrx_word' id='word_1_127' title='bbox 742 2447 916 2513; x_wconf 86' lang='lat' dir='ltr'>rediissent</span> <span class='ocrx_word' id='word_1_128' title='bbox 925 2474 940 2527; x_wconf 93' lang='lat'>,·</span> <span class='ocrx_word' id='word_1_129' title='bbox 960 2458 994 2512; x_wconf 90' lang='lat' dir='ltr'>et</span> <span class='ocrx_word' id='word_1_130' title='bbox 1016 2449 1185 2533; x_wconf 76' lang='lat' dir='ltr'>Virginem</span> <span class='ocrx_word' id='word_1_131' title='bbox 1201 2450 1305 2524; x_wconf 89' lang='lat' dir='ltr'>illam,</span> <span class='ocrx_word' id='word_1_132' title='bbox 1321 2450 1378 2512; x_wconf 86' lang='lat' dir='ltr'>cui</span> <span class='ocrx_word' id='word_1_133' title='bbox 1395 2447 1455 2513; x_wconf 90' lang='lat' dir='ltr'>da·</span> 
     </span>
    </p>

    <p class='ocr_par' dir='ltr' id='par_1_12' title="bbox 338 2550 1455 2741">
     <span class='ocr_line' id='line_1_19' title="bbox 339 2550 1455 2637; baseline 0.004 -25"><span class='ocrx_word' id='word_1_134' title='bbox 339 2559 410 2614; x_wconf 89' lang='lat' dir='ltr'>tum</span> <span class='ocrx_word' id='word_1_135' title='bbox 424 2559 474 2612; x_wconf 88' lang='lat' dir='ltr'>est</span> <span class='ocrx_word' id='word_1_136' title='bbox 485 2560 617 2612; x_wconf 86' lang='lat' dir='ltr'>cunctas</span> <span class='ocrx_word' id='word_1_137' title='bbox 625 2550 770 2614; x_wconf 79' lang='lat' dir='ltr'>haereses</span> <span class='ocrx_word' id='word_1_138' title='bbox 782 2550 976 2631; x_wconf 81' lang='lat' dir='ltr'>interimere,</span> <span class='ocrx_word' id='word_1_139' title='bbox 989 2553 1233 2636; x_wconf 76' lang='lat' dir='ltr'>deprecatricem</span> <span class='ocrx_word' id='word_1_140' title='bbox 1248 2552 1341 2637; x_wconf 79' lang='lat' dir='ltr'>apud</span> <span class='ocrx_word' id='word_1_141' title='bbox 1346 2553 1455 2617; x_wconf 86' lang='lat' dir='ltr'>Deum</span> 
     </span>
     <span class='ocr_line' id='line_1_20' title="bbox 338 2652 1454 2741; baseline 0.004 -25"><span class='ocrx_word' id='word_1_142' title='bbox 338 2652 572 2718; x_wconf 70' lang='lat' dir='ltr'>adhibuissent.</span> <span class='ocrx_word' id='word_1_143' title='bbox 587 2653 712 2718; x_wconf 87' lang='lat' dir='ltr'>Idcirco</span> <span class='ocrx_word' id='word_1_144' title='bbox 731 2655 820 2718; x_wconf 88' lang='lat' dir='ltr'>sacri</span> <span class='ocrx_word' id='word_1_145' title='bbox 843 2653 985 2720; x_wconf 84' lang='lat' dir='ltr'>Rosarii</span> <span class='ocrx_word' id='word_1_146' title='bbox 988 2659 1177 2737; x_wconf 80' lang='lat' dir='ltr'>formulam</span> <span class='ocrx_word' id='word_1_147' title='bbox 1203 2659 1251 2722; x_wconf 88' lang='lat' dir='ltr'>ita</span> <span class='ocrx_word' id='word_1_148' title='bbox 1267 2657 1454 2741; x_wconf 83' lang='lat' dir='ltr'>composuit,</span> 
     </span>
    </p>

    <p class='ocr_par' dir='ltr' id='par_1_13' title="bbox 337 2758 1457 3046">
     <span class='ocr_line' id='line_1_21' title="bbox 339 2758 1457 2840; baseline 0.006 -21"><span class='ocrx_word' id='word_1_149' title='bbox 339 2767 376 2820; x_wconf 87' lang='lat' dir='ltr'>ut</span> <span class='ocrx_word' id='word_1_150' title='bbox 401 2767 432 2820; x_wconf 86' lang='lat' dir='ltr'>et</span> <span class='ocrx_word' id='word_1_151' title='bbox 450 2758 568 2821; x_wconf 87' lang='lat' dir='ltr'>salutis</span> <span class='ocrx_word' id='word_1_152' title='bbox 599 2769 727 2823; x_wconf 90' lang='lat' dir='ltr'>nostrae</span> <span class='ocrx_word' id='word_1_153' title='bbox 751 2761 907 2840; x_wconf 87' lang='lat' dir='ltr'>mysteria</span> <span class='ocrx_word' id='word_1_154' title='bbox 936 2762 1050 2825; x_wconf 83' lang='lat' dir='ltr'>ordine</span> <span class='ocrx_word' id='word_1_155' title='bbox 1083 2765 1305 2839; x_wconf 87' lang='lat' dir='ltr'>recolerentur,</span> <span class='ocrx_word' id='word_1_156' title='bbox 1327 2773 1359 2828; x_wconf 88' lang='lat' dir='ltr'>et</span> <span class='ocrx_word' id='word_1_157' title='bbox 1379 2761 1457 2828; x_wconf 82' lang='lat' dir='ltr'>ltue&#39;c</span> 
     </span>
     <span class='ocr_line' id='line_1_22' title="bbox 339 2859 1455 2950; baseline 0.006 -28"><span class='ocrx_word' id='word_1_158' title='bbox 339 2859 525 2924; x_wconf 86' lang='lat' dir='ltr'>meditandi</span> <span class='ocrx_word' id='word_1_159' title='bbox 547 2861 645 2944; x_wconf 61' lang='lat' dir='ltr'>affliccio</span> <span class='ocrx_word' id='word_1_160' title='bbox 676 2863 847 2943; x_wconf 87' lang='lat' dir='ltr'>mysticum</span> <span class='ocrx_word' id='word_1_161' title='bbox 875 2865 1092 2929; x_wconf 85' lang='lat' dir='ltr'>innecteretur</span> <span class='ocrx_word' id='word_1_162' title='bbox 1103 2876 1227 2930; x_wconf 87' lang='lat' dir='ltr'>sertum</span> <span class='ocrx_word' id='word_1_163' title='bbox 1253 2865 1455 2950; x_wconf 73' lang='lat' dir='ltr'>euangelica</span> 
     </span>
     <span class='ocr_line' id='line_1_23' title="bbox 337 2964 1453 3046; baseline 0.003 -18"><span class='ocrx_word' id='word_1_164' title='bbox 337 2964 534 3030; x_wconf 85' lang='lat' dir='ltr'>salutatione</span> <span class='ocrx_word' id='word_1_165' title='bbox 541 2976 731 3046; x_wconf 80' lang='lat' dir='ltr'>contactam,</span> <span class='ocrx_word' id='word_1_166' title='bbox 748 2967 915 3032; x_wconf 72' lang='lat' dir='ltr'>interiecta</span> <span class='ocrx_word' id='word_1_167' title='bbox 926 2967 1071 3032; x_wconf 88' lang='lat' dir='ltr'>oratione</span> <span class='ocrx_word' id='word_1_168' title='bbox 1084 2968 1134 3032; x_wconf 89' lang='lat' dir='ltr'>ad</span> <span class='ocrx_word' id='word_1_169' title='bbox 1145 2969 1254 3033; x_wconf 86' lang='lat' dir='ltr'>Deum</span> <span class='ocrx_word' id='word_1_170' title='bbox 1268 2979 1300 3034; x_wconf 89' lang='lat' dir='ltr'>et</span> <span class='ocrx_word' id='word_1_171' title='bbox 1313 2968 1453 3033; x_wconf 89' lang='lat' dir='ltr'>Patrem</span> 
     </span>
    </p>

    <p class='ocr_par' dir='ltr' id='par_1_14' title="bbox 339 3071 1452 3155">
     <span class='ocr_line' id='line_1_24' title="bbox 339 3071 1452 3155; baseline 0 -19"><span class='ocrx_word' id='word_1_172' title='bbox 339 3072 481 3136; x_wconf 86' lang='lat' dir='ltr'>Domini</span> <span class='ocrx_word' id='word_1_173' title='bbox 498 3073 620 3136; x_wconf 86' lang='lat' dir='ltr'>Nostri</span> <span class='ocrx_word' id='word_1_174' title='bbox 639 3073 713 3137; x_wconf 88' lang='lat' dir='ltr'>Iesu</span> <span class='ocrx_word' id='word_1_175' title='bbox 743 3073 875 3141; x_wconf 85' lang='lat' dir='ltr'>Cleristi.</span> <span class='ocrx_word' id='word_1_176' title='bbox 899 3073 972 3136; x_wconf 89' lang='lat' dir='ltr'>Nos</span> <span class='ocrx_word' id='word_1_177' title='bbox 987 3071 1094 3155; x_wconf 52' lang='lat' dir='ltr'>egitur</span> <span class='ocrx_word' id='word_1_178' title='bbox 1115 3094 1178 3136; x_wconf 90' lang='lat' dir='ltr'>non</span> <span class='ocrx_word' id='word_1_179' title='bbox 1200 3072 1351 3138; x_wconf 85' lang='lat' dir='ltr'>absimili</span> <span class='ocrx_word' id='word_1_180' title='bbox 1365 3072 1452 3136; x_wconf 84' lang='lat' dir='ltr'>malo</span> 
     </span>
    </p>

    <p class='ocr_par' dir='ltr' id='par_1_15' title="bbox 339 3175 1451 3259">
     <span class='ocr_line' id='line_1_25' title="bbox 339 3175 1451 3259; baseline -0.001 -20"><span class='ocrx_word' id='word_1_181' title='bbox 339 3176 425 3240; x_wconf 90' lang='lat' dir='ltr'>idem</span> <span class='ocrx_word' id='word_1_182' title='bbox 439 3186 629 3258; x_wconf 85' lang='lat' dir='ltr'>quaerentes</span> <span class='ocrx_word' id='word_1_183' title='bbox 651 3179 839 3255; x_wconf 84' lang='lat' dir='ltr'>remedium,</span> <span class='ocrx_word' id='word_1_184' title='bbox 855 3198 917 3240; x_wconf 89' lang='lat' dir='ltr'>non</span> <span class='ocrx_word' id='word_1_185' title='bbox 939 3175 1128 3240; x_wconf 85' lang='lat' dir='ltr'>dubitamus</span> <span class='ocrx_word' id='word_1_186' title='bbox 1151 3176 1232 3259; x_wconf 87' lang='lat' dir='ltr'>quin</span> <span class='ocrx_word' id='word_1_187' title='bbox 1247 3175 1358 3239; x_wconf 86' lang='lat' dir='ltr'>eadem</span> <span class='ocrx_word' id='word_1_188' title='bbox 1373 3175 1451 3240; x_wconf 84' lang='lat' dir='ltr'>lcacc</span> 
     </span>
    </p>

    <p class='ocr_par' dir='ltr' id='par_1_16' title="bbox 338 3277 1454 3357">
     <span class='ocr_line' id='line_1_26' title="bbox 338 3277 1454 3357; baseline -0.002 -15"><span class='ocrx_word' id='word_1_189' title='bbox 338 3301 360 3342; x_wconf 92' lang='lat' dir='ltr'>a</span> <span class='ocrx_word' id='word_1_190' title='bbox 376 3279 560 3343; x_wconf 69' lang='lat' dir='ltr'>beatissimo</span> <span class='ocrx_word' id='word_1_191' title='bbox 582 3281 662 3357; x_wconf 87' lang='lat' dir='ltr'>viro,</span> <span class='ocrx_word' id='word_1_192' title='bbox 688 3291 780 3345; x_wconf 89' lang='lat' dir='ltr'>tanto</span> <span class='ocrx_word' id='word_1_193' title='bbox 800 3302 873 3344; x_wconf 89' lang='lat' dir='ltr'>cum</span> <span class='ocrx_word' id='word_1_194' title='bbox 896 3279 983 3343; x_wconf 85' lang='lat' dir='ltr'>orbis</span> <span class='ocrx_word' id='word_1_195' title='bbox 1004 3279 1154 3342; x_wconf 79' lang='lat' dir='ltr'>catholici</span> <span class='ocrx_word' id='word_1_196' title='bbox 1166 3279 1386 3354; x_wconf 88' lang='lat' dir='ltr'>emolumento,</span> <span class='ocrx_word' id='word_1_197' title='bbox 1402 3277 1454 3341; x_wconf 90' lang='lat' dir='ltr'>in·</span> 
     </span>
    </p>

    <p class='ocr_par' dir='ltr' id='par_1_17' title="bbox 338 3380 1453 3570">
     <span class='ocr_line' id='line_1_27' title="bbox 338 3380 1453 3466; baseline 0 -21"><span class='ocrx_word' id='word_1_198' title='bbox 338 3380 435 3446; x_wconf 89' lang='lat' dir='ltr'>ducta</span> <span class='ocrx_word' id='word_1_199' title='bbox 450 3390 603 3464; x_wconf 83' lang='lat' dir='ltr'>precatio,</span> <span class='ocrx_word' id='word_1_200' title='bbox 625 3384 783 3448; x_wconf 88' lang='lat' dir='ltr'>momenti</span> <span class='ocrx_word' id='word_1_201' title='bbox 789 3385 975 3466; x_wconf 80' lang='lat' dir='ltr'>plurimum</span> <span class='ocrx_word' id='word_1_202' title='bbox 997 3383 1154 3447; x_wconf 74' lang='lat' dir='ltr'>habitura</span> <span class='ocrx_word' id='word_1_203' title='bbox 1168 3383 1215 3446; x_wconf 90' lang='lat' dir='ltr'>sit</span> <span class='ocrx_word' id='word_1_204' title='bbox 1229 3383 1278 3447; x_wconf 92' lang='lat' dir='ltr'>ad</span> <span class='ocrx_word' id='word_1_205' title='bbox 1293 3381 1453 3448; x_wconf 84' lang='lat' dir='ltr'>levandas</span> 
     </span>
     <span class='ocr_line' id='line_1_28' title="bbox 339 3485 1453 3570; baseline 0 -22"><span class='ocrx_word' id='word_1_206' title='bbox 339 3495 523 3570; x_wconf 86' lang='lat' dir='ltr'>nostrorum</span> <span class='ocrx_word' id='word_1_207' title='bbox 545 3506 668 3568; x_wconf 88' lang='lat' dir='ltr'>quoque</span> <span class='ocrx_word' id='word_1_208' title='bbox 686 3496 863 3569; x_wconf 84' lang='lat' dir='ltr'>temporam</span> <span class='ocrx_word' id='word_1_209' title='bbox 878 3487 1089 3559; x_wconf 85' lang='lat' dir='ltr'>calamitates.</span> <span class='ocrx_word' id='word_1_210' title='bbox 1112 3485 1309 3551; x_wconf 87' lang='lat' dir='ltr'>Pontificiae</span> <span class='ocrx_word' id='word_1_211' title='bbox 1333 3485 1453 3550; x_wconf 85' lang='lat' dir='ltr'>volun·</span> 
     </span>
    </p>

    <p class='ocr_par' dir='ltr' id='par_1_18' title="bbox 339 3589 1453 3673">
     <span class='ocr_line' id='line_1_29' title="bbox 339 3589 1453 3673; baseline 0 -21"><span class='ocrx_word' id='word_1_212' title='bbox 339 3589 400 3653; x_wconf 90' lang='lat' dir='ltr'>tati</span> <span class='ocrx_word' id='word_1_213' title='bbox 417 3608 600 3671; x_wconf 86' lang='lat' dir='ltr'>permagna</span> <span class='ocrx_word' id='word_1_214' title='bbox 616 3589 804 3653; x_wconf 87' lang='lat' dir='ltr'>animorum</span> <span class='ocrx_word' id='word_1_215' title='bbox 822 3591 994 3657; x_wconf 88' lang='lat' dir='ltr'>alacritate</span> <span class='ocrx_word' id='word_1_216' title='bbox 1010 3602 1044 3655; x_wconf 87' lang='lat' dir='ltr'>et</span> <span class='ocrx_word' id='word_1_217' title='bbox 1067 3592 1246 3656; x_wconf 88' lang='lat' dir='ltr'>concordia</span> <span class='ocrx_word' id='word_1_218' title='bbox 1263 3591 1387 3673; x_wconf 91' lang='lat' dir='ltr'>ubique</span> <span class='ocrx_word' id='word_1_219' title='bbox 1404 3589 1453 3652; x_wconf 93' lang='lat' dir='ltr'>lo-</span> 
     </span>
    </p>

    <p class='ocr_par' dir='ltr' id='par_1_19' title="bbox 338 3679 1455 3882">
     <span class='ocr_line' id='line_1_30' title="bbox 338 3679 1455 3778; baseline 0.001 -23"><span class='ocrx_word' id='word_1_220' title='bbox 338 3711 453 3756; x_wconf 90' lang='lat' dir='ltr'>corum</span> <span class='ocrx_word' id='word_1_221' title='bbox 469 3690 739 3774; x_wconf 86' lang='lat' dir='ltr'>obtemperatum</span> <span class='ocrx_word' id='word_1_222' title='bbox 756 3703 816 3771; x_wconf 88' lang='lat' dir='ltr'>est,</span> <span class='ocrx_word' id='word_1_223' title='bbox 832 3679 871 3757; x_wconf 84' lang='lat' dir='ltr'>nt</span> <span class='ocrx_word' id='word_1_224' title='bbox 894 3695 1073 3760; x_wconf 87' lang='lat' dir='ltr'>luculenter</span> <span class='ocrx_word' id='word_1_225' title='bbox 1095 3695 1287 3778; x_wconf 80' lang='lat' dir='ltr'>apparuerit</span> <span class='ocrx_word' id='word_1_226' title='bbox 1310 3702 1455 3776; x_wconf 75' lang='lat' dir='ltr'>quarems</span> 
     </span>
     <span class='ocr_line' id='line_1_31' title="bbox 339 3793 1455 3882; baseline 0.003 -25"><span class='ocrx_word' id='word_1_227' title='bbox 339 3793 507 3878; x_wconf 82' lang='lat' dir='ltr'>religionis</span> <span class='ocrx_word' id='word_1_228' title='bbox 520 3804 553 3857; x_wconf 90' lang='lat' dir='ltr'>et</span> <span class='ocrx_word' id='word_1_229' title='bbox 565 3795 704 3878; x_wconf 85' lang='lat' dir='ltr'>pietatis</span> <span class='ocrx_word' id='word_1_230' title='bbox 725 3796 828 3860; x_wconf 90' lang='lat' dir='ltr'>ardor</span> <span class='ocrx_word' id='word_1_231' title='bbox 840 3808 925 3862; x_wconf 84' lang='lat' dir='ltr'>extet</span> <span class='ocrx_word' id='word_1_232' title='bbox 939 3799 974 3862; x_wconf 90' lang='lat' dir='ltr'>in</span> <span class='ocrx_word' id='word_1_233' title='bbox 982 3799 1100 3882; x_wconf 81' lang='lat' dir='ltr'>populo</span> <span class='ocrx_word' id='word_1_234' title='bbox 1114 3799 1302 3876; x_wconf 74' lang='lat' dir='ltr'>christiano,</span> <span class='ocrx_word' id='word_1_235' title='bbox 1313 3808 1455 3881; x_wconf 89' lang='lat' dir='ltr'>etquan·</span> 
     </span>
    </p>

    <p class='ocr_par' dir='ltr' id='par_1_20' title="bbox 153 3898 1458 4291">
     <span class='ocr_line' id='line_1_32' title="bbox 195 3898 1458 4002; baseline 0.004 -43"><span class='ocrx_word' id='word_1_236' title='bbox 195 3955 303 4002; x_wconf 79' lang='lat' dir='ltr'>san·</span> <span class='ocrx_word' id='word_1_237' title='bbox 339 3907 408 3962; x_wconf 85' lang='lat' dir='ltr'>tarn</span> <span class='ocrx_word' id='word_1_238' title='bbox 431 3899 467 3962; x_wconf 89' lang='lat' dir='ltr'>in</span> <span class='ocrx_word' id='word_1_239' title='bbox 488 3898 619 3962; x_wconf 90' lang='lat' dir='ltr'>caelesti</span> <span class='ocrx_word' id='word_1_240' title='bbox 640 3899 786 3964; x_wconf 82' lang='lat' dir='ltr'>Mariae&#39;</span> <span class='ocrx_word' id='word_1_241' title='bbox 808 3901 960 3985; x_wconf 82' lang='lat' dir='ltr'>Virginis</span> <span class='ocrx_word' id='word_1_242' title='bbox 977 3902 1163 3986; x_wconf 85' lang='lat' dir='ltr'>patrocinio</span> <span class='ocrx_word' id='word_1_243' title='bbox 1185 3915 1274 3985; x_wconf 78' lang='lat' dir='ltr'>spem</span> <span class='ocrx_word' id='word_1_244' title='bbox 1304 3900 1458 3966; x_wconf 83' lang='lat' dir='ltr'>universi</span> 
     </span>
     <span class='ocr_line' id='line_1_33' title="bbox 153 3971 1454 4088; baseline 0.005 -28"><span class='ocrx_word' id='word_1_245' title='bbox 153 3971 254 4072; x_wconf 65' lang='lat' dir='ltr'>aazias</span> <span class='ocrx_word' id='word_1_246' title='bbox 274 3971 314 4087; x_wconf 62' lang='lat' dir='ltr'>&#39;lif</span> <span class='ocrx_word' id='word_1_247' title='bbox 339 4010 495 4083; x_wconf 84' lang='lat' dir='ltr'>reponant</span> <span class='ocrx_word' id='word_1_248' title='bbox 516 4001 712 4085; x_wconf 88' lang='lat' dir='ltr'>(Encyclica</span> <span class='ocrx_word' id='word_1_249' title='bbox 741 4019 783 4084; x_wconf 83' lang='lat'>30</span> <span class='ocrx_word' id='word_1_250' title='bbox 807 4004 956 4087; x_wconf 85' lang='lat' dir='ltr'>Augusti</span> <span class='ocrx_word' id='word_1_251' title='bbox 989 4008 1090 4088; x_wconf 78' lang='lat'>1884).</span> <span class='ocrx_word' id='word_1_252' title='bbox 1121 4005 1327 4071; x_wconf 87' lang='lat' dir='ltr'>Huiusmodi</span> <span class='ocrx_word' id='word_1_253' title='bbox 1352 4022 1454 4086; x_wconf 88' lang='lat' dir='ltr'>porro</span> 
     </span>
     <span class='ocr_line' id='line_1_34' title="bbox 172 4075 1452 4187; baseline 0.004 -21"><span class='ocrx_word' id='word_1_254' title='bbox 172 4075 299 4181; x_wconf 49' lang='lat' dir='ltr'>{iiiiii}</span> <span class='ocrx_word' id='word_1_255' title='bbox 339 4105 409 4186; x_wconf 88' lang='lat' dir='ltr'>spei</span> <span class='ocrx_word' id='word_1_256' title='bbox 426 4104 528 4168; x_wconf 90' lang='lat' dir='ltr'>veluti</span> <span class='ocrx_word' id='word_1_257' title='bbox 546 4105 735 4187; x_wconf 88' lang='lat' dir='ltr'>praeclarus</span> <span class='ocrx_word' id='word_1_258' title='bbox 753 4107 886 4185; x_wconf 80' lang='lat' dir='ltr'>fructus,</span> <span class='ocrx_word' id='word_1_259' title='bbox 903 4111 972 4173; x_wconf 84' lang='lat' dir='ltr'>Iure</span> <span class='ocrx_word' id='word_1_260' title='bbox 988 4129 1077 4172; x_wconf 90' lang='lat' dir='ltr'>nunc</span> <span class='ocrx_word' id='word_1_261' title='bbox 1093 4110 1260 4174; x_wconf 91' lang='lat' dir='ltr'>accenseri</span> <span class='ocrx_word' id='word_1_262' title='bbox 1270 4108 1371 4174; x_wconf 91' lang='lat' dir='ltr'>debet</span> <span class='ocrx_word' id='word_1_263' title='bbox 1383 4127 1452 4172; x_wconf 91' lang='lat' dir='ltr'>me·</span> 
     </span>
     <span class='ocr_line' id='line_1_35' title="bbox 174 4197 1451 4291; baseline 0.003 -22"><span class='ocrx_word' id='word_1_264' title='bbox 174 4197 299 4252; x_wconf 59' lang='lat' dir='ltr'>annuam</span> <span class='ocrx_word' id='word_1_265' title='bbox 340 4207 500 4271; x_wconf 92' lang='lat' dir='ltr'>morabile</span> <span class='ocrx_word' id='word_1_266' title='bbox 511 4207 636 4272; x_wconf 86' lang='lat' dir='ltr'>factum</span> <span class='ocrx_word' id='word_1_267' title='bbox 653 4210 742 4291; x_wconf 94' lang='lat' dir='ltr'>quod</span> <span class='ocrx_word' id='word_1_268' title='bbox 758 4209 823 4273; x_wconf 89' lang='lat' dir='ltr'>hoc</span> <span class='ocrx_word' id='word_1_269' title='bbox 839 4230 938 4288; x_wconf 88' lang='lat' dir='ltr'>ann0,</span> <span class='ocrx_word' id='word_1_270' title='bbox 949 4214 1126 4278; x_wconf 88' lang='lat' dir='ltr'>sacerdotii</span> <span class='ocrx_word' id='word_1_271' title='bbox 1137 4214 1286 4277; x_wconf 89' lang='lat' dir='ltr'>eiusdem</span> <span class='ocrx_word' id='word_1_272' title='bbox 1301 4210 1451 4277; x_wconf 88' lang='lat' dir='ltr'>Sanctis·</span> 
     </span>
    </p>
   </div>
   <div class='ocr_carea' id='block_1_8' title="bbox 153 4251 313 4311">
    <p class='ocr_par' dir='ltr' id='par_1_21' title="bbox 153 4251 313 4311">
     <span class='ocr_line' id='line_1_36' title="bbox 153 4251 313 4311; baseline 0.025 -16"><span class='ocrx_word' id='word_1_273' title='bbox 153 4251 255 4311; x_wconf 76' lang='lat' dir='ltr'>fricetur</span> <span class='ocrx_word' id='word_1_274' title='bbox 269 4255 313 4299; x_wconf 87' lang='lat' dir='ltr'>leu-</span> 
     </span>
    </p>
   </div>
   <div class='ocr_carea' id='block_1_9' title="bbox 153 4309 1451 4418">
    <p class='ocr_par' dir='ltr' id='par_1_22' title="bbox 153 4309 1451 4418">
     <span class='ocr_line' id='line_1_37' title="bbox 153 4309 1451 4418; baseline 0.003 -46"><span class='ocrx_word' id='word_1_275' title='bbox 153 4310 313 4418; x_wconf 48' lang='lat' dir='ltr'>{gam</span> <span class='ocrx_word' id='word_1_276' title='bbox 340 4310 414 4372; x_wconf 90' lang='lat' dir='ltr'>simi</span> <span class='ocrx_word' id='word_1_277' title='bbox 439 4310 577 4374; x_wconf 92' lang='lat' dir='ltr'>Domini</span> <span class='ocrx_word' id='word_1_278' title='bbox 595 4309 710 4376; x_wconf 91' lang='lat' dir='ltr'>Nostri</span> <span class='ocrx_word' id='word_1_279' title='bbox 727 4313 1015 4408; x_wconf 83' lang='lat' dir='ltr'>quinquagesimo,</span> <span class='ocrx_word' id='word_1_280' title='bbox 1032 4315 1126 4380; x_wconf 88' lang='lat' dir='ltr'>Deus</span> <span class='ocrx_word' id='word_1_281' title='bbox 1142 4316 1311 4380; x_wconf 86' lang='lat' dir='ltr'>ostendit:</span> <span class='ocrx_word' id='word_1_282' title='bbox 1327 4314 1451 4378; x_wconf 90' lang='lat' dir='ltr'>miran-</span> 
     </span>
    </p>
   </div>
   <div class='ocr_carea' id='block_1_10' title="bbox 160 4399 1451 4502">
    <p class='ocr_par' dir='ltr' id='par_1_23' title="bbox 160 4399 1451 4502">
     <span class='ocr_line' id='line_1_38' title="bbox 160 4399 1451 4502; baseline 0.005 -29"><span class='ocrx_word' id='word_1_283' title='bbox 160 4429 284 4480; x_wconf 76' lang='lat' dir='ltr'>seranur.</span> <span class='ocrx_word' id='word_1_284' title='bbox 306 4399 314 4409; x_wconf 74' lang='grc'><strong>’</strong></span> <span class='ocrx_word' id='word_1_285' title='bbox 340 4413 421 4476; x_wconf 93' lang='lat' dir='ltr'>dum</span> <span class='ocrx_word' id='word_1_286' title='bbox 448 4412 599 4495; x_wconf 84' lang='lat' dir='ltr'>proiecto</span> <span class='ocrx_word' id='word_1_287' title='bbox 622 4416 776 4499; x_wconf 82' lang='lat' dir='ltr'>pubIIcae</span> <span class='ocrx_word' id='word_1_288' title='bbox 804 4417 973 4500; x_wconf 86' lang='lat' dir='ltr'>religionis</span> <span class='ocrx_word' id='word_1_289' title='bbox 997 4428 1031 4484; x_wconf 90' lang='lat' dir='ltr'>et</span> <span class='ocrx_word' id='word_1_290' title='bbox 1054 4418 1131 4484; x_wconf 91' lang='lat' dir='ltr'>fidei</span> <span class='ocrx_word' id='word_1_291' title='bbox 1156 4418 1361 4502; x_wconf 89' lang='lat' dir='ltr'>exemplum,</span> <span class='ocrx_word' id='word_1_292' title='bbox 1376 4417 1451 4500; x_wconf 91' lang='lat' dir='ltr'>pul·</span> 
     </span>
    </p>
   </div>
   <div class='ocr_carea' id='block_1_11' title="bbox 0 0 1660 4868">
    <p class='ocr_par' dir='ltr' id='par_1_24' title="bbox 0 0 1660 4868">
     <span class='ocr_line' id='line_1_39' title="bbox 0 0 1660 4868; baseline 0 0"><span class='ocrx_word' id='word_1_293' title='bbox 0 0 1660 4868; x_wconf 95' lang='lat' dir='ltr'> </span> 
     </span>
    </p>
   </div>
  </div>
 </body>
</html>
