3194 4872
328 369 369 440 18
525 413 529 419 -
565 382 778 434 annocurro
807 370 825 400 “
844 334 1140 434 nauffinna.
1162 417 1182 444 ,.

155 599 232 674 nova-²
248 636 306 670 nus
321 611 362 622 -
379 572 442 636 Est
458 581 492 634 et
508 570 572 634 alia
589 589 715 647 caussa,
727 588 814 652 quae
826 568 897 632 Nos
913 586 1019 630 vacuo
1036 585 1055 630 a
1071 565 1295 630 sollicitudine
1310 563 1425 626 animo

197 680 262 737 1887·
319 697 392 742 esse
408 695 475 739 non
492 675 580 738 sinat
598 697 606 737 :
622 673 747 738 scilicet
761 671 925 736 iuventuti
943 671 1131 748 metuimus,
1146 690 1222 733 curn
1234 668 1331 734 multi
1348 668 1425 730 illuc

319 787 473 862 spectent
494 786 531 841 ut
557 776 766 859 publicarum
790 775 979 840 scholarum
996 774 1123 838 alumni
1140 765 1247 856 magis
1263 792 1301 836 ac
1318 772 1427 854 magis

154 853 306 968 ,css‘ffiussu‘f
319 881 479 966 potestati
509 879 680 943 Ecclesiae
697 880 748 943 vel
765 881 799 942 in
816 878 888 962 ipsa
912 877 1081 961 religionis
1107 877 1317 941 institutione
1347 875 1425 938 sub-

153 971 249 1077 illlis
263 970 305 1072 sllss
320 985 493 1048 ducantur.
511 979 609 1064 Quae
625 1002 676 1046 res
693 981 888 1064 praesertim
907 981 997 1063 apud
1014 979 1197 1044 catholicos
1213 977 1424 1062 perspicuum

173 1089 287 1194 grem
319 1097 370 1150 est
391 1095 555 1170 quantum
572 1107 591 1150 a
622 1087 750 1150 iustitia
765 1087 940 1168 discrepet,
955 1096 990 1150 et
1005 1085 1121 1168 quanti
1138 1085 1287 1180 publice
1317 1083 1428 1166 priva·

319 1191 448 1274 timque
476 1191 553 1254 mali
568 1192 742 1256 materiam
760 1193 939 1256 contineat.

366 1295 460 1358 Haec
477 1295 623 1379 pericula
640 1295 889 1380 prospicientes,
911 1293 1126 1359 vehementer
1152 1294 1306 1376 angimur
1330 1293 1430 1356 huius

319 1399 502 1462 catholicae
519 1400 665 1464 nationis
693 1401 820 1477 caussa,
837 1419 940 1482 quum
966 1399 1150 1463 Nobiscum
1168 1407 1360 1480 reputemus
1377 1397 1426 1460 lu-

320 1514 438 1569 ctuosa
476 1505 573 1581 mala,
600 1505 721 1587 quibus
752 1505 867 1587 populi
893 1505 1013 1568 misere
1039 1505 1233 1580 obruuntur,
1266 1502 1429 1584 religione

319 1615 523 1691 contempta.

157 1761 306 1821 Quasnam
365 1711 438 1775 Nos
453 1711 536 1774 haec
552 1711 662 1789 hodie,
677 1733 723 1776 ex
737 1712 801 1776 hoc
818 1710 901 1788 loco,
917 1713 1021 1788 vobis,
1052 1709 1268 1776 Venerabiles
1285 1709 1431 1786 Fratres,

157 1821 306 1939 §gignita
321 1827 354 1882 et
367 1820 522 1882 universo
537 1819 703 1882 catholico
718 1817 790 1880 orbi
815 1813 1053 1897 significamus,
1076 1814 1186 1878 Deum
1209 1823 1366 1897 rogantes
1390 1823 1429 1878 ut

157 1915 305 2009 ra'quacon-
322 1921 473 2003 publicas
490 1921 610 1985 ltaliae
626 1941 678 1984 res
694 1921 727 1983 in
745 1918 863 1984 melius
880 1928 995 1996 vertat,
1011 1916 1198 2000 efficiatque
1222 1927 1259 1982 ut
1275 1917 1425 1981 omnium

157 2003 308 2118 ξξῖἷῇἱζζῖ.
321 2022 460 2086 consilia
488 2031 521 2084 et
536 2042 638 2104 opera
653 2021 696 2084 ad
723 2041 837 2083 verum
866 2020 995 2102 patriae
1011 2020 1136 2082 bonum
1165 2027 1198 2082 et
1228 2019 1331 2081 decus
1346 2017 1424 2080 diri-

158 2119 203 2228 ᾖ,
215 2116 309 2232 {m
321 2136 452 2208 gantur.
464 2163 508 2176 -
524 2125 690 2201 Ceterum,
701 2103 919 2188 Venerabiles
945 2123 1086 2199 Fratres,
1102 2141 1236 2185 omnem
1269 2117 1425 2184 fiduciam

156 2240 308 2354 pamfi-
323 2241 471 2294 nostram
488 2230 520 2292 in
537 2229 618 2293 Eius
633 2227 784 2312 potentia
800 2236 833 2290 et
849 2226 1057 2309 benignitate
1083 2225 1285 2288 collocemus
1305 2249 1312 2288 :
1335 2225 1428 2288 videt

159 2369 204 2400 sus.
274 2345 280 2352 ”
323 2335 411 2398 enirn
444 2333 538 2398 Deus
568 2333 610 2396 de
638 2340 752 2396 monte
782 2341 899 2394 sancto
934 2351 996 2393 suo
1023 2330 1153 2394 labores
1169 2329 1285 2412 populi
1301 2328 1362 2403 sui,
1392 2337 1426 2390 et

324 2439 476 2521 quamvis
487 2437 611 2501 brachii
624 2438 675 2500 sui
685 2435 799 2500 virtuti
810 2435 1033 2518 explicandae
1050 2453 1177 2496 moram
1191 2431 1428 2509 iaciat,tamen,

324 2541 520 2624 praestituta
536 2529 682 2604 consiliis
712 2541 780 2604 suis
797 2539 999 2616 maturitate,
1013 2546 1238 2621 opportunam
1257 2535 1429 2600 Ecclesiae

324 2664 404 2707 suae
415 2663 514 2725 opem
526 2644 643 2707 deesse
659 2663 726 2706 non
744 2644 880 2726 patitur.

362 2755 469 2818 ¹Nunc
499 2777 577 2819 vero
609 2755 798 2838 Apostolici
838 2753 937 2818 officii
962 2755 1047 2818 ratio
1074 2753 1231 2837 postulat,
1263 2763 1300 2817 ut
1331 2754 1434 2817 variis

327 2857 481 2921 catholici
500 2859 595 2921 ,orbis
612 2857 770 2921 Ecclesiis
788 2877 891 2922 novos
907 2867 1058 2940 pastores
1075 2855 1315 2940 praeficiamus
