3172 4874
389 385 455 456 182
534 403 722 456 urrunnu
742 403 897 454 sueves.
922 393 943 420 ‘¹
957 405 1090 456 aenou
1112 404 1298 457 novenum
1314 438 1337 466 „

204 583 356 702 ruem
384 605 455 650 rum
481 585 593 668 legum
621 585 738 650 sanxit
764 585 955 663 auctoritas,
978 603 1066 670 quae
1091 585 1144 650 vel
1171 595 1331 669 appetere
1345 583 1497 650 alienum

203 703 283 774 sanet
311 716 356 748 au·
383 689 577 772 gravissime
589 698 713 753 vetant
724 689 801 752 Non
826 690 1021 772 concupisces
1035 711 1165 756 uxorem
1174 689 1324 774 prm'ms'
1337 688 1394 752 tui
1409 714 1423 753 .·
1438 709 1498 750 non

202 767 308 808 “m''
382 795 523 870 domum,
536 813 598 856 raon
610 813 739 876 agrum,
760 814 823 856 nnn
838 794 1005 874 ancillam,
1020 815 1083 858 non
1098 795 1217 873 boum,
1231 815 1293 858 non
1309 793 1450 858 minum
1468 801 1500 856 et

203 922 355 980 olympam.
383 898 540 962 universa
555 917 638 980 quae
655 897 747 960 illius
760 907 839 960 sunt
852 897 903 980 (¹).

202 981 358 1100 mim
429 1003 505 1067 lura
521 1023 601 1068 vcro
615 1003 815 1080 istiusmodi,
838 1003 975 1087 quaein
993 1003 1185 1068 hominibus
1215 1005 1331 1066 insunt
1346 1002 1497 1086 singulis,

202 1101 354 1206 mdiffl
386 1106 491 1170 multo
506 1106 668 1171 validiora
694 1105 926 1188 intelliguntur
942 1125 1015 1170 esse
1030 1107 1057 1170 si
1072 1125 1148 1171 cum
1175 1105 1292 1171 officiis
1315 1105 1495 1170 bominum

204 1219 301 1266 amruae
384 1210 588 1274 inconvicto
615 1209 802 1275 domestico
826 1218 906 1292 apta
932 1221 967 1274 et
991 1229 1147 1274 connexa
1173 1219 1380 1291 spectentur.
1396 1247 1444 1260 --
1458 1210 1494 1272 ln

203 1279 334 1400 mlii?
384 1313 564 1397 deligendo
576 1333 697 1398 genere
709 1315 797 1379 vitae
813 1333 880 1378 non
894 1324 945 1379 est
957 1314 1108 1392 dubium,
1122 1315 1203 1397 quin
1220 1315 1253 1377 in
1270 1313 1495 1396 potestatesit

385 1419 587 1501 arbitrioque
596 1419 803 1501 singulorum
820 1418 1016 1484 alterutrum
1034 1417 1142 1496 malle,
1157 1428 1216 1483 aut
1228 1417 1316 1484 lusti
1332 1417 1492 1483 CHRISTI

385 1523 502 1588 sectari
519 1525 562 1588 de
577 1523 768 1607 virginitate
794 1522 981 1602 consilium,
996 1535 1054 1589 aut
1071 1525 1215 1588 maritali
1231 1543 1267 1588 se
1282 1524 1399 1590 vinclo
1412 1525 1494 1588 obli·

385 1647 472 1712 gare.
490 1630 547 1693 lus
562 1629 707 1712 coniugii
733 1629 883 1694 naturale
898 1649 937 1694 ac
953 1630 1179 1712 primigenum
1191 1628 1320 1693 homini
1339 1631 1493 1705 adimere,

220 1699 358 1804 nimii?
385 1753 579 1797 caussamve
609 1733 801 1816 nuptiarum
829 1735 1053 1817 praecipuam,
1079 1731 1144 1797 Dei
1171 1735 1375 1800 auctoritate
1402 1735 1493 1799 initio

216 1833 346 1922 Yam
384 1837 612 1916 constitutam,
639 1857 775 1922 quoquo
800 1839 903 1902 modo
927 1837 1198 1902 circumscribere
1223 1837 1281 1902 lex
1307 1837 1492 1914 hominum,

207 1937 350 1996 samum.
386 1939 478 2006 nulla
493 1951 612 2024 potest
628 1941 810 2009 crescitur
825 1941 1152 2026 multt'plicamini(²)·
1169 1943 1222 2006 En
1239 1941 1345 2025 igitur
1363 1943 1492 2018 samm*

206 2001 359 2115 ww
387 2063 444 2106 seu
461 2045 602 2109 societas
628 2045 823 2122 domestica,
839 2065 1002 2128 perparva
1028 2045 1084 2110 illa
1111 2045 1258 2128 quidem,
1271 2047 1333 2110 sed
1350 2067 1431 2111 vera
1444 2067 1490 2110 so

386 2148 500 2226 cletas,
524 2148 709 2231 eademque
724 2149 816 2213 omni
831 2148 966 2213 civitate
980 2150 1150 2232 antiquior
1156 2173 1165 2232 ;
1180 2150 1233 2214 cui
1248 2158 1430 2233 propterea
1438 2171 1491 2214 sua
1577 2183 1578 2212 ³

387 2254 553 2335 quaedam
588 2254 659 2316 iura
681 2253 857 2336 officiaque
888 2273 961 2317 esse
993 2273 1128 2317 necesse
1162 2263 1223 2330 est,
1244 2273 1334 2337 quae
1358 2255 1490 2320 minime

238 2371 325 2429 Atqui.
346 2435 350 2442 ι
387 2358 556 2440 pendeant
573 2378 593 2421 a
609 2356 788 2440 republica.

207 2433 360 2560 522&ssssss,
430 2461 531 2545 Quod
547 2462 649 2544 igitur
664 2461 977 2540 demonstravimus,
992 2462 1043 2525 ius
1055 2461 1196 2526 dominii
1213 2463 1366 2545 personis
1381 2463 1486 2544 singu
1576 2477 1577 2480 ’

203 2557 347 2664 {2222ss
384 2567 508 2631 laribus
524 2576 642 2630 natura
652 2565 824 2642 tributum,
837 2565 870 2630 id
882 2565 1050 2630 transferri
1064 2567 1097 2630 in
1113 2566 1295 2644 hominem,
1313 2575 1486 2650 quacapnt

207 2669 358 2774 lgm?
384 2681 435 2735 est
462 2669 617 2748 familiae,
644 2678 790 2752 oportet:
817 2669 922 2734 immo
944 2678 1041 2735 tanto
1063 2669 1114 2733 ius
1140 2680 1192 2735 est
1225 2669 1308 2734 illud
1339 2669 1486 2742 validius,

217 2789 343 2834 erumnis·
384 2781 512 2856 quanto
536 2792 678 2854 persona
693 2772 842 2838 humana
858 2773 891 2836 in
908 2773 1062 2838 convictu
1088 2773 1273 2838 domestico
1288 2774 1388 2857 plura
1402 2793 1485 2837 com-

204 2847 270 2952 {ffr'f‘
309 2851 358 2892 Μ’
385 2874 548 2958 plectitur.
560 2875 778 2943 sanctissima
788 2888 927 2942 naturae
936 2878 993 2942 lex
1004 2889 1063 2956 est,
1075 2890 1113 2942 ut
1127 2879 1216 2944 victu
1229 2877 1392 2962 omnique
1400 2879 1483 2942 cultu

384 2977 623 3060 paterfamilias
648 2990 781 3046 tueatur
796 3001 880 3064 quos
895 2981 968 3064 ipse
982 2982 1179 3064 procrearit:
1204 2982 1362 3066 idemque
1378 2981 1483 3046 illuca

384 3093 502 3148 natura
517 3083 590 3167 ipsa
604 3085 790 3163 deducitur,
800 3096 836 3149 ut
852 3085 931 3151 velit
948 3085 1059 3152 liberis
1075 3087 1153 3162 suis,
1167 3086 1293 3170 quippe
1304 3087 1363 3170 qui
1380 3095 1483 3169 pater·

383 3208 460 3253 nam
477 3185 622 3253 referunt
638 3199 672 3254 et
686 3190 834 3273 quodam
851 3191 954 3254 modo
969 3189 1159 3272 producunt
1175 3209 1363 3272 personam,
1372 3187 1482 3272 anqui-

383 3312 453 3357 rere
475 3303 509 3357 et
531 3313 656 3376 parare,
679 3295 768 3358 unde
790 3313 826 3358 se
848 3294 988 3358 honeste
1019 3294 1150 3378 possint
1172 3295 1206 3358 in
1230 3295 1368 3378 ancipiti
1401 3296 1482 3358 vitae

382 3417 516 3461 corsua
532 3399 652 3462 misera
676 3396 808 3462 fortuna
838 3397 1026 3463 defendere.
1044 3398 1083 3463 ld
1101 3419 1181 3464 vero
1194 3397 1324 3464 efficere
1341 3397 1482 3463 nonalia

381 3499 510 3562 ratione
532 3507 656 3580 potest,
679 3499 741 3562 nisi
764 3499 1008 3564 fructuosarum
1031 3501 1241 3582 possessione
1264 3520 1384 3578 rerum,
1405 3517 1481 3581 quas
1572 3577 1573 3584 ἵ

233 3617 355 3690 ulnam.
381 3601 423 3663 ad
448 3599 570 3665 liberos
592 3602 778 3666 hereditate
800 3605 1015 3669 transmittat.
1039 3601 1336 3688 Quemadmodum
1361 3606 1480 3682 ciuitas,

202 3675 353 3783 ssfffflffiss
379 3702 498 3768 eodem
516 3704 618 3769 modo
634 3704 769 3783 familia,
779 3715 816 3770 ut
828 3707 1095 3784 memoravimus,
1106 3707 1175 3770 veri
1187 3707 1333 3772 nominis
1345 3709 1479 3774 societas

200 3795 353 3905 &222ssss
378 3816 438 3884 est,
447 3827 533 3890 quae
548 3818 716 3892 potestate
743 3811 884 3890 propria,
899 3810 963 3874 hoc
978 3821 1030 3876 est
1045 3822 1193 3894 patema,
1209 3812 1342 3895 regitur.
1359 3812 1477 3896 Quam-

200 3915 329 4018 msa?
378 3909 502 3988 obrem,
529 3913 668 3976 servatis
702 3913 818 3995 utique
841 3912 962 3976 finibus
985 3935 1070 3997 quos
1094 3916 1251 3998 proxima
1273 3916 1345 3980 eius
1367 3935 1476 3982 caussa

193 4031 296 4102 ,assuas
318 4049 350 4103 sq·
377 4015 634 4098 praescripserit,
649 4017 682 4080 in
699 4017 886 4100 deligendis
913 4019 1180 4103 adhibendisque
1195 4021 1294 4085 rebus
1311 4019 1477 4085 incolumi-

197 4095 350 4207 ἱξὲξζᾝᾳξζζ
376 4119 437 4182 tati
454 4139 492 4182 ac
507 4120 615 4184 iustae
630 4119 776 4184 libertati
792 4141 872 4186 suae
888 4123 1089 4202 necessariis,
1102 4125 1229 4188 familia
1242 4125 1380 4208 quidem
1390 4123 1475 4208 paria

198 4206 348 4321 ξζζξὲηξ
375 4219 494 4283 saltem
505 4239 581 4284 cum
592 4222 752 4286 societate
762 4223 851 4288 civili
862 4225 933 4288 iura
944 4226 1183 4292 obtinctParia
1194 4227 1313 4292 saltem
1323 4228 1475 4302 diximus,

196 4324 257 4422 {2¹⁵⁰
280 4325 347 4381 frio·
374 4321 453 4396 quia
466 4340 543 4383 cum
559 4325 731 4387 convictus
743 4327 947 4392 domesticus
963 4339 997 4394 et
1011 4331 1217 4412 cogitatione
1232 4330 1277 4393 sit
1286 4340 1320 4394 et
1332 4351 1367 4394 re
1380 4331 1472 4413 prior,

404 4458 425 4492 1.
443 4447 524 4500 Dent..
537 4457 562 4502 v,
574 4463 610 4495 ar.
623 4465 684 4498 -a
700 4453 767 4506 Gen..
781 4458 846 4508 1,a8.
