3310 4868
285 366 466 420 EPISTOLA
486 354 507 383 ‘⁴
521 366 616 420 OPUS
634 365 713 417 TIBI
729 399 749 430 ‚,
768 365 820 414 AD
838 363 949 416 CARD.
970 363 1188 416 anmsmu.
1223 360 1291 432 173

181 548 440 630 teterrimaeque
465 545 595 631 plenior
619 545 793 629 aliquanto
816 544 966 626 cognitio
981 545 1142 608 continuo
1162 541 1292 606 inflam-

182 646 289 712 mavit
325 645 466 723 animos,
497 655 532 710 et
561 646 604 710 ad
644 642 836 728 quaerenda
866 643 1015 708 remedia
1045 642 1124 708 lecit
1154 642 1291 718 alacres,

181 745 403 810 humanitatis
418 746 517 808 simul
533 744 748 828 caritatisque
764 743 965 807 christianae
980 743 1133 808 sensibus
1150 759 1291 824 magno·

181 867 263 930 pere
277 845 445 924 excitatis,
460 865 527 910 non
543 845 657 928 inepte
684 842 889 919 coniicimus,
904 852 1069 925 quantum
1090 863 1135 906 ex
1152 841 1291 924 Europa

181 945 436 1030 approbationis
446 945 641 1028 gratiaeque
650 944 813 1008 hactenus
829 942 1059 1026 impetravisti,
1071 940 1284 1007 tantumdem

183 1065 307 1128 operae
322 1065 362 1110 ac
376 1043 585 1110 liberalitatis
607 1052 642 1109 te
666 1043 807 1128 posthac
824 1042 1088 1126 impetraturum.
1104 1079 1149 1092 -
1171 1042 1291 1124 ltaque
1332 1065 1475 1126 Inqmffi

184 1164 252 1209 non
278 1143 488 1208 hortabimur
514 1153 560 1222 te,
586 1162 695 1226 neque
721 1143 810 1207 enim
836 1142 1026 1206 hortatione
1058 1143 1187 1224 indiget
1218 1151 1289 1206 tarn
1353 1127 1475 1239 ιιξξξξξιι

185 1256 325 1308 actuosa
348 1245 462 1321 virtus,
475 1245 535 1308 sed
561 1244 673 1326 potius
700 1242 951 1326 gratulabimur,
966 1241 1059 1324 quod
1082 1262 1202 1325 pergas
1229 1243 1295 1308 isto
1325 1245 1470 1315 Cstdt'wlit

184 1343 301 1408 animo
328 1343 593 1426 constantiaque,
609 1343 685 1406 Deo
711 1343 856 1424 auspice,
871 1353 992 1424 coepta
1014 1342 1176 1427 persequi.
1194 1341 1293 1408 Certe
1321 1304 1441 1352 ‘mm'

186 1443 343 1526 nuspiam
367 1442 591 1526 episcopalem
617 1441 790 1507 caritatem
818 1451 911 1506 tuam
940 1441 1053 1506 utilius
1070 1441 1293 1521 collocaveris,

188 1563 251 1607 nec
275 1542 343 1606 ulla
368 1544 613 1626 propemodum
635 1563 669 1606 re
694 1541 853 1606 merueris
874 1541 917 1606 de
942 1542 1123 1606 christiano
1153 1542 1291 1606 nomine
1352 1527 1360 1550 “

189 1643 317 1707 melius.
335 1643 398 1708 Est
421 1643 511 1707 enim
536 1653 733 1707 cunctorum
749 1662 856 1725 aeque
880 1641 1066 1720 hominum,
1089 1662 1157 1707 non
1182 1643 1293 1706 minus

188 1742 372 1806 christiano
386 1760 488 1824 quam
505 1741 648 1806 naturali
672 1743 752 1820 iure,
767 1744 896 1807 sancita
919 1743 1077 1809 libertas:
1094 1744 1296 1810 Ecclesiam·
1345 1766 1477 1815 Libertatis

188 1862 257 1926 que
281 1843 308 1905 si
333 1841 391 1924 qui
415 1841 634 1907 criminantur
659 1853 717 1906 aut
743 1842 813 1908 ullo
837 1854 989 1927 tempore
1015 1845 1117 1909 luisse
1144 1845 1297 1910 servituti
1344 1828 1458 1873 *ΨΜ

189 1942 438 2019 conniventem,
453 1951 511 2006 aut
526 1961 594 2006 non
619 1944 700 2005 satis
716 1942 759 2006 de
775 1944 893 2007 eadem
917 1943 1068 2007 tollenda
1084 1943 1297 2023 laboravisse,
1322 1887 1477 2007 firma

190 2044 213 2106 ii
237 2063 298 2106 nec
321 2050 434 2125 gratos
450 2062 496 2117 se,
511 2060 572 2105 nec
587 2061 712 2123 gnaros
736 2063 846 2107 rerum
862 2043 1016 2126 probant,
1031 2063 1107 2107 curn
1129 2043 1298 2108 luculente
1350 2011 1450 2112 ἱῗῖῗ

190 2141 333 2207 historia
348 2141 503 2224 loquatur
517 2141 599 2222 quid
621 2141 708 2205 hanc
731 2143 774 2205 ad
792 2163 862 2206 rem
889 2142 950 2206 viri
972 2141 1148 2225 apostolici
1165 2143 1202 2210 in
1224 2144 1298 2225 ipsa

191 2240 319 2318 Africa,
334 2240 473 2324 quidex
489 2241 571 2304 urbe
588 2241 708 2318 Roma,
723 2242 873 2326 principe
889 2242 1046 2307 catholici
1063 2243 1163 2320 orbis,
1172 2246 1297 2308 summi

193 2339 372 2406 Pontifices
400 2340 634 2422 praestiterint.
660 2341 714 2406 Tu
741 2361 890 2406 verone
919 2343 1054 2407 dubites
1086 2343 1166 2426 quin
1199 2343 1298 2408 rebus

194 2440 360 2520 omnibus,
389 2440 511 2522 quibus
541 2460 728 2522 possumus,
759 2440 897 2504 consilia
929 2442 1001 2505 Nos
1032 2441 1300 2525 industriamque
1386 2459 1480 2520 Pignus

193 2552 286 2606 tuam
299 2541 405 2605 simus
420 2540 574 2604 adiuturi.
592 2539 695 2605 Cuius
706 2539 889 2606 voluntatis
906 2540 1053 2605 Nostrae
1065 2541 1159 2624 quasi
1175 2541 1300 2626 pignus
1327 2520 1479 2630 mall-{f

191 2643 318 2706 habeto
345 2649 522 2722 argenteos
549 2640 679 2704 italicos
707 2661 863 2704 nummos
887 2641 936 2704 ad
950 2651 1001 2704 ter
1022 2649 1149 2706 centum
1165 2642 1301 2708 millia:
1343 2639 1464 2708 ‘'”Wl‘i‘

192 2761 295 2826 quam
312 2739 373 2804 tibi
395 2759 562 2805 summam
579 2739 792 2822 perhibentes
813 2741 1030 2819 destinamus,
1046 2751 1083 2806 ut
1099 2741 1132 2805 in
1149 2742 1300 2826 collegia,
1324 2711 1482 2817 sufflari-

191 2862 253 2906 seu
267 2840 441 2905 comitatus
450 2838 638 2904 abolendae
649 2839 808 2905 Afrorum
826 2841 975 2905 servituti
987 2841 1302 2926 institutos,oppor-
1327 2823 1481 2920 “Qus''

192 2954 276 3007 tune
290 2961 385 3005 cures
401 2942 621 3023 partiendam.
639 2941 731 3004 Nihil
749 2941 900 3024 prolecto
922 2943 1071 3025 optatius
1095 2963 1168 3006 esse
1191 2943 1301 3008 Nobis
1330 2883 1462 3042 ιιξξξξῆῑ

193 3050 315 3126 potest,
330 3059 433 3124 quam
445 3040 530 3104 serre
544 3059 644 3124 opem
661 3040 854 3105 hominibus
869 3050 939 3105 tam
957 3041 1300 3108 inhumanevexatis:
1380 3011 1395 3041 u
1420 3029 1426 3050 ’

192 3144 353 3226 ipsosque
375 3161 420 3205 ex
446 3140 539 3204 omui
565 3151 667 3224 gente
691 3141 884 3219 catholicos,
899 3162 1042 3223 quorum
1070 3143 1197 3208 eximia
1220 3164 1302 3228 erga

194 3241 277 3318 Nos,
292 3242 355 3305 hoc
372 3240 572 3304 nominatim
588 3260 687 3318 anno,
703 3241 885 3305 liberalitas
912 3242 1036 3318 extitit,
1054 3261 1152 3306 nosse
1167 3243 1306 3322 iuverit,

193 3338 443 3407 munificentiae
458 3359 539 3405 suae
552 3339 677 3405 fructus
690 3340 755 3405 huc
768 3342 870 3406 etiam
887 3341 1067 3418 adhibitos,
1083 3343 1241 3408 nimirum
1256 3344 1300 3408 ad

192 3439 441 3524 propulsandas
466 3450 536 3504 tarn
564 3441 727 3504 immanes
752 3440 899 3520 iniurias,
925 3443 1154 3526 tuendamque
1185 3445 1218 3508 in
1250 3454 1302 3509 tot

190 3541 351 3605 fratribus
366 3540 489 3604 nostris
515 3539 684 3604 humanae
707 3559 871 3623 personae
896 3542 1105 3623 dignitatem.
1121 3579 1165 3592 -
1188 3544 1302 3609 Macte
1329 3567 1386 3620 opus
1406 3558 1484 3618 ipsus

191 3640 318 3715 animo,
332 3638 454 3704 dilecte
480 3640 543 3703 Fili
569 3639 703 3718 Noster,
718 3659 880 3724 spemque
901 3643 1086 3705 maximam
1114 3641 1147 3706 in
1165 3654 1303 3725 parente
1331 3618 1482 3725 Έξὲὼζζ

192 3761 235 3806 ac
265 3749 434 3804 servatore
463 3752 661 3803 cunctorum
700 3739 874 3804 hominum
909 3741 983 3806 Deo
1013 3761 1145 3828 'repone
1161 3763 1169 3820 ;
1206 3743 1302 3806 cuius
1346 3737 1466 3784 manum.

193 3857 373 3906 munemm
404 3839 574 3923 auspicem
608 3847 835 3922 paternaeque
867 3839 1012 3903 Nostrae
1044 3838 1306 3904 benevolentiae

194 3948 319 4005 testem
343 3938 404 4002 tibi
424 3949 458 4002 et
478 3939 567 4002 clero
592 3938 785 4022 populoque
806 3949 865 4002 tuo
888 3939 1044 4002 universo
1067 3937 1302 4020 Apostolicam

194 4039 467 4104 benedictionem
484 4048 697 4121 peramanter
713 4041 744 4102 in
760 4039 910 4103 Domino
926 4038 1146 4120 impertimus.

244 4137 373 4202 Datum
402 4138 532 4202 Romae
553 4139 642 4220 apud
670 4139 702 4204 S.
728 4137 863 4203 Petr'um
890 4138 945 4202 die
975 4153 1012 4218 17
1038 4137 1184 4203 octobris
1215 4143 1307 4220 1888,

199 4237 421 4304 Pontificatus
438 4238 554 4304 Nostri
570 4259 660 4304 anno
675 4239 865 4304 undecimo.

827 4389 923 4456 LEO
948 4391 1009 4457 PP.
1034 4392 1137 4458 X111.
