<?xml version="1.0" encoding="UTF-8"?>
<!DOCTYPE html PUBLIC "-//W3C//DTD XHTML 1.0 Transitional//EN"
    "http://www.w3.org/TR/xhtml1/DTD/xhtml1-transitional.dtd">
<html xmlns="http://www.w3.org/1999/xhtml" xml:lang="en" lang="en">
 <head>
  <title>
</title>
<meta http-equiv="Content-Type" content="text/html;charset=utf-8" />
  <meta name='ocr-system' content='tesseract 3.04.00' />
  <meta name='ocr-capabilities' content='ocr_page ocr_carea ocr_par ocr_line ocrx_word'/>
</head>
<body>
  <div class='ocr_page' id='page_1' title='image "./sanctissimidomi03xiiigoog_0213.png"; bbox 0 0 3336 4870; ppageno 0'>
   <div class='ocr_carea' id='block_1_1' title="bbox 380 323 1403 400">
    <p class='ocr_par' dir='ltr' id='par_1_1' title="bbox 380 323 1403 400">
     <span class='ocr_line' id='line_1_1' title="bbox 380 323 1403 400; baseline -0.002 -10"><span class='ocrx_word' id='word_1_1' title='bbox 380 342 452 394; x_wconf 90' lang='lat'>200</span> <span class='ocrx_word' id='word_1_2' title='bbox 504 339 693 391; x_wconf 73' lang='lat' dir='ltr'>muratum</span> <span class='ocrx_word' id='word_1_3' title='bbox 719 337 877 390; x_wconf 78' lang='lat' dir='ltr'>sucum.</span> <span class='ocrx_word' id='word_1_4' title='bbox 909 323 929 352; x_wconf 87' lang='lat'><strong>“</strong></span> <span class='ocrx_word' id='word_1_5' title='bbox 949 335 1132 388; x_wconf 78' lang='lat' dir='ltr'>sxauura</span> <span class='ocrx_word' id='word_1_6' title='bbox 1159 337 1229 388; x_wconf 80' lang='lat' dir='ltr'>mu</span> <span class='ocrx_word' id='word_1_7' title='bbox 1255 336 1364 388; x_wconf 77' lang='lat' dir='ltr'>nuno</span> <span class='ocrx_word' id='word_1_8' title='bbox 1383 369 1403 400; x_wconf 88' lang='lat'>„</span> 
     </span>
    </p>
   </div>
   <div class='ocr_carea' id='block_1_2' title="bbox 133 499 1490 3316">
    <p class='ocr_par' dir='ltr' id='par_1_2' title="bbox 133 499 1490 3316">
     <span class='ocr_line' id='line_1_2' title="bbox 133 499 1484 607; baseline -0.004 -25"><span class='ocrx_word' id='word_1_9' title='bbox 133 589 137 597; x_wconf 56' lang='grc'><em>,</em></span> <span class='ocrx_word' id='word_1_10' title='bbox 209 535 344 607; x_wconf 59' lang='lat' dir='ltr'>semro,</span> <span class='ocrx_word' id='word_1_11' title='bbox 377 519 571 600; x_wconf 88' lang='lat' dir='ltr'>praesertim</span> <span class='ocrx_word' id='word_1_12' title='bbox 588 516 844 600; x_wconf 82' lang='lat' dir='ltr'>intelllgentiam</span> <span class='ocrx_word' id='word_1_13' title='bbox 861 535 900 580; x_wconf 89' lang='lat' dir='ltr'>ac</span> <span class='ocrx_word' id='word_1_14' title='bbox 925 515 1143 592; x_wconf 88' lang='lat' dir='ltr'>voluntatem,</span> <span class='ocrx_word' id='word_1_15' title='bbox 1158 533 1245 597; x_wconf 86' lang='lat' dir='ltr'>quae</span> <span class='ocrx_word' id='word_1_16' title='bbox 1267 533 1435 578; x_wconf 84' lang='lat' dir='ltr'>summum</span> <span class='ocrx_word' id='word_1_17' title='bbox 1451 499 1484 578; x_wconf 88' lang='lat' dir='ltr'>in</span> 
     </span>
     <span class='ocr_line' id='line_1_3' title="bbox 200 597 1490 702; baseline -0.003 -16"><span class='ocrx_word' id='word_1_18' title='bbox 200 611 261 702; x_wconf 60' lang='lat'>2¹2⁸„</span> <span class='ocrx_word' id='word_1_19' title='bbox 278 597 353 700; x_wconf 55' lang='grc' dir='ltr'>Ἥ</span> <span class='ocrx_word' id='word_1_20' title='bbox 377 623 513 686; x_wconf 90' lang='lat' dir='ltr'>homine</span> <span class='ocrx_word' id='word_1_21' title='bbox 528 620 683 686; x_wconf 88' lang='lat' dir='ltr'>obtinent</span> <span class='ocrx_word' id='word_1_22' title='bbox 707 621 829 698; x_wconf 90' lang='lat' dir='ltr'>locum,</span> <span class='ocrx_word' id='word_1_23' title='bbox 857 619 889 684; x_wconf 92' lang='lat' dir='ltr'>in</span> <span class='ocrx_word' id='word_1_24' title='bbox 918 617 1116 702; x_wconf 84' lang='lat' dir='ltr'>obsequium</span> <span class='ocrx_word' id='word_1_25' title='bbox 1133 617 1258 682; x_wconf 89' lang='lat' dir='ltr'>Christi</span> <span class='ocrx_word' id='word_1_26' title='bbox 1273 639 1401 702; x_wconf 87' lang='lat' dir='ltr'>cogere.</span> <span class='ocrx_word' id='word_1_27' title='bbox 1419 617 1490 696; x_wconf 76' lang='lat' dir='ltr'>Qui</span> 
     </span>
     <span class='ocr_line' id='line_1_4' title="bbox 200 714 1486 834; baseline -0.002 -46"><span class='ocrx_word' id='word_1_28' title='bbox 200 714 352 834; x_wconf 52' lang='lat' dir='ltr'>⁰2⁰Jff‘3ff·</span> <span class='ocrx_word' id='word_1_29' title='bbox 376 726 555 808; x_wconf 83' lang='lat' dir='ltr'>relinquere</span> <span class='ocrx_word' id='word_1_30' title='bbox 566 725 722 789; x_wconf 83' lang='lat' dir='ltr'>universa</span> <span class='ocrx_word' id='word_1_31' title='bbox 733 723 885 806; x_wconf 60' lang='lat' dir='ltr'>desperem,</span> <span class='ocrx_word' id='word_1_32' title='bbox 909 732 939 787; x_wconf 90' lang='lat' dir='ltr'>te</span> <span class='ocrx_word' id='word_1_33' title='bbox 963 743 1085 806; x_wconf 86' lang='lat' dir='ltr'>quoque</span> <span class='ocrx_word' id='word_1_34' title='bbox 1110 720 1197 786; x_wconf 81' lang='lat' dir='ltr'>inter</span> <span class='ocrx_word' id='word_1_35' title='bbox 1210 721 1400 806; x_wconf 81' lang='lat' dir='ltr'><em>reliquenda</em></span> <span class='ocrx_word' id='word_1_36' title='bbox 1413 743 1486 786; x_wconf 81' lang='lat' dir='ltr'>con-</span> 
     </span>
     <span class='ocr_line' id='line_1_5' title="bbox 237 825 1487 910; baseline 0.002 -20"><span class='ocrx_word' id='word_1_37' title='bbox 237 847 317 880; x_wconf 72' lang='lat' dir='ltr'>cuum.</span> <span class='ocrx_word' id='word_1_38' title='bbox 377 849 550 893; x_wconf 86' lang='lat' dir='ltr'>numerare</span> <span class='ocrx_word' id='word_1_39' title='bbox 565 839 720 894; x_wconf 88' lang='lat' dir='ltr'>memento</span> <span class='ocrx_word' id='word_1_40' title='bbox 735 829 800 893; x_wconf 81' lang='lat' dir='ltr'>imo</span> <span class='ocrx_word' id='word_1_41' title='bbox 812 827 954 892; x_wconf 77' lang='lat' dir='ltr'>maxime</span> <span class='ocrx_word' id='word_1_42' title='bbox 964 837 997 890; x_wconf 86' lang='lat' dir='ltr'>et</span> <span class='ocrx_word' id='word_1_43' title='bbox 998 825 1229 910; x_wconf 61' lang='lat' dir='ltr'>primitoliter</span> <span class='ocrx_word' id='word_1_44' title='bbox 1239 825 1364 910; x_wconf 85' lang='lat' dir='ltr'>abnega</span> <span class='ocrx_word' id='word_1_45' title='bbox 1378 837 1487 893; x_wconf 85' lang='lat' dir='ltr'>temet-</span> 
     </span>
     <span class='ocr_line' id='line_1_6' title="bbox 377 931 1485 1016; baseline 0 -20"><span class='ocrx_word' id='word_1_46' title='bbox 377 931 483 1014; x_wconf 79' lang='lat' dir='ltr'>ipsum</span> <span class='ocrx_word' id='word_1_47' title='bbox 500 934 548 1016; x_wconf 85' lang='lat'>(1).</span> <span class='ocrx_word' id='word_1_48' title='bbox 573 935 694 1001; x_wconf 90' lang='lat' dir='ltr'>Soluto</span> <span class='ocrx_word' id='word_1_49' title='bbox 717 955 756 999; x_wconf 92' lang='lat' dir='ltr'>ac</span> <span class='ocrx_word' id='word_1_50' title='bbox 780 935 885 998; x_wconf 89' lang='lat' dir='ltr'>libero</span> <span class='ocrx_word' id='word_1_51' title='bbox 909 932 953 997; x_wconf 89' lang='lat' dir='ltr'>ab</span> <span class='ocrx_word' id='word_1_52' title='bbox 977 933 1070 998; x_wconf 90' lang='lat' dir='ltr'>omni</span> <span class='ocrx_word' id='word_1_53' title='bbox 1095 932 1253 1016; x_wconf 90' lang='lat' dir='ltr'>cupidine</span> <span class='ocrx_word' id='word_1_54' title='bbox 1275 934 1398 1012; x_wconf 90' lang='lat' dir='ltr'>animo,</span> <span class='ocrx_word' id='word_1_55' title='bbox 1413 943 1485 996; x_wconf 91' lang='lat' dir='ltr'>tum</span> 
     </span>
     <span class='ocr_line' id='line_1_7' title="bbox 376 1036 1487 1122; baseline 0 -22"><span class='ocrx_word' id='word_1_56' title='bbox 376 1036 522 1122; x_wconf 91' lang='lat' dir='ltr'>denique</span> <span class='ocrx_word' id='word_1_57' title='bbox 551 1040 660 1103; x_wconf 88' lang='lat' dir='ltr'>alacre</span> <span class='ocrx_word' id='word_1_58' title='bbox 684 1049 718 1105; x_wconf 90' lang='lat' dir='ltr'>et</span> <span class='ocrx_word' id='word_1_59' title='bbox 745 1057 946 1122; x_wconf 85' lang='lat' dir='ltr'>generosum</span> <span class='ocrx_word' id='word_1_60' title='bbox 974 1037 1122 1101; x_wconf 91' lang='lat' dir='ltr'>studium</span> <span class='ocrx_word' id='word_1_61' title='bbox 1154 1038 1346 1120; x_wconf 85' lang='lat' dir='ltr'>concipient</span> <span class='ocrx_word' id='word_1_62' title='bbox 1370 1038 1487 1102; x_wconf 87' lang='lat' dir='ltr'>salutis</span> 
     </span>
     <span class='ocr_line' id='line_1_8' title="bbox 201 1139 1488 1245; baseline 0.003 -42"><span class='ocrx_word' id='word_1_63' title='bbox 201 1139 351 1245; x_wconf 45' lang='lat' dir='ltr'>eumz]</span> <span class='ocrx_word' id='word_1_64' title='bbox 376 1141 515 1222; x_wconf 90' lang='lat' dir='ltr'>alienae,</span> <span class='ocrx_word' id='word_1_65' title='bbox 530 1143 602 1208; x_wconf 90' lang='lat' dir='ltr'>sine</span> <span class='ocrx_word' id='word_1_66' title='bbox 617 1164 686 1226; x_wconf 92' lang='lat' dir='ltr'>quo</span> <span class='ocrx_word' id='word_1_67' title='bbox 712 1162 774 1207; x_wconf 92' lang='lat' dir='ltr'>nec</span> <span class='ocrx_word' id='word_1_68' title='bbox 801 1145 882 1208; x_wconf 89' lang='lat' dir='ltr'>satis</span> <span class='ocrx_word' id='word_1_69' title='bbox 908 1142 1121 1208; x_wconf 86' lang='lat' dir='ltr'>consulerent</span> <span class='ocrx_word' id='word_1_70' title='bbox 1145 1162 1234 1208; x_wconf 90' lang='lat' dir='ltr'>suae.</span> <span class='ocrx_word' id='word_1_71' title='bbox 1256 1141 1350 1208; x_wconf 82' lang='lat' dir='ltr'>Unus</span> <span class='ocrx_word' id='word_1_72' title='bbox 1370 1143 1488 1209; x_wconf 81' lang='lat' dir='ltr'>em&#39;tde</span> 
     </span>
     <span class='ocr_line' id='line_1_9' title="bbox 200 1243 1488 1330; baseline 0.005 -26"><span class='ocrx_word' id='word_1_73' title='bbox 200 1273 257 1304; x_wconf 74' lang='lat' dir='ltr'>rum</span> <span class='ocrx_word' id='word_1_74' title='bbox 279 1259 348 1311; x_wconf 68' lang='lat' dir='ltr'>unas.</span> <span class='ocrx_word' id='word_1_75' title='bbox 375 1243 516 1309; x_wconf 70' lang='lat' dir='ltr'>subditas</span> <span class='ocrx_word' id='word_1_76' title='bbox 539 1257 702 1330; x_wconf 85' lang='lat' dir='ltr'>quaestus,</span> <span class='ocrx_word' id='word_1_77' title='bbox 717 1267 785 1310; x_wconf 86' lang='lat' dir='ltr'>una</span> <span class='ocrx_word' id='word_1_78' title='bbox 804 1257 934 1329; x_wconf 82' lang='lat' dir='ltr'>pompa,</span> <span class='ocrx_word' id='word_1_79' title='bbox 961 1267 1089 1328; x_wconf 84' lang='lat' dir='ltr'>unoque</span> <span class='ocrx_word' id='word_1_80' title='bbox 1114 1245 1273 1326; x_wconf 82' lang='lat' dir='ltr'>voluptas,</span> <span class='ocrx_word' id='word_1_81' title='bbox 1287 1246 1321 1310; x_wconf 71' lang='grc' dir='ltr'>εἰ</span> <span class='ocrx_word' id='word_1_82' title='bbox 1332 1248 1488 1330; x_wconf 85' lang='lat' dir='ltr'>quomodo</span> 
     </span>
     <span class='ocr_line' id='line_1_10' title="bbox 371 1349 1486 1434; baseline 0.004 -22"><span class='ocrx_word' id='word_1_83' title='bbox 371 1359 499 1430; x_wconf 80' lang='lat' dir='ltr'>possent</span> <span class='ocrx_word' id='word_1_84' title='bbox 504 1363 630 1434; x_wconf 79' lang='lat' dir='ltr'>parare</span> <span class='ocrx_word' id='word_1_85' title='bbox 641 1351 762 1434; x_wconf 80' lang='lat' dir='ltr'>plebem</span> <span class='ocrx_word' id='word_1_86' title='bbox 773 1353 959 1434; x_wconf 81' lang='lat' dir='ltr'>perfectam.</span> <span class='ocrx_word' id='word_1_87' title='bbox 984 1351 1031 1414; x_wconf 88' lang='lat' dir='ltr'>Id</span> <span class='ocrx_word' id='word_1_88' title='bbox 1051 1349 1200 1414; x_wconf 84' lang='lat' dir='ltr'>omnibus</span> <span class='ocrx_word' id='word_1_89' title='bbox 1222 1359 1373 1434; x_wconf 83' lang='lat' dir='ltr'>satagent</span> <span class='ocrx_word' id='word_1_90' title='bbox 1385 1353 1486 1416; x_wconf 67' lang='lat' dir='ltr'>ettam</span> 
     </span>
     <span class='ocr_line' id='line_1_11' title="bbox 374 1454 1485 1538; baseline 0.001 -20"><span class='ocrx_word' id='word_1_91' title='bbox 374 1455 480 1518; x_wconf 82' lang='lat' dir='ltr'>multo</span> <span class='ocrx_word' id='word_1_92' title='bbox 494 1456 684 1519; x_wconf 83' lang='lat' dir='ltr'>contritione</span> <span class='ocrx_word' id='word_1_93' title='bbox 698 1456 804 1520; x_wconf 86' lang='lat' dir='ltr'>cordis</span> <span class='ocrx_word' id='word_1_94' title='bbox 818 1465 851 1520; x_wconf 86' lang='lat' dir='ltr'>et</span> <span class='ocrx_word' id='word_1_95' title='bbox 873 1455 1022 1538; x_wconf 81' lang='lat' dir='ltr'>corporis,</span> <span class='ocrx_word' id='word_1_96' title='bbox 1038 1455 1073 1519; x_wconf 80' lang='lat' dir='ltr'>in</span> <span class='ocrx_word' id='word_1_97' title='bbox 1088 1454 1197 1518; x_wconf 85' lang='lat' dir='ltr'>labore</span> <span class='ocrx_word' id='word_1_98' title='bbox 1220 1464 1253 1519; x_wconf 86' lang='lat' dir='ltr'>et</span> <span class='ocrx_word' id='word_1_99' title='bbox 1266 1475 1435 1534; x_wconf 80' lang='lat' dir='ltr'>aerumna,</span> <span class='ocrx_word' id='word_1_100' title='bbox 1451 1457 1485 1519; x_wconf 81' lang='lat' dir='ltr'>in</span> 
     </span>
     <span class='ocr_line' id='line_1_12' title="bbox 366 1557 1484 1644; baseline 0 -22"><span class='ocrx_word' id='word_1_101' title='bbox 366 1561 464 1642; x_wconf 80' lang='lat' dir='ltr'>fante</span> <span class='ocrx_word' id='word_1_102' title='bbox 478 1569 509 1622; x_wconf 86' lang='lat' dir='ltr'>et</span> <span class='ocrx_word' id='word_1_103' title='bbox 519 1559 586 1638; x_wconf 81' lang='lat' dir='ltr'>siti,</span> <span class='ocrx_word' id='word_1_104' title='bbox 603 1560 638 1622; x_wconf 85' lang='lat' dir='ltr'>e&#39;n</span> <span class='ocrx_word' id='word_1_105' title='bbox 664 1561 797 1644; x_wconf 72' lang='lat' dir='ltr'>fregere</span> <span class='ocrx_word' id='word_1_106' title='bbox 822 1569 854 1623; x_wconf 84' lang='lat' dir='ltr'>et</span> <span class='ocrx_word' id='word_1_107' title='bbox 876 1559 1026 1624; x_wconf 80' lang='lat' dir='ltr'>nuditate</span> <span class='ocrx_word' id='word_1_108' title='bbox 1042 1557 1092 1642; x_wconf 83' lang='lat'>(²).</span> <span class='ocrx_word' id='word_1_109' title='bbox 1109 1558 1306 1626; x_wconf 90' lang='lat' dir='ltr'>Cuiusmodi</span> <span class='ocrx_word' id='word_1_110' title='bbox 1329 1559 1484 1624; x_wconf 90' lang='lat' dir='ltr'>virtutem</span> 
     </span>
     <span class='ocr_line' id='line_1_13' title="bbox 199 1660 1484 1746; baseline -0.004 -14"><span class='ocrx_word' id='word_1_111' title='bbox 199 1685 349 1732; x_wconf 71' lang='lat' dir='ltr'>quemam-</span> <span class='ocrx_word' id='word_1_112' title='bbox 375 1681 507 1744; x_wconf 90' lang='lat' dir='ltr'>semper</span> <span class='ocrx_word' id='word_1_113' title='bbox 533 1673 765 1745; x_wconf 84' lang='lat' dir='ltr'>experrectam</span> <span class='ocrx_word' id='word_1_114' title='bbox 793 1663 894 1728; x_wconf 90' lang='lat' dir='ltr'>etad</span> <span class='ocrx_word' id='word_1_115' title='bbox 920 1664 1024 1726; x_wconf 86' lang='lat' dir='ltr'>ardua</span> <span class='ocrx_word' id='word_1_116' title='bbox 1051 1660 1230 1746; x_wconf 90' lang='lat' dir='ltr'>quaelibet,</span> <span class='ocrx_word' id='word_1_117' title='bbox 1251 1662 1484 1745; x_wconf 88' lang='lat' dir='ltr'>proximorum</span> 
     </span>
     <span class='ocr_line' id='line_1_14' title="bbox 199 1732 1485 1846; baseline 0.002 -21"><span class='ocrx_word' id='word_1_118' title='bbox 199 1733 274 1836; x_wconf 48' lang='lat' dir='ltr'>,baffi</span> <span class='ocrx_word' id='word_1_119' title='bbox 287 1732 351 1834; x_wconf 55' lang='lat' dir='ltr'>⁶50²ss</span> <span class='ocrx_word' id='word_1_120' title='bbox 375 1767 492 1846; x_wconf 86' lang='lat' dir='ltr'>gratia,</span> <span class='ocrx_word' id='word_1_121' title='bbox 507 1765 712 1846; x_wconf 86' lang='lat' dir='ltr'>impavidam</span> <span class='ocrx_word' id='word_1_122' title='bbox 729 1765 812 1828; x_wconf 89' lang='lat' dir='ltr'>mire</span> <span class='ocrx_word' id='word_1_123' title='bbox 827 1764 918 1828; x_wconf 88' lang='lat' dir='ltr'>l&#39;ovet</span> <span class='ocrx_word' id='word_1_124' title='bbox 933 1772 967 1826; x_wconf 91' lang='lat' dir='ltr'>et</span> <span class='ocrx_word' id='word_1_125' title='bbox 980 1763 1173 1826; x_wconf 82' lang='lat' dir='ltr'>corroborat</span> <span class='ocrx_word' id='word_1_126' title='bbox 1185 1763 1350 1826; x_wconf 89' lang='lat' dir='ltr'>bonorum</span> <span class='ocrx_word' id='word_1_127' title='bbox 1378 1761 1485 1827; x_wconf 88' lang='lat' dir='ltr'>caele·</span> 
     </span>
     <span class='ocr_line' id='line_1_15' title="bbox 201 1850 1486 1951; baseline -0.002 -21"><span class='ocrx_word' id='word_1_128' title='bbox 201 1850 327 1909; x_wconf 50' lang='lat' dir='ltr'>“ml“”l&#39;</span> <span class='ocrx_word' id='word_1_129' title='bbox 375 1869 476 1930; x_wconf 92' lang='lat' dir='ltr'>stium</span> <span class='ocrx_word' id='word_1_130' title='bbox 492 1867 735 1951; x_wconf 90' lang='lat' dir='ltr'>contemplatio</span> <span class='ocrx_word' id='word_1_131' title='bbox 759 1867 922 1950; x_wconf 84' lang='lat' dir='ltr'>frequens.</span> <span class='ocrx_word' id='word_1_132' title='bbox 942 1866 981 1929; x_wconf 93' lang='lat' dir='ltr'>ln</span> <span class='ocrx_word' id='word_1_133' title='bbox 1006 1885 1074 1948; x_wconf 91' lang='lat' dir='ltr'>qua</span> <span class='ocrx_word' id='word_1_134' title='bbox 1089 1885 1169 1929; x_wconf 90' lang='lat' dir='ltr'>sane</span> <span class='ocrx_word' id='word_1_135' title='bbox 1190 1872 1319 1948; x_wconf 92' lang='lat' dir='ltr'>quanto</span> <span class='ocrx_word' id='word_1_136' title='bbox 1334 1864 1410 1946; x_wconf 91' lang='lat' dir='ltr'>plus</span> <span class='ocrx_word' id='word_1_137' title='bbox 1425 1885 1486 1948; x_wconf 91' lang='lat' dir='ltr'>po-</span> 
     </span>
     <span class='ocr_line' id='line_1_16' title="bbox 375 1969 1484 2054; baseline 0.001 -21"><span class='ocrx_word' id='word_1_138' title='bbox 375 1971 501 2036; x_wconf 90' lang='lat' dir='ltr'>suerint</span> <span class='ocrx_word' id='word_1_139' title='bbox 531 1992 661 2054; x_wconf 86' lang='lat' dir='ltr'>operae,</span> <span class='ocrx_word' id='word_1_140' title='bbox 692 1981 788 2036; x_wconf 89' lang='lat' dir='ltr'>tanto</span> <span class='ocrx_word' id='word_1_141' title='bbox 818 1971 977 2054; x_wconf 89' lang='lat' dir='ltr'>liquidius</span> <span class='ocrx_word' id='word_1_142' title='bbox 1008 1969 1275 2052; x_wconf 86' lang='lat' dir='ltr'>magnitudinem</span> <span class='ocrx_word' id='word_1_143' title='bbox 1308 1989 1484 2034; x_wconf 89' lang='lat' dir='ltr'>munerum</span> 
     </span>
     <span class='ocr_line' id='line_1_17' title="bbox 375 2073 1485 2157; baseline 0.005 -21"><span class='ocrx_word' id='word_1_144' title='bbox 375 2075 633 2139; x_wconf 88' lang='lat' dir='ltr'>sacerdotalium</span> <span class='ocrx_word' id='word_1_145' title='bbox 660 2085 693 2140; x_wconf 89' lang='lat' dir='ltr'>et</span> <span class='ocrx_word' id='word_1_146' title='bbox 721 2076 956 2140; x_wconf 83' lang='lat' dir='ltr'>excellentiam</span> <span class='ocrx_word' id='word_1_147' title='bbox 985 2085 1020 2138; x_wconf 90' lang='lat' dir='ltr'>et</span> <span class='ocrx_word' id='word_1_148' title='bbox 1046 2076 1259 2140; x_wconf 85' lang='lat' dir='ltr'>sanctitatem</span> <span class='ocrx_word' id='word_1_149' title='bbox 1284 2073 1485 2157; x_wconf 89' lang='lat' dir='ltr'>intelligent.</span> 
     </span>
     <span class='ocr_line' id='line_1_18' title="bbox 376 2178 1484 2265; baseline -0.001 -23"><span class='ocrx_word' id='word_1_150' title='bbox 376 2179 578 2244; x_wconf 88' lang='lat' dir='ltr'>Iudicabunt</span> <span class='ocrx_word' id='word_1_151' title='bbox 594 2179 675 2244; x_wconf 91' lang='lat' dir='ltr'>illud</span> <span class='ocrx_word' id='word_1_152' title='bbox 691 2201 793 2265; x_wconf 90' lang='lat' dir='ltr'>quam</span> <span class='ocrx_word' id='word_1_153' title='bbox 810 2180 853 2244; x_wconf 90' lang='lat' dir='ltr'>sit</span> <span class='ocrx_word' id='word_1_154' title='bbox 868 2181 1035 2255; x_wconf 88' lang='lat' dir='ltr'>miserum,</span> <span class='ocrx_word' id='word_1_155' title='bbox 1051 2189 1102 2244; x_wconf 92' lang='lat' dir='ltr'>tot</span> <span class='ocrx_word' id='word_1_156' title='bbox 1117 2179 1271 2243; x_wconf 91' lang='lat' dir='ltr'>homines</span> <span class='ocrx_word' id='word_1_157' title='bbox 1286 2199 1347 2261; x_wconf 89' lang='lat' dir='ltr'>per</span> <span class='ocrx_word' id='word_1_158' title='bbox 1364 2178 1484 2242; x_wconf 75' lang='lat' dir='ltr'><strong>IESUM</strong></span> 
     </span>
     <span class='ocr_line' id='line_1_19' title="bbox 376 2283 1486 2368; baseline -0.004 -18"><span class='ocrx_word' id='word_1_159' title='bbox 376 2283 578 2351; x_wconf 81' lang='lat' dir='ltr'>CHRISTUM</span> <span class='ocrx_word' id='word_1_160' title='bbox 594 2286 795 2368; x_wconf 83' lang='lat' dir='ltr'>redemptos,</span> <span class='ocrx_word' id='word_1_161' title='bbox 811 2305 905 2349; x_wconf 87' lang='lat' dir='ltr'>ruere</span> <span class='ocrx_word' id='word_1_162' title='bbox 929 2296 1042 2349; x_wconf 87' lang='lat' dir='ltr'>tamen</span> <span class='ocrx_word' id='word_1_163' title='bbox 1068 2285 1101 2347; x_wconf 90' lang='lat' dir='ltr'>in</span> <span class='ocrx_word' id='word_1_164' title='bbox 1125 2284 1294 2348; x_wconf 90' lang='lat' dir='ltr'>interitum</span> <span class='ocrx_word' id='word_1_165' title='bbox 1312 2284 1486 2364; x_wconf 88' lang='lat' dir='ltr'>sempiter-</span> 
     </span>
     <span class='ocr_line' id='line_1_20' title="bbox 375 2387 1487 2474; baseline -0.001 -23"><span class='ocrx_word' id='word_1_166' title='bbox 375 2408 479 2454; x_wconf 89' lang='lat' dir='ltr'>num:</span> <span class='ocrx_word' id='word_1_167' title='bbox 505 2391 704 2474; x_wconf 87' lang='lat' dir='ltr'>divinaeque</span> <span class='ocrx_word' id='word_1_168' title='bbox 729 2392 935 2474; x_wconf 84' lang='lat' dir='ltr'>cogitatione</span> <span class='ocrx_word' id='word_1_169' title='bbox 962 2398 1100 2453; x_wconf 89' lang='lat' dir='ltr'>naturae</span> <span class='ocrx_word' id='word_1_170' title='bbox 1124 2390 1158 2451; x_wconf 93' lang='lat' dir='ltr'>in</span> <span class='ocrx_word' id='word_1_171' title='bbox 1183 2408 1332 2452; x_wconf 88' lang='lat' dir='ltr'>amorem</span> <span class='ocrx_word' id='word_1_172' title='bbox 1359 2387 1422 2452; x_wconf 92' lang='lat' dir='ltr'>Dei</span> <span class='ocrx_word' id='word_1_173' title='bbox 1452 2397 1487 2450; x_wconf 90' lang='lat' dir='ltr'>et</span> 
     </span>
     <span class='ocr_line' id='line_1_21' title="bbox 375 2491 1302 2560; baseline 0.003 -8"><span class='ocrx_word' id='word_1_174' title='bbox 375 2491 551 2557; x_wconf 88' lang='lat' dir='ltr'>intendent</span> <span class='ocrx_word' id='word_1_175' title='bbox 567 2514 639 2557; x_wconf 90' lang='lat' dir='ltr'>sese</span> <span class='ocrx_word' id='word_1_176' title='bbox 655 2494 886 2559; x_wconf 87' lang='lat' dir='ltr'>vehementius</span> <span class='ocrx_word' id='word_1_177' title='bbox 901 2504 935 2560; x_wconf 89' lang='lat' dir='ltr'>et</span> <span class='ocrx_word' id='word_1_178' title='bbox 951 2505 1078 2558; x_wconf 88' lang='lat' dir='ltr'>ceteros</span> <span class='ocrx_word' id='word_1_179' title='bbox 1095 2492 1302 2556; x_wconf 77' lang='lat' dir='ltr'>excitabunt</span> 
     </span>
     <span class='ocr_line' id='line_1_22' title="bbox 230 2597 1486 2662; baseline 0 -2"><span class='ocrx_word' id='word_1_180' title='bbox 230 2615 281 2661; x_wconf 80' lang='lat' dir='ltr'>mr</span> <span class='ocrx_word' id='word_1_181' title='bbox 304 2615 351 2661; x_wconf 74' lang='lat' dir='ltr'>tes·</span> <span class='ocrx_word' id='word_1_182' title='bbox 420 2597 483 2661; x_wconf 88' lang='lat' dir='ltr'>Est</span> <span class='ocrx_word' id='word_1_183' title='bbox 499 2599 663 2662; x_wconf 89' lang='lat' dir='ltr'>eiusmodi</span> <span class='ocrx_word' id='word_1_184' title='bbox 680 2619 794 2662; x_wconf 90' lang='lat' dir='ltr'>cursus</span> <span class='ocrx_word' id='word_1_185' title='bbox 811 2599 852 2662; x_wconf 89' lang='lat' dir='ltr'>ad</span> <span class='ocrx_word' id='word_1_186' title='bbox 881 2598 1022 2662; x_wconf 89' lang='lat' dir='ltr'>salutem</span> <span class='ocrx_word' id='word_1_187' title='bbox 1040 2617 1253 2660; x_wconf 87' lang='lat' dir='ltr'>communem</span> <span class='ocrx_word' id='word_1_188' title='bbox 1270 2597 1486 2660; x_wconf 90' lang='lat' dir='ltr'>certissimus.</span> 
     </span>
     <span class='ocr_line' id='line_1_23' title="bbox 197 2675 1487 2786; baseline -0.002 -22"><span class='ocrx_word' id='word_1_189' title='bbox 197 2675 340 2734; x_wconf 54' lang='lat' dir='ltr'>mmm·</span> <span class='ocrx_word' id='word_1_190' title='bbox 378 2702 417 2764; x_wconf 94' lang='lat' dir='ltr'>ln</span> <span class='ocrx_word' id='word_1_191' title='bbox 434 2721 501 2784; x_wconf 92' lang='lat' dir='ltr'>quo</span> <span class='ocrx_word' id='word_1_192' title='bbox 517 2713 630 2766; x_wconf 89' lang='lat' dir='ltr'>tarnen</span> <span class='ocrx_word' id='word_1_193' title='bbox 659 2723 863 2786; x_wconf 84' lang='lat' dir='ltr'>magnopere</span> <span class='ocrx_word' id='word_1_194' title='bbox 889 2703 1086 2780; x_wconf 90' lang='lat' dir='ltr'>cavendum,</span> <span class='ocrx_word' id='word_1_195' title='bbox 1101 2721 1143 2764; x_wconf 90' lang='lat' dir='ltr'>ne</span> <span class='ocrx_word' id='word_1_196' title='bbox 1170 2700 1227 2782; x_wconf 93' lang='lat' dir='ltr'>qui</span> <span class='ocrx_word' id='word_1_197' title='bbox 1253 2699 1487 2782; x_wconf 81' lang='lat' dir='ltr'>magnitudine</span> 
     </span>
     <span class='ocr_line' id='line_1_24' title="bbox 375 2799 1485 2888; baseline -0.005 -18"><span class='ocrx_word' id='word_1_198' title='bbox 375 2804 610 2870; x_wconf 89' lang='lat' dir='ltr'>difficultatum</span> <span class='ocrx_word' id='word_1_199' title='bbox 627 2815 796 2884; x_wconf 86' lang='lat' dir='ltr'>terreatur,</span> <span class='ocrx_word' id='word_1_200' title='bbox 813 2815 871 2870; x_wconf 90' lang='lat' dir='ltr'>aut</span> <span class='ocrx_word' id='word_1_201' title='bbox 887 2816 1023 2888; x_wconf 85' lang='lat' dir='ltr'>propter</span> <span class='ocrx_word' id='word_1_202' title='bbox 1047 2805 1302 2869; x_wconf 88' lang='lat' dir='ltr'>diuturnitatem</span> <span class='ocrx_word' id='word_1_203' title='bbox 1320 2799 1485 2866; x_wconf 90' lang='lat' dir='ltr'>malorum</span> 
     </span>
     <span class='ocr_line' id='line_1_25' title="bbox 376 2906 1486 2992; baseline -0.005 -18"><span class='ocrx_word' id='word_1_204' title='bbox 376 2912 419 2974; x_wconf 96' lang='lat' dir='ltr'>de</span> <span class='ocrx_word' id='word_1_205' title='bbox 448 2911 624 2974; x_wconf 87' lang='lat' dir='ltr'>sanatione</span> <span class='ocrx_word' id='word_1_206' title='bbox 661 2912 823 2992; x_wconf 90' lang='lat' dir='ltr'>desperet.</span> <span class='ocrx_word' id='word_1_207' title='bbox 856 2911 920 2974; x_wconf 89' lang='lat' dir='ltr'>Dei</span> <span class='ocrx_word' id='word_1_208' title='bbox 959 2909 1161 2992; x_wconf 89' lang='lat' dir='ltr'>aequissima</span> <span class='ocrx_word' id='word_1_209' title='bbox 1199 2906 1486 2988; x_wconf 86' lang='lat' dir='ltr'>immutabilisque</span> 
     </span>
     <span class='ocr_line' id='line_1_26' title="bbox 235 3011 1485 3104; baseline -0.009 -21"><span class='ocrx_word' id='word_1_210' title='bbox 235 3035 330 3104; x_wconf 31' lang='lat' dir='ltr'>luscus,</span> <span class='ocrx_word' id='word_1_211' title='bbox 376 3015 502 3079; x_wconf 86' lang='lat' dir='ltr'>iustitia</span> <span class='ocrx_word' id='word_1_212' title='bbox 517 3024 551 3077; x_wconf 93' lang='lat' dir='ltr'>et</span> <span class='ocrx_word' id='word_1_213' title='bbox 568 3025 676 3078; x_wconf 87' lang='lat' dir='ltr'>rectae</span> <span class='ocrx_word' id='word_1_214' title='bbox 691 3015 788 3079; x_wconf 83' lang='lat' dir='ltr'>factis</span> <span class='ocrx_word' id='word_1_215' title='bbox 804 3013 953 3096; x_wconf 88' lang='lat' dir='ltr'>praemia</span> <span class='ocrx_word' id='word_1_216' title='bbox 970 3023 1115 3077; x_wconf 87' lang='lat' dir='ltr'>reservat</span> <span class='ocrx_word' id='word_1_217' title='bbox 1131 3022 1164 3076; x_wconf 90' lang='lat' dir='ltr'>et</span> <span class='ocrx_word' id='word_1_218' title='bbox 1180 3011 1344 3094; x_wconf 90' lang='lat' dir='ltr'>supplicia</span> <span class='ocrx_word' id='word_1_219' title='bbox 1367 3029 1485 3092; x_wconf 86' lang='lat' dir='ltr'>pecca-</span> 
     </span>
     <span class='ocr_line' id='line_1_27' title="bbox 201 3095 1484 3200; baseline -0.007 -15"><span class='ocrx_word' id='word_1_220' title='bbox 201 3095 351 3198; x_wconf 54' lang='lat' dir='ltr'>ssffinssss‘}</span> <span class='ocrx_word' id='word_1_221' title='bbox 374 3120 427 3185; x_wconf 90' lang='lat' dir='ltr'>tis.</span> <span class='ocrx_word' id='word_1_222' title='bbox 444 3119 569 3183; x_wconf 90' lang='lat' dir='ltr'>Gentes</span> <span class='ocrx_word' id='word_1_223' title='bbox 584 3140 663 3182; x_wconf 90' lang='lat' dir='ltr'>vero</span> <span class='ocrx_word' id='word_1_224' title='bbox 690 3129 723 3182; x_wconf 91' lang='lat' dir='ltr'>et</span> <span class='ocrx_word' id='word_1_225' title='bbox 751 3120 913 3196; x_wconf 88' lang='lat' dir='ltr'>nationes,</span> <span class='ocrx_word' id='word_1_226' title='bbox 937 3119 1096 3200; x_wconf 89' lang='lat' dir='ltr'>quoniam</span> <span class='ocrx_word' id='word_1_227' title='bbox 1124 3115 1210 3180; x_wconf 87' lang='lat' dir='ltr'>ultra</span> <span class='ocrx_word' id='word_1_228' title='bbox 1235 3115 1385 3179; x_wconf 90' lang='lat' dir='ltr'>mortalis</span> <span class='ocrx_word' id='word_1_229' title='bbox 1412 3115 1484 3177; x_wconf 86' lang='lat' dir='ltr'>aevi</span> 
     </span>
     <span class='ocr_line' id='line_1_28' title="bbox 202 3213 1484 3316; baseline -0.003 -32"><span class='ocrx_word' id='word_1_230' title='bbox 202 3217 226 3256; x_wconf 59' lang='grc' dir='ltr'><strong><em>Μ</em></strong></span> <span class='ocrx_word' id='word_1_231' title='bbox 244 3213 352 3316; x_wconf 55' lang='lat' dir='ltr'>‘ffmffl</span> <span class='ocrx_word' id='word_1_232' title='bbox 374 3222 521 3303; x_wconf 89' lang='lat' dir='ltr'>spatium</span> <span class='ocrx_word' id='word_1_233' title='bbox 538 3222 715 3304; x_wconf 88' lang='lat' dir='ltr'>propagari</span> <span class='ocrx_word' id='word_1_234' title='bbox 731 3242 799 3285; x_wconf 92' lang='lat' dir='ltr'>non</span> <span class='ocrx_word' id='word_1_235' title='bbox 825 3231 973 3303; x_wconf 85' lang='lat' dir='ltr'>possunt,</span> <span class='ocrx_word' id='word_1_236' title='bbox 996 3221 1145 3285; x_wconf 88' lang='lat' dir='ltr'>debitam</span> <span class='ocrx_word' id='word_1_237' title='bbox 1171 3219 1268 3283; x_wconf 89' lang='lat' dir='ltr'>factis</span> <span class='ocrx_word' id='word_1_238' title='bbox 1295 3219 1484 3282; x_wconf 88' lang='lat' dir='ltr'>mercedem</span> 
     </span>
    </p>
   </div>
   <div class='ocr_carea' id='block_1_3' title="bbox 200 3273 242 3316">
    <p class='ocr_par' dir='ltr' id='par_1_3' title="bbox 200 3273 242 3316">
     <span class='ocr_line' id='line_1_29' title="bbox 200 3273 242 3316; baseline 0 0"><span class='ocrx_word' id='word_1_239' title='bbox 200 3273 242 3316; x_wconf 83' lang='lat' dir='ltr'>bon</span> 
     </span>
    </p>
   </div>
   <div class='ocr_carea' id='block_1_4' title="bbox 199 3325 1485 3436">
    <p class='ocr_par' dir='ltr' id='par_1_4' title="bbox 199 3325 1485 3436">
     <span class='ocr_line' id='line_1_30' title="bbox 199 3325 1485 3436; baseline -0.006 -45"><span class='ocrx_word' id='word_1_240' title='bbox 199 3331 349 3436; x_wconf 38' lang='lat' dir='ltr'>mm?</span> <span class='ocrx_word' id='word_1_241' title='bbox 374 3327 481 3390; x_wconf 86' lang='lat' dir='ltr'>lerant</span> <span class='ocrx_word' id='word_1_242' title='bbox 498 3327 530 3388; x_wconf 92' lang='lat' dir='ltr'>in</span> <span class='ocrx_word' id='word_1_243' title='bbox 545 3327 639 3388; x_wconf 89' lang='lat' dir='ltr'>terris</span> <span class='ocrx_word' id='word_1_244' title='bbox 650 3345 785 3388; x_wconf 88' lang='lat' dir='ltr'>necesse</span> <span class='ocrx_word' id='word_1_245' title='bbox 797 3335 856 3389; x_wconf 90' lang='lat' dir='ltr'>est.</span> <span class='ocrx_word' id='word_1_246' title='bbox 871 3325 1077 3408; x_wconf 90' lang='lat' dir='ltr'>Utiquenon</span> <span class='ocrx_word' id='word_1_247' title='bbox 1095 3335 1146 3387; x_wconf 91' lang='lat' dir='ltr'>est</span> <span class='ocrx_word' id='word_1_248' title='bbox 1162 3343 1296 3400; x_wconf 90' lang='lat' dir='ltr'>novum,</span> <span class='ocrx_word' id='word_1_249' title='bbox 1312 3340 1485 3385; x_wconf 88' lang='lat' dir='ltr'>successus</span> 
     </span>
    </p>
   </div>
   <div class='ocr_carea' id='block_1_5' title="bbox 188 3427 1483 4237">
    <p class='ocr_par' dir='ltr' id='par_1_5' title="bbox 199 3427 1483 3618">
     <span class='ocr_line' id='line_1_31' title="bbox 199 3427 1483 3513; baseline -0.004 -19"><span class='ocrx_word' id='word_1_250' title='bbox 199 3454 248 3496; x_wconf 76' lang='lat' dir='ltr'>var.</span> <span class='ocrx_word' id='word_1_251' title='bbox 374 3451 550 3513; x_wconf 91' lang='lat' dir='ltr'>prosperos</span> <span class='ocrx_word' id='word_1_252' title='bbox 566 3430 717 3511; x_wconf 86' lang='lat' dir='ltr'>peccanti</span> <span class='ocrx_word' id='word_1_253' title='bbox 733 3430 860 3493; x_wconf 89' lang='lat' dir='ltr'>civitati</span> <span class='ocrx_word' id='word_1_254' title='bbox 876 3430 1092 3512; x_wconf 87' lang='lat' dir='ltr'>contingere:</span> <span class='ocrx_word' id='word_1_255' title='bbox 1109 3429 1210 3510; x_wconf 91' lang='lat' dir='ltr'>idque</span> <span class='ocrx_word' id='word_1_256' title='bbox 1222 3427 1310 3491; x_wconf 93' lang='lat' dir='ltr'>iusto</span> <span class='ocrx_word' id='word_1_257' title='bbox 1326 3427 1392 3490; x_wconf 88' lang='lat' dir='ltr'>Dei</span> <span class='ocrx_word' id='word_1_258' title='bbox 1405 3445 1483 3490; x_wconf 90' lang='lat' dir='ltr'>con·</span> 
     </span>
     <span class='ocr_line' id='line_1_32' title="bbox 374 3531 1483 3618; baseline -0.005 -20"><span class='ocrx_word' id='word_1_259' title='bbox 374 3535 457 3613; x_wconf 89' lang='lat' dir='ltr'>silio,</span> <span class='ocrx_word' id='word_1_260' title='bbox 472 3534 529 3618; x_wconf 91' lang='lat' dir='ltr'>qui</span> <span class='ocrx_word' id='word_1_261' title='bbox 545 3534 693 3596; x_wconf 88' lang='lat' dir='ltr'>actiones</span> <span class='ocrx_word' id='word_1_262' title='bbox 710 3532 903 3609; x_wconf 89' lang='lat' dir='ltr'>laudabiles,</span> <span class='ocrx_word' id='word_1_263' title='bbox 919 3533 1132 3616; x_wconf 90' lang='lat' dir='ltr'>nequeenim</span> <span class='ocrx_word' id='word_1_264' title='bbox 1148 3543 1199 3596; x_wconf 88' lang='lat' dir='ltr'>est</span> <span class='ocrx_word' id='word_1_265' title='bbox 1216 3532 1284 3596; x_wconf 90' lang='lat' dir='ltr'>ulla</span> <span class='ocrx_word' id='word_1_266' title='bbox 1296 3551 1379 3614; x_wconf 84' lang='lat' dir='ltr'>gens</span> <span class='ocrx_word' id='word_1_267' title='bbox 1390 3531 1483 3595; x_wconf 91' lang='lat' dir='ltr'>omni</span> 
     </span>
    </p>

    <p class='ocr_par' dir='ltr' id='par_1_6' title="bbox 374 3635 1483 3719">
     <span class='ocr_line' id='line_1_33' title="bbox 374 3635 1483 3719; baseline -0.004 -17"><span class='ocrx_word' id='word_1_268' title='bbox 374 3639 473 3702; x_wconf 88' lang='lat' dir='ltr'>laude</span> <span class='ocrx_word' id='word_1_269' title='bbox 488 3657 619 3712; x_wconf 90' lang='lat' dir='ltr'>vacans,</span> <span class='ocrx_word' id='word_1_270' title='bbox 635 3636 1045 3701; x_wconf 90' lang='lat' dir='ltr'>eiusmodibeneficiorum</span> <span class='ocrx_word' id='word_1_271' title='bbox 1059 3658 1180 3719; x_wconf 86' lang='lat' dir='ltr'>genere</span> <span class='ocrx_word' id='word_1_272' title='bbox 1191 3635 1358 3699; x_wconf 91' lang='lat' dir='ltr'>interdum</span> <span class='ocrx_word' id='word_1_273' title='bbox 1376 3655 1483 3699; x_wconf 89' lang='lat' dir='ltr'>remu·</span> 
     </span>
    </p>

    <p class='ocr_par' dir='ltr' id='par_1_7' title="bbox 374 3739 1483 3823">
     <span class='ocr_line' id='line_1_34' title="bbox 374 3739 1483 3823; baseline -0.005 -18"><span class='ocrx_word' id='word_1_274' title='bbox 374 3751 508 3807; x_wconf 89' lang='lat' dir='ltr'>neratur</span> <span class='ocrx_word' id='word_1_275' title='bbox 523 3766 530 3805; x_wconf 92' lang='lat'><strong>:</strong></span> <span class='ocrx_word' id='word_1_276' title='bbox 545 3740 636 3823; x_wconf 92' lang='lat' dir='ltr'>quod</span> <span class='ocrx_word' id='word_1_277' title='bbox 653 3740 686 3802; x_wconf 88' lang='lat' dir='ltr'>in</span> <span class='ocrx_word' id='word_1_278' title='bbox 714 3741 841 3822; x_wconf 92' lang='lat' dir='ltr'>populo</span> <span class='ocrx_word' id='word_1_279' title='bbox 869 3762 1008 3806; x_wconf 89' lang='lat' dir='ltr'>romano</span> <span class='ocrx_word' id='word_1_280' title='bbox 1036 3741 1162 3805; x_wconf 87' lang='lat' dir='ltr'>iudicat</span> <span class='ocrx_word' id='word_1_281' title='bbox 1177 3739 1389 3823; x_wconf 87' lang='lat' dir='ltr'>Augustinus</span> <span class='ocrx_word' id='word_1_282' title='bbox 1404 3757 1483 3802; x_wconf 90' lang='lat' dir='ltr'>con-</span> 
     </span>
    </p>

    <p class='ocr_par' dir='ltr' id='par_1_8' title="bbox 188 3842 1483 4237">
     <span class='ocr_line' id='line_1_35' title="bbox 214 3842 1482 3930; baseline -0.002 -24"><span class='ocrx_word' id='word_1_283' title='bbox 214 3861 349 3930; x_wconf 66' lang='lat' dir='ltr'>(nojant-</span> <span class='ocrx_word' id='word_1_284' title='bbox 374 3847 498 3930; x_wconf 88' lang='lat' dir='ltr'>tigisse.</span> <span class='ocrx_word' id='word_1_285' title='bbox 515 3845 604 3908; x_wconf 89' lang='lat' dir='ltr'>Rata</span> <span class='ocrx_word' id='word_1_286' title='bbox 620 3853 733 3908; x_wconf 86' lang='lat' dir='ltr'>tamen</span> <span class='ocrx_word' id='word_1_287' title='bbox 752 3843 808 3908; x_wconf 86' lang='lat' dir='ltr'>lex</span> <span class='ocrx_word' id='word_1_288' title='bbox 824 3853 885 3922; x_wconf 89' lang='lat' dir='ltr'>est,</span> <span class='ocrx_word' id='word_1_289' title='bbox 900 3847 942 3909; x_wconf 92' lang='lat' dir='ltr'>ad</span> <span class='ocrx_word' id='word_1_290' title='bbox 953 3867 1148 3928; x_wconf 90' lang='lat' dir='ltr'>prosperam</span> <span class='ocrx_word' id='word_1_291' title='bbox 1163 3845 1331 3908; x_wconf 85' lang='lat' dir='ltr'>fortunam</span> <span class='ocrx_word' id='word_1_292' title='bbox 1344 3842 1482 3906; x_wconf 90' lang='lat' dir='ltr'>omnino</span> 
     </span>
     <span class='ocr_line' id='line_1_36' title="bbox 199 3922 1481 4032; baseline -0.004 -19"><span class='ocrx_word' id='word_1_293' title='bbox 199 3925 241 4025; x_wconf 59' lang='lat'>22²</span> <span class='ocrx_word' id='word_1_294' title='bbox 264 3922 350 4024; x_wconf 53' lang='lat' dir='ltr'>im</span> <span class='ocrx_word' id='word_1_295' title='bbox 374 3949 553 4032; x_wconf 89' lang='lat' dir='ltr'>plurimum</span> <span class='ocrx_word' id='word_1_296' title='bbox 571 3948 730 4011; x_wconf 90' lang='lat' dir='ltr'>interesse</span> <span class='ocrx_word' id='word_1_297' title='bbox 746 3949 1033 4031; x_wconf 89' lang='lat' dir='ltr'>quemadmodum</span> <span class='ocrx_word' id='word_1_298' title='bbox 1051 3949 1183 4032; x_wconf 89' lang='lat' dir='ltr'>publice</span> <span class='ocrx_word' id='word_1_299' title='bbox 1197 3948 1310 4024; x_wconf 92' lang='lat' dir='ltr'>virtus,</span> <span class='ocrx_word' id='word_1_300' title='bbox 1322 3967 1361 4010; x_wconf 92' lang='lat' dir='ltr'>ac</span> <span class='ocrx_word' id='word_1_301' title='bbox 1376 3944 1481 4010; x_wconf 90' lang='lat' dir='ltr'>nomi·</span> 
     </span>
     <span class='ocr_line' id='line_1_37' title="bbox 199 4047 1483 4157; baseline -0.004 -40"><span class='ocrx_word' id='word_1_302' title='bbox 199 4053 350 4157; x_wconf 47' lang='lat'>33⁸2}</span> <span class='ocrx_word' id='word_1_303' title='bbox 374 4054 477 4117; x_wconf 91' lang='lat' dir='ltr'>natim</span> <span class='ocrx_word' id='word_1_304' title='bbox 495 4072 543 4128; x_wconf 89' lang='lat' dir='ltr'>ea,</span> <span class='ocrx_word' id='word_1_305' title='bbox 558 4071 644 4133; x_wconf 87' lang='lat' dir='ltr'>quae</span> <span class='ocrx_word' id='word_1_306' title='bbox 661 4071 780 4132; x_wconf 90' lang='lat' dir='ltr'>parens</span> <span class='ocrx_word' id='word_1_307' title='bbox 796 4059 847 4115; x_wconf 91' lang='lat' dir='ltr'>est</span> <span class='ocrx_word' id='word_1_308' title='bbox 859 4061 1042 4116; x_wconf 90' lang='lat' dir='ltr'>ceterarum</span> <span class='ocrx_word' id='word_1_309' title='bbox 1059 4052 1186 4116; x_wconf 85' lang='lat' dir='ltr'>iustitia</span> <span class='ocrx_word' id='word_1_310' title='bbox 1198 4051 1335 4115; x_wconf 89' lang='lat' dir='ltr'>colatur.</span> <span class='ocrx_word' id='word_1_311' title='bbox 1346 4047 1483 4113; x_wconf 83' lang='lat' dir='ltr'>Iustitia</span> 
     </span>
     <span class='ocr_line' id='line_1_38' title="bbox 188 4151 1483 4237; baseline 0.001 -22"><span class='ocrx_word' id='word_1_312' title='bbox 188 4157 269 4215; x_wconf 68' lang='lat' dir='ltr'>stm-</span> <span class='ocrx_word' id='word_1_313' title='bbox 372 4154 476 4218; x_wconf 82' lang='lat' dir='ltr'>elevat</span> <span class='ocrx_word' id='word_1_314' title='bbox 484 4163 614 4237; x_wconf 81' lang='lat' dir='ltr'>gentem</span> <span class='ocrx_word' id='word_1_315' title='bbox 626 4176 639 4216; x_wconf 93' lang='grc'>.·</span> <span class='ocrx_word' id='word_1_316' title='bbox 666 4153 800 4216; x_wconf 85' lang='lat' dir='ltr'>miseros</span> <span class='ocrx_word' id='word_1_317' title='bbox 825 4164 934 4218; x_wconf 84' lang='lat' dir='ltr'>autem</span> <span class='ocrx_word' id='word_1_318' title='bbox 941 4155 1034 4235; x_wconf 85' lang='lat' dir='ltr'>facit</span> <span class='ocrx_word' id='word_1_319' title='bbox 1053 4155 1186 4237; x_wconf 80' lang='lat' dir='ltr'>populos</span> <span class='ocrx_word' id='word_1_320' title='bbox 1192 4163 1358 4236; x_wconf 85' lang='lat' dir='ltr'>peccatum</span> <span class='ocrx_word' id='word_1_321' title='bbox 1373 4151 1425 4235; x_wconf 84' lang='grc'>(3).</span> <span class='ocrx_word' id='word_1_322' title='bbox 1440 4187 1483 4200; x_wconf 89' lang='grc'>-</span> 
     </span>
    </p>
   </div>
   <div class='ocr_carea' id='block_1_6' title="bbox 373 4317 1482 4448">
    <p class='ocr_par' dir='ltr' id='par_1_9' title="bbox 373 4317 1482 4448">
     <span class='ocr_line' id='line_1_39' title="bbox 399 4317 1482 4376; baseline -0.005 -9"><span class='ocrx_word' id='word_1_323' title='bbox 399 4335 423 4376; x_wconf 69' lang='lat' dir='ltr'>t.</span> <span class='ocrx_word' id='word_1_324' title='bbox 441 4322 465 4367; x_wconf 90' lang='lat' dir='ltr'>S.</span> <span class='ocrx_word' id='word_1_325' title='bbox 485 4321 598 4367; x_wconf 66' lang='lat' dir='ltr'>Bernard„</span> <span class='ocrx_word' id='word_1_326' title='bbox 616 4319 734 4372; x_wconf 77' lang='lat' dir='ltr'>Declam,</span> <span class='ocrx_word' id='word_1_327' title='bbox 752 4333 772 4368; x_wconf 88' lang='lat' dir='ltr'>c.</span> <span class='ocrx_word' id='word_1_328' title='bbox 792 4333 811 4366; x_wconf 87' lang='lat'>1.</span> <span class='ocrx_word' id='word_1_329' title='bbox 830 4345 859 4353; x_wconf 96' lang='lat'>-</span> <span class='ocrx_word' id='word_1_330' title='bbox 875 4334 897 4366; x_wconf 67' lang='grc' dir='ltr'>π.</span> <span class='ocrx_word' id='word_1_331' title='bbox 914 4321 938 4367; x_wconf 88' lang='lat' dir='ltr'>S.</span> <span class='ocrx_word' id='word_1_332' title='bbox 957 4321 1071 4368; x_wconf 73' lang='lat' dir='ltr'>Bernartl.</span> <span class='ocrx_word' id='word_1_333' title='bbox 1085 4321 1139 4368; x_wconf 89' lang='lat' dir='ltr'>Lib.</span> <span class='ocrx_word' id='word_1_334' title='bbox 1159 4331 1194 4374; x_wconf 83' lang='lat' dir='ltr'>lv,</span> <span class='ocrx_word' id='word_1_335' title='bbox 1207 4321 1245 4366; x_wconf 86' lang='lat' dir='ltr'>De</span> <span class='ocrx_word' id='word_1_336' title='bbox 1256 4317 1362 4372; x_wconf 75' lang='lat' dir='ltr'>consid,</span> <span class='ocrx_word' id='word_1_337' title='bbox 1374 4331 1394 4364; x_wconf 81' lang='lat' dir='ltr'>c</span> <span class='ocrx_word' id='word_1_338' title='bbox 1412 4329 1437 4362; x_wconf 81' lang='lat' dir='ltr'>a.</span> <span class='ocrx_word' id='word_1_339' title='bbox 1452 4335 1482 4348; x_wconf 91' lang='lat'>-·</span> 
     </span>
     <span class='ocr_line' id='line_1_40' title="bbox 373 4383 905 4448; baseline -0.004 -14"><span class='ocrx_word' id='word_1_340' title='bbox 373 4402 395 4448; x_wconf 82' lang='lat'>3.</span> <span class='ocrx_word' id='word_1_341' title='bbox 409 4389 553 4442; x_wconf 83' lang='lat' dir='ltr'>Prov.,x1v,</span> <span class='ocrx_word' id='word_1_342' title='bbox 566 4403 603 4448; x_wconf 74' lang='lat'>34„</span> <span class='ocrx_word' id='word_1_343' title='bbox 902 4383 905 4388; x_wconf 86' lang='grc'><strong>’</strong></span> 
     </span>
    </p>
   </div>
   <div class='ocr_carea' id='block_1_7' title="bbox 0 0 1672 4870">
    <p class='ocr_par' dir='ltr' id='par_1_10' title="bbox 0 0 1672 4870">
     <span class='ocr_line' id='line_1_41' title="bbox 0 0 1672 4870; baseline 0 0"><span class='ocrx_word' id='word_1_344' title='bbox 0 0 1672 4870; x_wconf 95' lang='lat' dir='ltr'> </span> 
     </span>
    </p>
   </div>
  </div>
 </body>
</html>
