3140 4866
447 408 568 459 INDEX
596 405 845 460 ANALYTICUS.

159 634 262 688 horum
274 633 457 702 collegiorum
470 633 629 705 reipublice
641 633 764 689 maxime
776 633 901 688 futurum
913 634 1034 690 historia
1046 635 1131 691 docet

159 727 220 780 207.
238 742 268 753 -
281 713 362 769 Sicut
374 713 458 783 primi
471 712 629 782 christiani,
645 714 726 770 initio
739 725 857 786 propter
870 715 1052 785 exiguitatem
1063 731 1131 771 con-

158 793 275 848 ditionis
293 790 431 862 despecti,
450 807 516 847 mox
538 793 654 862 optimis
673 795 800 851 moribus
813 797 980 868 opinionem
993 794 1130 864 vicerunt,

156 871 197 926 ita
209 871 366 926 hodiedum
376 870 493 942 opifices
512 871 667 942 christiani,
685 874 821 932 societate
834 871 988 945 conjuncti,
1007 873 1130 928 benevo-

157 951 275 1004 lentiam
295 950 400 1005 civium
422 947 476 1005 sibi
502 950 704 1020 conciliabant,
717 953 822 1026 aliique
840 953 966 1025 opifices,
988 951 1131 1020 vitiorum,

158 1046 366 1101 pravorumque
379 1027 568 1098 collegiorum
590 1030 710 1087 vinculis
732 1050 808 1104 aegre
826 1031 946 1104 gravati,
968 1030 1131 1086 christianis

157 1107 298 1164 sodalitiis
311 1108 429 1163 nomina
441 1107 552 1166 dabunt
563 1111 689 1177 207·208.
702 1141 738 1151 —
748 1114 944 1170 Paaoaario.
957 1112 1042 1165 Hanc
1054 1110 1130 1164 viam

158 1189 220 1242 sine
232 1203 314 1242 mora
326 1187 423 1242 ineant
443 1197 576 1257 potestas
587 1191 710 1260 publica,
732 1209 767 1248 ac
788 1202 907 1264 uterque
926 1191 1005 1258 ordo,
1018 1207 1130 1244 morum

158 1265 378 1321 christianorum
390 1265 532 1336 imprimis
553 1268 745 1326 instaurantes
767 1275 827 1329 208.
847 1303 883 1314 -
903 1271 1035 1326 Ecclesia
1054 1284 1130 1338 vero,

157 1361 215 1415 quo
227 1346 336 1416 majore
346 1345 469 1416 potietur
481 1345 623 1418 libertate,
636 1365 671 1404 eo
683 1351 827 1408 efficacius
840 1350 1020 1409 adlaborabit
1029 1364 1131 1418 209.-

159 1423 296 1495 Episcopi
306 1441 340 1480 ac
350 1425 442 1480 clerus
456 1434 607 1497 utrumque
620 1429 749 1485 ordinem
761 1431 910 1502 Evangelii
922 1438 1067 1502 praecepta
1079 1428 1129 1484 do·

158 1513 250 1573 ceant,
262 1504 421 1575 praesertim
434 1505 591 1575 ceritatem,
604 1508 731 1563 divinam
743 1520 844 1566 contra
857 1510 955 1568 saeculi
969 1510 1045 1564 mala
1056 1507 1128 1563 anti·

163 1584 262 1638 dotum
276 1599 337 1652 209.

124 1692 176 1744 49.
199 1693 409 1746 EPISTOLA
428 1695 472 1747 ad
487 1695 703 1748 Franciscum
725 1701 904 1764 Lagrange‚
927 1701 1130 1762 Episcopum

89 1781 339 1832 Carnutensem.
355 1783 403 1832 De
420 1785 612 1847 urgendos.
633 1785 726 1837 Sedis
745 1787 870 1838 iudicio
887 1790 922 1838 in
938 1789 1036 1838 rebus
1055 1787 1131 1838 Loi-

88 1869 275 1932 gen-23
297 1870 485 1922 1111111891.
1098 1883 1203 1926 ...210

196 1964 327 2020 Pontifex
340 1966 466 2037 queritur
479 1967 516 2024 de
534 1969 672 2024 scandalo
685 1979 748 2026 orto
766 1972 794 2026 in
807 1988 883 2041 pago
897 1971 1008 2042 Loigny
1021 1985 1082 2025 210.
1096 1999 1130 2010 -

161 2043 273 2100 Recolit
286 2048 464 2103 contumacis
478 2046 592 2102 feminae
612 2047 762 2102 Mathildis
776 2050 907 2105 Marchat
927 2050 1037 2121 pseudo
1047 2049 1130 2105 visio·

161 2139 214 2178 nes
233 2124 320 2178 semel
338 2134 424 2196 atque
449 2126 551 2181 iterum
563 2125 715 2182 demumas
728 2127 834 2194 fuisse;
855 2128 1041 2184 nihilominus
1057 2131 1130 2199 ejus-

163 2201 230 2258 dem
243 2203 373 2272 fautores,
384 2221 456 2274 quos
469 2205 542 2259 inter
555 2205 764 2262 ecclesiasticos
778 2207 862 2276 viros,
874 2207 941 2263 huic
950 2209 1060 2278 judicio
1072 2224 1130 2264 non

164 2281 291 2350 paruisse
298 2301 306 2347 ;
315 2283 463 2352 graviores
477 2283 543 2340 inde
555 2301 691 2340 censuras
704 2295 805 2341 contra
817 2305 867 2342 eos
880 2303 944 2342 esse
957 2289 1039 2357 latas,
1051 2287 1130 2342 libel-

162 2360 261 2431 losque
273 2377 372 2416 eorum
386 2362 415 2416 in
428 2362 553 2419 indicem
576 2363 728 2435 inscriptos
741 2380 868 2421 21o211.
889 2395 926 2405 —
939 2367 1026 2422 Dolet
1047 2367 1130 2421 vehe-

160 2451 270 2496 menter
291 2440 463 2496 haecomnia
482 2442 618 2498 scandalo
639 2461 697 2500 non
710 2443 796 2500 finem
818 2446 989 2516 imposuisse
1012 2459 1072 2502 212.
1095 2475 1131 2486 -

161 2519 259 2575 Zelum
272 2519 416 2576 Antistitis
430 2521 617 2578 Camutensis
630 2523 727 2578 laudat
740 2535 826 2595 atque
839 2525 966 2580 stimulat
979 2539 1039 2578 212.

123 2636 175 2687 50.
198 2637 407 2689 EPISTOLA
438 2639 482 2691 ad
512 2639 671 2692 carolum
699 2641 911 2706 chesneiong‚
941 2645 1126 2692 senatorem

87 2725 277 2786 reipublicae
291 2725 432 2778 Gallicae.
449 2727 498 2778 De
510 2728 777 2780 commendanda
797 2729 969 2781 catholicis
990 2740 1127 2780 concor-

87 2813 484 2866 dia-23ma111891...
964 2855 981 2867 ..

193 2911 324 2967 Pontifex
336 2914 434 2971 laudat
456 2931 557 2972 sensus
579 2933 670 2986 nuper
691 2933 756 2972 cum
778 2916 882 2973 eximio
905 2926 1038 2972 senatore
1060 2932 1126 2970 cou-

156 3007 395 3062 gressorum213.
418 2995 579 3051 -Gaudet
601 2996 638 3051 de
651 2997 755 3052 unione
777 2997 888 3065 virium,
912 2995 949 3052 ad
974 3011 1125 3051 commune

158 3080 258 3126 contra
280 3073 420 3128 Ecclesiae
441 3073 540 3132 hostes
562 3086 706 3131 certamen
720 3091 780 3145 213.
794 3106 829 3116 -
850 3075 953 3145 Sperat
975 3075 1004 3130 in
1026 3089 1125 3129 omnes

158 3149 236 3206 cives
248 3151 325 3206 hunc
338 3151 469 3223 spiritum
481 3171 548 3209 mox
561 3153 680 3210 effusum
694 3153 727 3210 iri
741 3169 801 3223 213.

123 3256 169 3307 51.
193 3257 398 3309 LITTERAE
425 3259 701 3313 APOSTOLICAE
727 3261 768 3312 de
799 3261 866 3312 tide
896 3259 1060 3312 catholica
1089 3260 1125 3308 in

86 3342 768 3400 Itaiiaeschotistuenua.-asmaitleet
1093 3352 1194 3409 215

193 3453 226 3508 ln
236 3454 366 3508 luctuoso
378 3455 454 3510 bello
467 3456 599 3512 Pontifex
608 3457 726 3528 juvenili
740 3457 816 3513 aetati
830 3457 985 3528 impensius
998 3455 1124 3512 declarat

157 3531 384 3588 subveniendum
402 3547 463 3604 215.
483 3565 518 3576 -
546 3535 669 3608 Egregie
694 3537 792 3592 iaudat
817 3536 1060 3593 consociationem
1085 3533 1122 3590 ad

155 3611 231 3666 hunc
244 3611 331 3666 finem
345 3613 442 3668 Laude
455 3614 594 3686 Pompeia
606 3615 754 3671 decretum
769 3627 829 3684 215.

120 3715 170 3766 52.
192 3716 436 3770 ALLOGUTIO
447 3720 492 3771 ad
504 3721 534 3771 S·
554 3722 594 3772 R.
611 3722 649 3770 E.
664 3720 864 3772 cardinales.
882 3719 929 3770 De
948 3723 1040 3770 statu
1060 3719 1124 3768 Ec-

84 3805 693 3873 eiestaeparcebam-numilem...
1143 3813 1194 3866 217

191 3905 321 3962 Pontifex
333 3907 469 3964 describit
491 3909 626 3965 miserum
646 3909 753 3966 exitum
774 3909 966 3965 contentionis
987 3907 1124 3962 adversus

156 3985 317 4042 Ecclesiam
330 3987 359 4042 in
375 3987 459 4043 ltalia
472 3987 549 4045 initae
567 4003 626 4056 217.
638 4019 674 4030 —-
694 3990 757 4044 Nec
769 3989 871 4044 melior
883 3999 974 4044 status
987 4003 1081 4042 rerum
1095 3985 1124 4040 in

154 4064 218 4121 aliis
231 4066 357 4136 Europae
368 4068 496 4138 partibus
508 4083 569 4132 217.
582 4067 760 4125 -Ecclesia
781 4079 878 4123 tamen
893 4067 999 4124 Christi
1013 4065 1123 4121 muneri

155 4161 207 4201 suo
219 4145 348 4201 benefico
360 4149 437 4204 nulia
450 4148 560 4205 ratione
581 4150 662 4205 deest
675 4149 736 4205 218.
750 4148 887 4202 -Extra
908 4145 979 4202 fines
1000 4146 1124 4216 Europae

152 4223 304 4294 jucundior
324 4238 493 4297 prospectus
519 4229 580 4284 218.
601 4229 685 4284 -ln
704 4226 802 4283 Africa
822 4236 920 4282 contra
947 4224 1123 4295 Nigritarum

156 4301 321 4358 servitutem
331 4313 445 4362 strenue
458 4306 551 4378 agitur
564 4308 623 4362 218.
637 4337 672 4348 -
686 4307 719 4362 ln
731 4305 872 4380 Japonico
885 4303 1004 4376 imperio
1018 4304 1123 4359 hierar·

157 4381 222 4437 chia
243 4382 384 4439 catholica
402 4383 557 4441 instituitur
578 4387 638 4441 218.
651 4417 686 4428 -
702 4387 735 4441 ln
758 4384 898 4441 Brasilica
919 4384 1035 4455 regione
1056 4399 1123 4450 spes

158 4459 306 4516 meliorum
319 4471 478 4534 temporum
491 4465 712 4522 roboratu1218.
726 4495 761 4508 -
775 4465 844 4520 Mox
863 4461 1014 4520 Mexicana
1026 4479 1122 4535 respu-
