3310 4868
411 401 477 451 102
709 397 921 450 exercerer
942 384 963 415 “
987 395 1170 448 suasurus
1189 427 1211 460 ,‚

401 585 476 668 ipsa
491 585 565 668 lege
581 594 720 650 naturae
735 596 769 650 et
793 605 813 650 a
837 585 916 667 lege
930 589 1067 650 aeterna
1092 581 1323 669 proficiscitur.
1340 581 1387 646 Et
1397 581 1428 646 in
1442 581 1497 644 isto

401 709 523 773 genere
533 690 645 774 legum
661 691 726 754 hoc
742 689 810 754 iere
831 689 938 754 civilis
962 681 1193 774 legumlatoris
1221 706 1344 752 munus
1358 696 1417 762 est,
1431 683 1497 748 obe·

399 795 529 858 dientes
547 793 654 858 iacere
668 795 767 871 cives,
782 795 957 859 communi
971 794 1151 876 disciplina
1166 792 1328 869 adhibita,
1344 809 1458 875 pravos
1470 795 1498 851 et

401 897 531 961 invitia
561 909 737 982 promptos
768 899 965 975 coercendo,
980 907 1018 962 ut
1041 917 1061 963 a
1084 896 1175 962 malo
1196 895 1356 970 deterriti,
1372 895 1406 959 id
1421 891 1497 976 quod

401 1010 527 1064 rectum
539 1010 591 1064 est
606 1011 849 1080 consectentur,
867 1010 926 1065 aut
941 1001 1061 1066 saltem
1081 999 1259 1067 offensioni
1277 1017 1452 1082 noxaeque
1465 1014 1499 1058 ne

400 1104 466 1166 sint
482 1103 671 1169 civitati-
686 1103 766 1168 Alia
782 1125 862 1170 vero
884 1104 989 1168 civilis
1011 1105 1189 1188 potestatis
1214 1102 1419 1188 praescripta
1442 1117 1498 1163 non

222 1215 376 1320 qdfflqqt
399 1227 444 1270 ex
461 1209 603 1272 naturali
620 1209 690 1273 iure
705 1209 821 1274 statim
837 1219 872 1273 et
895 1210 1059 1292 proxime,
1086 1211 1144 1274 sed
1173 1209 1306 1291 longius
1321 1218 1356 1271 et
1378 1205 1501 1288 oblique

224 1337 287 1378 nat:
366 1300 373 1310 ’
399 1323 656 1396 consequuntur,
683 1332 802 1394 resque
826 1313 936 1376 varias
962 1311 1138 1389 definiunt,
1156 1314 1200 1377 de
1227 1312 1350 1396 quibus
1373 1313 1500 1374 nonest
1612 1319 1613 1356 l

398 1416 461 1481 nisi
486 1415 673 1499 generatim
700 1426 803 1500 atque
828 1417 983 1481 universe
1007 1427 1127 1482 natura
1159 1427 1304 1482 cautum.
1329 1415 1386 1481 Sic
1416 1429 1498 1478 suam
1612 1425 1613 1460 l

397 1519 547 1583 conferre
562 1541 700 1603 operam
716 1521 806 1584 cives
821 1521 865 1584 ad
882 1521 1161 1605 tranquillitatem
1187 1519 1500 1603 prosperitatemque

398 1623 567 1705 publicam
584 1633 704 1688 natura
721 1625 812 1688 iubet
827 1649 835 1689 :
850 1635 1015 1707 quantum
1032 1645 1163 1708 operae.
1180 1645 1249 1708 quo
1264 1635 1377 1707 pacto,
1391 1621 1500 1708 quibus
1612 1667 1613 1672 1

398 1723 430 1786 in
448 1723 555 1802 rebus,
578 1746 645 1791 nou
663 1737 784 1791 natura
807 1728 865 1792 sed
890 1728 1065 1793 hominum
1097 1727 1263 1811 sapientia
1290 1725 1501 1798 constituitur,

399 1827 553 1892 Iamvero
564 1830 788 1912 peculiaribus
803 1831 895 1895 hisce
910 1832 1044 1896 vivendi
1058 1833 1180 1915 regulis
1197 1831 1356 1915 prudenti
1382 1829 1501 1894 ratione
1613 1845 1614 1882 ι

396 1929 550 2008 inventis,
565 1930 782 2016 legitimaque
797 1943 966 2018 potestate
992 1935 1183 2018 propositis,
1199 1935 1256 1998 lex
1272 1934 1422 1998 humana
1436 1950 1500 2015 pro·
1613 1955 1614 1991 ἕ

396 2033 458 2114 prii
472 2034 615 2098 nominis
631 2037 830 2104 continetur.
841 2037 938 2120 Quae
954 2039 1091 2120 quidem
1109 2038 1167 2102 lex
1183 2039 1226 2103 ad
1243 2038 1345 2102 finem
1362 2054 1501 2102 commu·
1613 2087 1614 2092 ,

397 2137 494 2201 nitati
510 2139 719 2220 propositum
735 2141 825 2205 cives
838 2142 1010 2206 universos
1020 2143 1210 2225 conspirare
1221 2143 1323 2220 iubet,
1335 2141 1502 2207 deflectere

220 2248 278 2296 asne
292 2250 331 2294 lex
341 2263 370 2294 ιτ·
397 2241 571 2323 prohibet:
587 2245 773 2327 eademque
789 2256 955 2328 quatenus
971 2248 1156 2330 pedisequa
1171 2256 1205 2310 et
1232 2247 1445 2310 consentiens
1455 2251 1501 2306 est

220 2314 371 2438 minii]
395 2344 713 2428 praescriptionibus
729 2358 879 2425 naturae,
895 2349 988 2414 ducit
1004 2351 1046 2413 ad
1063 2369 1103 2414 ea
1120 2368 1206 2434 quae
1234 2350 1377 2414 honesta
1393 2355 1503 2423 sunt,a

221 2431 254 2473 ¹¹⁵
264 2442 358 2480 nam.
395 2449 569 2511 contrariis
596 2451 751 2516 deterret.
770 2452 825 2515 Ex
850 2472 919 2536 quo
943 2453 1151 2537 intelligitur,
1166 2454 1308 2518 omuino
1323 2452 1357 2515 in
1373 2460 1503 2516 aeterua

396 2550 461 2613 Dei
479 2549 552 2632 lege
577 2573 730 2617 normam
755 2564 790 2619 et
815 2556 965 2637 regulam
982 2558 1128 2639 positam
1155 2577 1229 2623 esse
1255 2555 1428 2632 libertatis,
1449 2569 1504 2614 noc
1614 2579 1615 2618 ι

395 2653 603 2734 singulorum
619 2656 802 2723 dumtaxat
817 2658 1004 2738 hominum,
1019 2662 1078 2725 sed
1095 2661 1197 2724 etiarn
1214 2656 1504 2724 communitatiset
1612 2683 1615 2722 r

396 2759 641 2823 coniunctionis
671 2760 849 2827 humanae.
872 2800 917 2812 —
944 2764 1053 2847 lgitur
1077 2766 1110 2828 in
1142 2765 1319 2829 hominum
1350 2761 1504 2826 societate
1614 2791 1615 2798 κ

397 2857 532 2924 libertas
548 2863 616 2924 veri
630 2865 776 2927 nominis
789 2885 855 2929 non
872 2877 923 2930 est
936 2867 969 2930 in
983 2887 1023 2931 eo
1036 2869 1147 2952 posita
1160 2877 1197 2932 ut
1209 2887 1290 2951 agas
1303 2867 1395 2950 quod
1408 2863 1503 2936 lubet,
1614 2895 1615 2902 ,

397 2983 442 3026 ex
458 2984 526 3046 quo
541 2964 593 3029 vel
611 2967 761 3030 maxima
777 2970 938 3034 existeret
949 2971 1049 3035 turba
1061 2981 1094 3036 et
1104 2971 1256 3036 conlusio
1273 2970 1306 3034 in
1322 2965 1504 3052 oppressio·

399 3087 475 3131 nem
492 3068 636 3133 civitatis
648 3089 797 3150 evasura,
808 3073 866 3136 sed
878 3073 912 3137 in
928 3074 1003 3153 hoc,
1014 3087 1050 3140 ut
1066 3096 1126 3159 per
1137 3076 1229 3159 leges
1244 3073 1358 3138 civiles
1369 3067 1503 3155 expedi·

222 3189 374 3260 missusne-
399 3173 465 3236 tius
488 3175 595 3257 possis
618 3177 802 3240 secundum
840 3178 923 3261 legis
955 3189 1112 3244 aeternae
1143 3181 1351 3263 praescripta
1390 3178 1503 3241 vivere

222 3250 373 3378 ἷῇωῑξῖἱζῖ
399 3274 525 3338 Eorum
564 3297 644 3343 vero
674 3280 732 3360 qui
759 3291 918 3362 praesunt
945 3303 1013 3346 non
1049 3283 1082 3347 in
1122 3303 1163 3347 eo
1194 3283 1259 3347 sita
1286 3283 1422 3346 libertas
1448 3287 1506 3353 est,

223 3368 341 3420 mmm·
399 3387 436 3442 ut
461 3378 624 3462 imperare
648 3393 774 3447 temere
799 3395 832 3448 et
855 3386 898 3449 ad
916 3383 1089 3451 libidinem
1105 3397 1241 3469 queant,
1267 3387 1359 3469 quod
1387 3384 1505 3469 pariter

399 3481 602 3563 flagitiosum
637 3495 725 3550 esset
747 3497 781 3551 et
809 3507 885 3552 cum
920 3509 1052 3554 summa
1078 3491 1180 3554 etiam
1208 3489 1411 3574 reipublicae
1434 3504 1504 3570 per·

400 3585 485 3649 nicie
513 3589 737 3667 coniunctum,
754 3591 811 3655 sed
837 3592 1059 3658 humanarum
1087 3595 1137 3658 vis
1160 3595 1272 3676 legum
1300 3593 1384 3657 haec
1406 3588 1504 3657 debet

399 3705 480 3764 esse,
496 3697 533 3754 ut
555 3692 599 3755 ab
614 3703 749 3758 aeterna
760 3696 832 3778 lege
850 3716 985 3761 manare
997 3697 1235 3781 intelligantur,
1245 3717 1306 3761 nec
1321 3695 1503 3780 quidquam

222 3829 311 3877 ,min
322 3829 373 3876 sin,
398 3793 526 3857 sancire
552 3796 643 3878 quod
659 3817 725 3860 non
748 3799 780 3862 in
804 3817 854 3876 ea,
875 3799 978 3865 veluti
1002 3802 1036 3864 in
1062 3803 1226 3885 principio
1249 3801 1394 3866 universi
1416 3797 1503 3873 iuris,

218 3890 372 4002 {mx
397 3897 617 3964 contineatur.
649 3899 904 3983 Sapientissime
930 3904 1142 3987 Augustinus
1159 3905 1222 3988 (¹):
1241 3918 1259 3973 t
1276 3903 1393 3970 Simul
1405 3901 1504 3966 errem

221 4008 366 4054 consociatis·
397 4009 426 4062 te
441 4001 550 4065 videre
575 4002 727 4081 arbitror,
751 4005 786 4068 in
811 4006 871 4069 illa
898 4008 1070 4090 temporali
1086 4008 1291 4092 (legenihil
1301 4030 1369 4073 esse
1383 4009 1504 4073 iustum

396 4111 492 4185 atque
505 4104 689 4188 legitimum
704 4108 793 4190 quod
805 4131 868 4172 non
882 4131 923 4173 cx
934 4109 995 4175 hac
1008 4121 1141 4176 aeterna
1156 4115 1260 4196 (lege)
1274 4111 1341 4178 sibi
1363 4109 1505 4176 homines

396 4207 588 4274 derivan'nt.
613 4225 630 4278 t
652 4211 786 4295 Siquid
803 4213 905 4296 igitur
931 4215 975 4280 ab
996 4215 1110 4300 aliqua
1138 4228 1308 4301 potestate
1330 4217 1503 4290 sanciatur,

427 4467 447 4500 r.
460 4455 498 4501 De
507 4454 548 4502 lib.
559 4455 630 4510 Ari..
642 4457 683 4506 lib.
697 4470 715 4513 1,
727 4473 782 4520 cap.
794 4463 817 4514 6.
829 4475 853 4508 n.
867 4474 903 4521 15.
