3140 4866
375 349 446 442 248
550 367 732 420 nrrsrorn
751 355 772 386 ‘¹
791 367 1019 420 nnsroruuns
1037 369 1296 424 murmurans
1314 403 1335 432 ‚‚
1416 361 1425 392 ·

260 581 289 645 ‚²5
372 559 559 624 doctrinam
586 567 708 636 serant,
734 567 768 623 et
794 558 955 624 virtutum
982 561 1136 642 germina
1158 560 1307 638 foveant,
1331 569 1373 624 ut
1386 579 1471 642 opera

224 629 319 738 Jih‘qhs'
371 663 590 728 instituantur
601 681 688 744 quae
703 661 879 726 benefacta
894 663 1042 728 caritatis
1059 663 1247 742 effundant,
1263 673 1299 728 et
1315 684 1405 748 quae
1418 665 1470 728 iarn

250 790 349 860 nuper
371 770 508 835 condita
538 779 616 836 sunt
642 771 737 833 novis
768 769 908 836 floreant
939 771 1164 837 incrementis.
1179 770 1471 837 -Gravissimun

188 849 347 970 {2¹:552}ss
371 875 516 958 denique
553 883 790 958 argumentum
828 873 1094 940 deliberantibus
1123 875 1233 942 Vobis
1263 873 1391 939 datura
1424 879 1474 939 erit

195 983 235 1082 ἵζ’
253 967 346 1072 ζξζζξζ
371 979 606 1061 opportunitas
621 978 847 1042 constituendi
864 978 1112 1062 recipiendique
1136 980 1170 1044 in
1198 979 1369 1044 Lusitano
1384 999 1473 1062 regno

195 1088 346 1193 [cmlvi-
371 1083 543 1168 religIosas
569 1082 775 1159 sodalitates,
800 1083 894 1147 cuius
922 1083 968 1146 rei
990 1083 1195 1166 periucunde
1219 1083 1370 1148 vidimus
1397 1103 1473 1148 sun·

274 1183 279 1200 '
371 1209 461 1254 marn
489 1190 592 1254 fuisse
615 1207 729 1252 curam
755 1187 912 1253 omnibus
936 1189 994 1271 qui
1020 1187 1183 1252 Bracarae
1199 1189 1384 1272 Augustae
1406 1211 1472 1254 con·

370 1293 474 1374 gressi
501 1301 587 1356 sunt
612 1290 747 1357 Scilicet
771 1288 854 1354 haec
879 1291 1036 1356 sodalitia
1068 1311 1134 1356 non
1166 1293 1269 1356 modo
1300 1291 1474 1356 auxiliares

370 1397 466 1480 quasi
488 1397 603 1479 copias
634 1403 815 1478 suggerent
845 1393 945 1473 clero,
973 1394 1091 1478 quiin
1122 1395 1335 1460 dioecesibus
1366 1397 1474 1460 vestris

370 1518 499 1564 sacram
516 1499 642 1564 Christi
658 1497 813 1561 militiam
833 1497 922 1576 colit,
938 1499 997 1562 sed
1013 1499 1126 1576 etiam,
1151 1499 1242 1582 quod
1270 1499 1409 1581 plurimi
1423 1509 1473 1575 est,

371 1599 521 1666 sufficere
541 1609 700 1684 poterunt
723 1599 942 1683 Apostolieos
967 1603 1066 1680 viros,
1081 1601 1139 1686 qui
1166 1621 1337 1666 sacrarum
1354 1603 1473 1666 missio

242 1769 246 1778 ,
283 1771 289 1780 ,
323 1711 328 1721 ’
372 1720 452 1766 num
468 1701 592 1765 obeant
605 1700 827 1764 ministerium
844 1699 877 1764 in
894 1701 1088 1784 regionibus
1100 1703 1334 1767 transmarinis
1350 1703 1475 1768 Lusita·

195 1781 245 1898 sff}
265 1844 293 1874 su
304 1785 345 1874 ωε.
371 1821 435 1868 nae
450 1803 571 1868 ditioni
586 1804 754 1869 subiectis.
780 1803 891 1869 Huius
906 1814 1022 1870 autern
1038 1805 1227 1888 perfunctio
1242 1809 1394 1872 moneris
1408 1827 1473 1871 cum

206 1903 214 1932 ¹
371 1905 705 1990 adamplificandum
734 1907 858 1974 Christi
884 1929 1025 1992 regnum
1050 1911 1084 1975 in
1110 1911 1205 1975 terris
1221 1911 1285 1975 erit
1300 1909 1473 1993 profutura,

370 2022 444 2078 tum
457 2014 500 2076 ad
515 2011 668 2078 Lusitani
681 2013 827 2078 nominis
838 2023 1075 2080 ornamentum
1092 2023 1127 2080 et
1138 2015 1249 2080 decus.
1263 2015 1356 2080 Sane
1368 2035 1473 2098 peren·

371 2135 449 2180 nem
473 2116 588 2200 adepti
603 2127 682 2182 sunt
697 2116 839 2200 gloriam
858 2116 1028 2200 Principes
1045 2127 1079 2182 et
1095 2119 1238 2182 maiores
1253 2119 1358 2182 vestri
1371 2138 1475 2203 quum,

372 2217 494 2302 amplis
509 2239 596 2302 quae
611 2219 781 2285 latuerunt
808 2220 1000 2303 regionibus
1027 2220 1179 2299 detectis,
1194 2222 1411 2304 evangelicae
1424 2223 1475 2285 do
1552 2269 1553 2272 η

372 2323 500 2388 ctrinae
515 2322 627 2388 lumen
646 2343 803 2388 unacum
821 2324 967 2406 politiori
982 2323 1204 2390 humanitatis
1227 2325 1332 2404 cultu,
1352 2325 1476 2388 favente

298 2485 313 2513 u
338 2495 345 2504 ,
372 2444 412 2489 ac
427 2427 564 2492 iuvante
578 2427 778 2510 Apostolica
796 2427 895 2507 Sede,
911 2429 950 2492 iis
965 2428 1117 2494 attulere.
1132 2465 1177 2480 -
1188 2428 1316 2494 Verum
1335 2441 1373 2493 ut
1389 2447 1474 2511 prae

249 2529 253 2538 '
372 2529 470 2596 claris
494 2531 585 2596 hisce
609 2531 752 2615 inceptis
767 2551 827 2596 sua
851 2543 984 2598 constet
1000 2541 1120 2598 natura
1142 2542 1177 2597 et
1199 2533 1259 2610 vis,
1275 2553 1386 2616 neque
1401 2551 1475 2596 aaa

373 2633 514 2714 pristina
528 2633 635 2716 gloria
650 2644 684 2700 et
698 2634 884 2700 stabilitate
899 2635 1066 2714 decidant,
1082 2637 1233 2702 nitantur
1253 2645 1388 2720 oportet
1404 2655 1476 2699 con·

371 2738 476 2800 stanti
491 2738 659 2820 praesidio
674 2748 708 2803 et
723 2739 846 2804 virtute
862 2739 1104 2823 praestantium
1121 2740 1278 2818 virorum,
1293 2741 1352 2822 qui
1369 2739 1475 2804 divino

372 2839 490 2922 spiritu
516 2842 645 2924 oppleti
666 2853 700 2907 et
723 2853 842 2908 contra
867 2844 1026 2908 adversos
1050 2844 1315 2909 acatholicorum
1341 2853 1472 2908 conatus

371 2943 573 3024 obnitentes,
597 2947 746 3011 studium
768 2966 870 3012 omne
893 2965 990 3012 suum
1016 2957 1050 3012 et
1073 2967 1211 3031 operam
1242 2947 1419 3011 conferant
1437 2963 1472 3007 ne

371 3049 512 3114 omnino
527 3051 737 3127 intercidant,
763 3052 822 3114 sed
847 3039 935 3115 novo
956 3051 1066 3116 indito
1080 3052 1196 3134 vigore
1220 3051 1420 3115 reviviscant
1440 3068 1473 3110 ea

372 3153 462 3218 bona
486 3171 572 3236 quae
597 3153 631 3218 in
655 3173 713 3217 eas
736 3173 812 3217 oras
836 3173 854 3216 e
879 3152 1043 3218 Lusitana
1058 3155 1195 3236 regione
1210 3153 1393 3218 fluxerunt
1408 3151 1472 3215 Ho

372 3277 485 3322 rumce
500 3257 646 3322 virorum
673 3257 736 3322 erit
759 3257 964 3322 contendere
986 3267 1023 3322 ut
1049 3257 1106 3342 qui
1128 3258 1195 3322 iam
1212 3258 1424 3322 crediderunt
1443 3255 1471 3316 in

372 3358 484 3423 Deum
500 3357 741 3423 confirmentur
755 3359 788 3421 iu
806 3355 892 3436 fide;
916 3357 1003 3422 hanc
1018 3361 1076 3442 qui
1101 3357 1240 3424 firmiter
1260 3369 1389 3438 tenent,
1403 3372 1471 3440 pne

372 3481 409 3527 se
423 3463 533 3528 ferant
546 3463 650 3528 etiam
677 3461 855 3529 honestate
880 3482 1020 3541 morum,
1036 3462 1207 3546 religionis
1231 3462 1337 3540 cultu,
1352 3477 1472 3528 summa

372 3566 407 3630 in
422 3569 596 3634 servandis
611 3567 728 3633 officiis
743 3567 929 3650 diligentia,
943 3569 1081 3632 demum
1098 3578 1135 3632 ut
1157 3568 1215 3651 qui
1239 3568 1354 3632 iacent
1374 3565 1473 3632 adhuc

372 3671 406 3735 in
430 3672 578 3736 tenebris
602 3693 675 3737 sese
698 3671 742 3736 ad
766 3671 994 3754 cognitionem
1022 3673 1090 3736 veri
1118 3671 1182 3736 Dei
1208 3681 1242 3736 et
1257 3672 1301 3736 ad
1318 3667 1475 3752 evangelii

373 3776 481 3840 lucem
498 3776 730 3859 accipiendam
748 3783 957 3841 convertant.

223 3935 246 3965 ,θ
292 3921 301 3965 ,-
314 3921 347 3967 „5
418 3877 572 3945 lamvero
598 3879 709 3962 plures
734 3879 926 3944 huiusmodi
950 3879 1039 3942 viros
1062 3887 1180 3944 sancto
1205 3877 1389 3960 flagrantes
1410 3872 1477 3940 zelo

372 3983 463 4067 large
500 3986 659 4069 praebere
697 3993 855 4066 poterunt
892 3983 1067 4066 religiosae
1105 3983 1303 4048 sodalitates
1341 4000 1473 4066 quarum

370 4084 508 4166 alumni,
534 4089 749 4171 prudentium
766 4089 912 4152 virorum
930 4087 1064 4166 iudicio,
1078 4089 1131 4154 cui
1157 4097 1308 4153 aetatum
1329 4087 1473 4151 omnium

370 4189 572 4275 suffragatur
586 4191 805 4274 experientia,
823 4210 890 4254 non
907 4192 1017 4256 minus
1042 4191 1182 4257 feliciter
1197 4211 1299 4274 quam
1316 4189 1473 4255 laboriose

371 4295 524 4378 perfungi
549 4305 795 4361 consueverunt
825 4295 890 4359 hoc
918 4296 1104 4361 ministerio
1130 4295 1258 4361 salutis.
1284 4295 1362 4358 Hos
1390 4293 1470 4358 enim

370 4413 446 4458 cum
462 4397 661 4462 societatum
679 4396 800 4479 quibus
816 4397 942 4462 addicti
958 4409 1037 4464 sunt
1052 4401 1187 4464 ratioet
1202 4399 1468 4480 disciplinatum

1423 4819 1425 4821 ,
1464 4617 1555 4820 ..l
