3172 4874
441 341 512 410 206
584 355 772 408 rrrrsaaa
791 355 947 408 tuerer.
970 345 991 372 ⁴·
1012 355 1145 408 aaron
1165 354 1347 408 uovanuu
1361 391 1378 417 ,,

275 539 412 608 Νωμ-
437 535 622 600 necessaria
634 543 671 598 ut
681 553 864 598 consensus
874 535 907 598 in
920 534 1054 617 agendo
1069 533 1129 600 liat
1138 535 1400 618 conspiratioque
1411 537 1491 598 volun·

260 604 412 728 {22:⁰33
437 649 555 706 tatum.
573 639 717 704 Proinde
731 638 759 702 si
771 637 876 703 libera
889 637 1018 704 civibus
1029 639 1171 703 coeundi
1187 639 1328 703 facultas
1339 649 1394 718 est,
1406 651 1437 703 ut
1447 660 1493 720 pru

260 717 413 834 min.
438 739 528 805 secto
543 743 663 818 estius
679 760 896 824 quoqueesse
907 750 1042 826 oportet
1057 762 1131 808 eam
1148 741 1250 806 libere
1264 752 1380 825 optare
1392 743 1493 825 discipli-

260 839 318 888 ’ω’
439 865 528 920 nam,
544 865 667 929 easque
683 845 773 928 leges
785 863 872 926 quae
888 845 1038 910 maxime
1052 847 1239 910 conducere
1253 846 1296 911 ad
1310 847 1354 924 id,
1361 849 1439 930 quod
1450 868 1494 929 pru

438 950 588 1032 positum
605 958 666 1025 est,
681 949 876 1015 iudicentur.

260 1097 284 1138 „
299 1105 314 1136 α
333 1091 413 1138 „„·,·,
485 1054 581 1131 Earn,
596 1073 683 1136 quae
700 1063 885 1118 memorata
900 1063 961 1131 est,
976 1055 1253 1137 temperationem
1266 1055 1495 1139 disciplinamque

258 1151 386 1270 mm
439 1157 656 1241 collegiorum
673 1157 806 1241 qualem
822 1177 895 1221 esse
917 1158 950 1221 in
968 1159 1118 1240 partibus
1134 1159 1200 1223 suis
1225 1160 1368 1242 singulis
1380 1169 1493 1242 oportet

344 1243 350 1258 ⁸
439 1263 571 1326 decerni
588 1263 686 1327 certis
701 1259 914 1344 definitisque
930 1261 1052 1344 regulis
1071 1281 1138 1326 non
1153 1283 1332 1327 censemus
1348 1285 1441 1346 posse,
1452 1281 1494 1325 cur

438 1367 471 1428 id
489 1365 601 1448 potius
617 1365 834 1428 statuendum
849 1365 893 1428 sit
907 1383 954 1428 ex
970 1365 1106 1446 ingenio
1120 1368 1280 1450 cuiusque
1297 1369 1414 1450 gentis,
1423 1389 1455 1430 ex
1466 1386 1495 1447 pt·

438 1469 639 1532 riclitatione
654 1478 687 1532 et
710 1488 781 1544 usu,
804 1489 849 1532 ex
876 1487 997 1552 genere
1012 1478 1114 1552 atque
1129 1469 1309 1536 efficientia
1331 1491 1459 1555 operum,
1472 1487 1494 1529 er

438 1572 661 1653 amplitudine
684 1575 969 1650 commerciorum,
992 1573 1132 1656 aliisque
1158 1595 1267 1639 rerum
1290 1597 1335 1640 ac
1358 1587 1495 1658 temporum

260 1671 414 1776 §maai
437 1677 706 1758 adiunctis,quae
715 1687 794 1740 sunt
804 1678 984 1762 prudenter
993 1679 1284 1760 ponderandaAd
1296 1695 1495 1744 summanreu

261 1746 404 1836 reficitur:
437 1780 528 1864 quod
545 1789 686 1863 spectat,
701 1779 784 1844 haec
799 1790 962 1865 tanquam
978 1781 1035 1844 lex
1051 1781 1215 1862 generalis
1231 1803 1270 1846 ac
1286 1793 1440 1867 perpetua
1455 1802 1496 1844 sar-

438 1885 554 1961 ciatur,
570 1885 616 1947 ita
632 1883 790 1947 constitui
803 1885 916 1967 itaque
932 1884 1109 1966 gubernari
1121 1884 1279 1968 opificum
1289 1887 1428 1969 collegia
1439 1903 1496 1966 opor·

437 1997 516 2064 tere,
547 1997 583 2051 ut
618 1989 841 2052 instrumenta
873 1989 1090 2071 suppeditent
1120 1989 1295 2072 aptissima
1334 1991 1497 2068 nra-<inqu

284 2081 308 2136 ²)
323 2079 357 2124 ‘s‘
366 2095 411 2126 ’ω
436 2092 598 2174 expedita
615 2093 657 2156 ad
675 2092 718 2170 id,
734 2091 824 2176 quod
847 2101 899 2154 est
924 2094 1142 2175 propositum,
1156 2093 1319 2178 quodque
1336 2095 1370 2158 in
1385 2115 1421 2159 ec
1433 2089 1495 2156 cousi·

254 2146 316 2200 tum
340 2141 410 2198 ran·

258 2200 411 2318 {meg
436 2196 494 2262 stit
511 2205 548 2259 ut
564 2195 686 2280 singuli
707 2218 725 2259 e
750 2197 910 2260 societate
937 2197 1179 2262 incrementum
1205 2198 1376 2263 bonorum
1391 2195 1496 2280 corporis.

260 2317 387 2423 recittrstnem
434 2301 548 2378 animi,
565 2301 610 2363 rei
627 2298 930 2382 familiaris,quoad
946 2309 1067 2383 potest,
1082 2310 1314 2382 assequantur.
1334 2301 1495 2382 Perspicua

260 2391 299 2436 pre
310 2392 325 2424 a
336 2391 365 2436 rs,
381 2392 411 2426 ac

259 2450 360 2484 morum.
435 2425 515 2470 vero
530 2413 590 2480 est,
613 2405 657 2467 ad
680 2401 919 2486 perfectionem
943 2402 1078 2485 pietatis
1101 2411 1136 2466 et
1154 2421 1285 2466 morum
1302 2399 1494 2487 tamquamu'

435 2528 588 2574 caussam
605 2506 820 2589 praecipuam
844 2505 988 2589 spectari
1004 2515 1178 2588 oportere:
1201 2526 1308 2588 eaque
1336 2506 1494 2590 potissinu.

435 2631 553 2676 caussa
569 2610 780 2692 disciplinam
791 2610 949 2674 socialem
961 2611 1095 2692 penitus
1106 2610 1330 2693 dirigendam.
1344 2607 1494 2678 Secusenir
1532 2675 1533 2678 Ἴ

433 2719 677 2797 degenerarent
689 2717 722 2778 io
739 2714 839 2779 aliam
856 2714 1008 2791 sormam,
1024 2714 1246 2797 eique'generi
1263 2709 1494 2800 corregionari-

434 2819 556 2900 quibus
572 2817 664 2882 nulla
674 2819 759 2882 ratio
772 2818 941 2902 religionis
953 2817 1068 2882 haberi
1084 2815 1178 2894 solet,
1194 2819 1285 2882 haud
1301 2840 1387 2883 sane
1402 2819 1494 2882 mutor

435 2931 651 3003 praestarent.
677 2921 834 2987 Ceterum
854 2923 933 3005 quid
951 2922 1057 3004 prosit
1071 2919 1183 3002 opifici
1200 2941 1309 2985 rerum
1336 2925 1454 3007 copiam
1470 2939 1495 2980 a

433 3024 555 3090 cietate
570 3024 761 3108 quaesiisse,
782 3025 809 3088 si
826 3025 870 3089 ob
894 3023 1043 3106 inopiam
1062 3023 1127 3088 cibi
1149 3024 1200 3087 sui
1215 3026 1258 3088 de
1282 3025 1393 3090 salute
1413 3019 1494 3107 pericli·

434 3138 523 3195 tetur
538 3131 669 3194 anima?
685 3127 777 3207 Quid
781 3127 915 3211 prodest
923 3127 1058 3204 homini,
1068 3127 1101 3191 si
1111 3127 1271 3191 mundum
1287 3131 1461 3194 uniuersum
1471 3123 1495 3182 d·

255 3231 407 3350 ᾳίξξιζονιῖ
432 3243 549 3309 cretur,
560 3234 692 3296 animae
704 3252 778 3297 vero
792 3253 871 3295 suae
881 3231 1112 3295 detrinuntum
1119 3231 1278 3312 patratur
1286 3232 1345 3315 (¹)?
1357 3233 1446 3298 Hanc
1455 3223 1494 3308 qli·

256 3355 307 3420 tara
341 3352 406 3412 aust·
432 3339 510 3403 dem
526 3340 626 3402 docet
647 3337 801 3402 Christus
820 3337 987 3400 Dominus
1002 3336 1095 3400 velut
1110 3345 1225 3401 notam
1248 3336 1440 3410 habendam,
1458 3346 1495 3411 qua

254 3414 358 3458 ‘'⁰⁸²⁸''
433 3443 476 3506 ab
486 3442 855 3523 ethnicodistinguatur
866 3437 1495 3520 homochristiaous:Haecomaiagau

432 3544 645 3626 inquirunt...
660 3545 805 3626 quaerite
812 3543 964 3626 primum
974 3563 1111 3625 regnum
1125 3541 1192 3605 Dei
1201 3551 1233 3606 ct
1243 3543 1408 3606 iustitiam
1417 3539 1495 3602 eruut

430 3648 632 3712 haecomnia
648 3647 848 3712 adiiciuntur
860 3644 950 3710 vobz's
966 3645 1012 3730 (²).
1029 3645 1181 3727 Sumptis
1198 3645 1300 3728 igitur
1318 3666 1338 3708 a
1355 3645 1425 3708 Deo
1439 3637 1493 3722 prin·

431 3753 534 3836 cipiis,
564 3753 744 3835 plurimum
780 3751 960 3815 eruditioni
992 3750 1166 3833 religiosae
1195 3750 1363 3815 tribuatur
1392 3745 1451 3816 loci,
1473 3745 1492 3796 ¹³²

253 3869 317 3940 leuda
326 3873 405 3943 cotua-
430 3879 491 3922 sua
503 3857 625 3939 singuli
638 3857 796 3920 adversus
812 3856 924 3919 Deum
941 3855 1050 3918 officia
1065 3863 1292 3936 cognoscant:
1308 3855 1387 3936 quid
1401 3847 1491 3914 credet!

252 3933 406 4037 must?
429 3969 594 4045 oporteat,
605 3959 686 4042 quid
702 3981 833 4042 sperare
842 3967 944 4042 atque
960 3979 1059 4042 agere
1070 3958 1188 4022 salutis
1203 3958 1420 4040 sempiternae
1431 3963 1491 4012 caus·

253 4047 404 4161 52³4&OEssss
429 4088 475 4143 ⁵³·
501 4064 604 4147 PfObe
631 4064 758 4127 sciant:
782 4083 928 4145 curaque
954 4063 1134 4146 praecipua
1156 4063 1314 4126 adversus
1336 4059 1489 4143 opinionum

252 4163 405 4278 53:52}ss
429 4189 555 4232 errores
577 4168 751 4248 variasque
774 4168 980 4248 corruptelas
1008 4169 1209 4232 muniantur.
1235 4167 1293 4230 Ad
1317 4165 1380 4228 Dei
1400 4157 1488 4222 cultum

252 4279 404 4384 mutos-a-
429 4272 644 4350 studiumque
661 4271 794 4350 pietatis
810 4271 975 4334 excitetur
990 4271 1115 4353 opifex,
1128 4271 1323 4334 nominatim
1341 4268 1382 4332 ad
1397 4257 1488 4339 religio

255 4403 316 4439 mm.
460 4411 479 4444 1.
494 4399 595 4448 Marti..
608 4407 663 4446 xv1.
677 4400 939 4454 26.-a.1l[attlr.,vl,
952 4417 989 4462 3²·
1002 4416 1038 4461 33.
