3336 4870
430 348 611 400 EPISTOLA
640 333 661 365 ‘⁸
683 347 763 402 CUM
791 347 841 400 ttx
868 347 968 400 ALIIS
995 347 1116 400 REBUS
1135 381 1155 412 ,2
1287 341 1358 414 279

247 525 432 592 memoriae
447 527 639 592 decessores
661 525 788 607 Nostri,
802 526 850 591 sic
865 526 939 592 Nos
954 525 1113 610 singulari
1128 544 1188 590 vos
1199 522 1361 605 vobisque
1387 532 1469 578 Salem
1485 538 1537 602 ,ra-

246 631 396 696 creditos
411 629 529 696 fideles
549 631 692 696 caritate
710 629 898 714 complecti,
913 630 1040 696 fervida
1063 638 1143 694 vota
1165 647 1227 711 pro
1252 633 1362 690 vestra
1386 597 1538 720 {illarii

246 735 343 801 omni
360 734 586 818 prosperitate
604 734 725 815 tacere,
743 746 777 801 et
791 755 950 819 magnum
967 735 1137 818 percipere
1164 734 1207 797 de
1223 732 1361 796 istorum
1388 714 1427 755 ‘¹⁸'

249 837 403 905 fidelium
420 835 552 922 optima
567 837 600 903 in
624 859 727 904 omne
750 858 836 923 opus
857 838 982 903 bonum
1003 838 1187 916 voluntate,
1201 853 1362 918 magnum

248 943 295 1008 de
320 953 441 1008 vestra
465 943 664 1008 sacerdotali
688 945 812 1010 virtute
841 942 1010 1008 soIaIIum.
1038 977 1083 992 --
1113 939 1214 1026 Quod
1238 958 1364 1004 veroa
1433 941 1541 987 Delma

1389 1000 1541 1047 virosrolcrrr-

255 1047 367 1112 Nobis
382 1047 544 1132 postulas,
559 1059 596 1112 ut
610 1047 741 1132 aliquos
756 1047 904 1113 delectos
919 1048 1008 1110 viros
1024 1067 1068 1112 ex
1092 1046 1174 1110 urbe
1190 1044 1363 1110 mittamus
1392 1060 1463 1129 nuum
1487 1059 1542 1104 ars

256 1153 315 1234 qui
332 1151 461 1217 Nostro
477 1152 614 1216 nomine
628 1151 834 1218 solemnibus
849 1152 967 1216 vestris
989 1159 1181 1236 praesentes
1200 1148 1362 1226 intersint,
1390 1119 1544 1224 almi}

261 1275 328 1318 non
345 1256 513 1320 deerimus
522 1257 648 1341 optatis
663 1255 781 1321 vestris
796 1279 804 1336 ;
819 1255 924 1320 immo
945 1276 986 1320 eo
1001 1255 1159 1321 libentius
1176 1254 1224 1317 eis
1239 1272 1362 1317 annue·
1389 1238 1543 1342 ζξζξῇνῗζ,

263 1378 337 1422 mus
353 1360 443 1442 quod
460 1358 542 1424 haec
558 1380 610 1423 res
626 1377 693 1423 non
710 1357 818 1423 solum
834 1357 1095 1424 existimationis
1110 1366 1145 1421 et
1164 1354 1362 1421 benevolen·
1391 1357 1542 1460 ὴόἵωξζρἶ

256 1458 323 1525 tiae
351 1461 495 1526 Nostrae
519 1481 599 1546 erga
624 1483 684 1527 vos
708 1461 938 1528 testimonium
963 1464 1035 1539 erit,
1061 1462 1120 1526 scd
1147 1459 1361 1544 splendidum
1388 1475 1509 1544 nomque
1520 1479 1543 1520 er

258 1567 360 1628 etiam
383 1566 622 1630 documentum
648 1564 833 1630 catholicae
853 1565 941 1630 illius
967 1566 1115 1642 unitatis,
1130 1583 1216 1648 quae
1239 1563 1363 1646 ubique
1405 1538 1522 1639 ἕῗζῇἶῖζὲ

257 1677 408 1748 pastores
431 1678 466 1733 et
491 1667 607 1733 fideles
630 1670 717 1734 inter
740 1689 822 1747 sese,
848 1679 982 1734 etcum
1006 1688 1165 1753 supremo
1192 1667 1363 1731 Ecclesiae

261 1781 387 1837 rectore
409 1772 442 1836 in
468 1770 534 1838 fide
560 1783 595 1839 et
621 1773 759 1842 caritate
785 1773 967 1858 coniungit.
990 1773 1091 1857 Quod
1114 1771 1286 1856 reliquum¹
1304 1781 1364 1850 est,

262 1873 374 1940 Deum
391 1878 564 1941 custodem
581 1887 615 1942 et
630 1877 866 1960 sospitatorem
879 1877 1034 1942 catholici
1047 1877 1192 1944 nominis
1207 1897 1251 1940 ex
1264 1876 1364 1941 corde

256 1980 484 2063 adprecamur,
496 1992 534 2046 ut
548 1982 611 2046 sub
627 1981 862 2048 florentissimo
877 1985 942 2047 isto
954 1981 1133 2065 faustoque
1149 1980 1318 2064 regimipe,
1328 1981 1360 2044 in
1418 1990 1531 2094 Fausta

256 2103 326 2166 quo
340 2085 434 2150 vobis
462 2085 580 2151 datum
606 2095 658 2150 est
679 2088 786 2151 sancti
813 2087 913 2150 vestri
930 2086 1104 2150 ministerii
1121 2085 1275 2151 libertate
1291 2084 1363 2164 lrui,
1387 2062 1541 2166 llssl'llrn'

254 2207 357 2269 opera
382 2190 516 2272 pietatis
541 2198 671 2254 vestrae
698 2187 794 2254 laetis
819 2189 976 2255 secundet
1006 2209 1086 2273 erga
1114 2188 1300 2254 Ecclesiam
1326 2199 1360 2254 et
1386 2167 1538 2273 ξζξξξῖὓ*

254 2293 398 2378 patriam
418 2293 589 2373 fructibus,
604 2314 643 2358 ac
659 2293 941 2377 amplissimorum
957 2293 1177 2378 benignitatis
1191 2313 1272 2357 suae
1288 2313 1358 2356 mu·

254 2417 372 2463 nerum
403 2400 573 2483 auspicem
610 2419 683 2463 esse
713 2397 793 2462 velit
822 2397 1057 2482 Apostolicam
1082 2397 1362 2471 benedictionem,

254 2521 356 2585 quam
382 2501 454 2583 tibi,
480 2503 602 2568 dilecte
632 2501 695 2566 Fili
723 2502 855 2580 Noster,
881 2503 1078 2585 cunctisque
1104 2500 1360 2567 venerabilibus

254 2606 429 2672 Fratribus
445 2607 689 2672 foederatarum
716 2607 854 2670 istarum
879 2606 1058 2670 Americae
1081 2605 1254 2671 civitatum
1280 2605 1359 2688 Epi·

253 2712 375 2794 scopis,
394 2721 429 2775 et
453 2711 552 2777 Clero
575 2731 614 2775 ac
641 2709 795 2775 fidelibus
819 2710 985 2788 omnibus,
1008 2709 1129 2794 quibus
1156 2709 1363 2794 praesidetis,

252 2824 466 2899 peramanter
482 2817 514 2880 in
532 2815 682 2881 Domino
694 2815 919 2897 impertimus.¹
956 2847 959 2852 ·

299 2919 428 2986 Datum
450 2921 581 2985 Romae
596 2920 686 3002 apud
704 2919 738 2986 S.
762 2919 897 2983 Petrum
914 2919 969 2984 dle
992 2934 1012 3002 7
1040 2917 1249 3004 Septembris
1268 2919 1360 2999 1889,

256 3021 477 3088 Pontificatus
488 3025 605 3089 Nostri
617 3043 708 3086 anno
716 3023 926 3088 duodecimo,

804 3175 901 3243 LEO
919 3177 981 3242 PP.
998 3176 1102 3243 XIII.
