3336 4870
1274 416 1321 423 ⁸„fl-

1621 491 1622 550 ψ

444 828 452 919 ἓ
547 914 550 919 .
716 863 978 938 srruurgensrs
1001 863 1215 921 consulario

286 1085 318 1140 4
515 1031 579 1090 us
612 1030 885 1092 couuuuna
917 1031 1279 1091 uurvsnsmnrs
1314 1033 1421 1092 rru-

410 1257 695 1412 um
1478 1276 1506 1309 *-

445 654 452 668 ο

430 678 452 693 ιο

424 698 452 718 'a

444 728 452 743 ο

445 754 452 768 ι

444 780 452 793 0

838 1195 1099 1258 BURGENSl.

303 1535 317 1566 I

264 1580 286 1622 U
410 1508 703 1658 &QUOD
720 1509 841 1575 alicubi
865 1509 897 1574 in
916 1511 1063 1594 Europa,
1080 1512 1336 1596 nuperrimeque
1360 1513 1394 1576 in
1415 1512 1516 1578 Ame·
1621 1487 1622 1490 Ἴ

235 1583 256 1622 Α
279 1581 381 1690 :iifl
465 1608 541 1788 Q
572 1587 595 1654 ii
620 1615 687 1679 rica
709 1615 843 1697 sapiens
870 1613 1111 1679 catholicorum
1132 1615 1314 1682 liberalitas
1334 1615 1459 1696 effecit,
1480 1629 1516 1681 ut

340 1795 344 1804 Ι
619 1720 762 1802 cupidae
781 1719 943 1783 maiorum
968 1719 1219 1802 disciplinarum
1242 1720 1409 1786 iuventuti
1435 1719 1516 1787 Uni-

233 1793 385 1898 uubi'i‘issf
616 1823 790 1887 versitates
813 1823 1000 1887 studiorum
1026 1824 1213 1888 catholicae
1226 1825 1516 1900 constituerentur,

232 1911 384 1957 ΜΨ·
409 1933 443 1996 id
466 1930 568 1994 modo
592 1937 625 1992 et
650 1927 682 1991 in
713 1927 871 1992 Helvetia
896 1927 1145 2010 Friburgenses,
1172 1928 1248 1992 Deo
1271 1928 1357 1992 bene
1372 1929 1516 2002 iuvante,

247 1971 369 2016 nutritoris

230 2031 383 2136 sltfs‘ffl'·
408 2037 549 2100 feliciter
563 2051 738 2115 aggressos
753 2028 991 2095 Intelleximus.
1007 2068 1052 2080 -
1066 2031 1139 2096 Vix
1153 2033 1276 2098 attinet
1292 2031 1405 2096 dicere
1417 2052 1515 2117 quam

232 2163 280 2194 um.
409 2140 518 2206 Nobis
530 2148 563 2202 et
579 2144 712 2220 gratum
726 2133 769 2199 sit
785 2145 819 2198 et
834 2135 1015 2218 probatum
1041 2134 1284 2200 catholicorum
1309 2138 1343 2200 in
1370 2137 1436 2201 hoc
1461 2157 1515 2218 ge·

409 2265 486 2308 nere
502 2242 660 2317 studium,
680 2237 875 2320 praesertim
889 2257 965 2301 cum
983 2258 1049 2302 non
1078 2239 1182 2305 simus
1207 2240 1319 2318 nescii,
1345 2259 1409 2304 nec
1435 2237 1515 2303 diffi-

407 2346 588 2412 cultatibus
604 2364 661 2407 eos
677 2341 779 2406 luisse
792 2361 852 2405 nec
868 2341 1039 2407 laboribus
1066 2342 1269 2427 impensisve
1297 2344 1372 2408 ullis
1397 2365 1418 2408 a
1443 2364 1514 2426 pro·

279 2443 381 2490 U‘flflt·
406 2453 518 2534 posito
548 2447 734 2512 deterritos.
762 2446 870 2529 quue
904 2456 992 2511 recte
1023 2447 1183 2529 quidem:
1217 2448 1300 2513 nihil
1330 2447 1423 2513 enirn
1454 2449 1514 2512 hoc

135 2604 142 2620 .
230 2505 381 2608 mm„
407 2567 559 2636 ternpore
583 2560 644 2628 est,
671 2551 703 2612 in
732 2569 800 2632 quo
825 2549 955 2632 possint
982 2550 1117 2631 ipsimet
1132 2550 1332 2615 industriam
1349 2571 1446 2616 suam
1462 2549 1510 2615 vel

230 2623 382 2740 'Jss'sslmiii‘
407 2653 629 2738 opportunius
644 2653 695 2717 vel
710 2652 824 2716 utilius
840 2672 1005 2731 exercere,
1020 2673 1124 2735 quum
1142 2672 1264 2736 nempe
1279 2655 1322 2718 de
1338 2675 1373 2718 re
1382 2663 1509 2738 agatur,

246 2744 364 2843 322⁰,ss
408 2780 494 2842 quae
520 2779 596 2821 cum
622 2754 794 2821 Ecclesiae
817 2777 856 2819 ac
881 2756 1051 2839 religionis
1065 2757 1166 2836 bono,
1182 2778 1258 2822 cum
1284 2758 1512 2824 incolumitate

253 2859 356 2917 “iffi‘-
408 2863 483 2927 fidei
512 2859 696 2925 catholicae
729 2859 984 2944 quammaxime
1011 2863 1235 2945 coniungitur.
1264 2862 1404 2940 Revera,
1439 2883 1511 2926 cum

406 2977 502 3033 tanta
518 2966 641 3048 passim
665 2966 708 3028 sit
724 2985 902 3047 pravarum
929 2966 1127 3047 opinionum
1150 2967 1341 3044 multitudo,
1357 2967 1511 3032 iuvenum

407 3068 647 3136 catholicorum
664 3068 910 3133 institutionem
928 3069 1087 3134 maximis
1103 3071 1257 3153 periculis
1269 3070 1425 3135 videmus
1435 3089 1511 3154 quo·

410 3178 491 3242 tidie
517 3173 726 3239 obnoxiam:
753 3175 801 3238 ita
827 3194 909 3238 sane
932 3183 969 3239 ut
994 3176 1057 3240 nisi
1083 3195 1235 3242 securum
1267 3176 1406 3258 aliquod
1434 3174 1510 3257 ipsis

407 3279 502 3364 quasi
529 3277 718 3361 perfugium
746 3285 870 3360 pateat,
894 3279 993 3342 valde
1018 3280 1325 3362 pertimescendum
1353 3279 1407 3356 sit,
1434 3295 1510 3340 nea

407 3381 545 3445 veritate
561 3381 779 3457 abducantur,
796 3377 941 3464 fideique
957 3382 1151 3460 catholicae,
1171 3383 1261 3466 quod
1279 3390 1330 3446 est
1346 3381 1508 3446 bonorum

264 3479 381 3548 H‘lv‘if‘?
406 3484 556 3549 omnium
580 3484 777 3560 maximum,
803 3484 924 3547 misere
951 3485 1112 3550 iacturam
1142 3485 1274 3550 saciant.
1291 3523 1335 3534 -
1351 3485 1453 3569 Quod
1468 3482 1507 3545 ad

229 3538 287 3584 inde
301 3553 380 3584 maxt-

229 3612 295 3702 m
313 3599 380 3716 αξξ
408 3588 600 3653 Helvetiam
616 3585 770 3670 pertinet,
786 3606 888 3668 quam
905 3608 985 3653 sane
1004 3599 1157 3654 amanter
1181 3591 1399 3673 studioseque
1422 3607 1508 3652 corn·

227 3722 283 3762 ctat.
405 3693 505 3774 plecti
522 3711 694 3774 nunquam
708 3690 957 3771 intermisimus,
972 3703 1165 3776 susceptum
1189 3692 1291 3776 plane
1315 3715 1335 3757 a
1351 3693 1445 3759 vobis
1460 3709 1507 3762 est

404 3794 580 3860 consilium
597 3802 895 3877 peropportunum,
910 3798 1001 3878 quod
1022 3799 1068 3861 rei
1094 3797 1281 3862 catholicae
1307 3816 1506 3881 magnopere

405 3899 615 3982 profuturum
642 3898 865 3963 arbitramur:
882 3900 1137 3966 desiderabatur
1149 3900 1238 3966 enim
1255 3903 1345 3984 apud
1362 3923 1420 3966 vos
1435 3921 1504 3984 gra·

402 4005 531 4066 viorum
548 4001 800 4084 disciplinarum
823 4001 1041 4084 domicilium,
1062 4005 1095 4068 in
1117 4025 1184 4088 quo
1202 4005 1431 4070 adolescentes
1454 4023 1504 4066 ca·

402 4106 528 4185 tholici,
555 4106 619 4169 tuti
646 4104 690 4168 ab
716 4106 809 4169 omni
832 4127 980 4172 errorum
1008 4109 1157 4192 periculo
1183 4109 1441 4175 instituerentur.
1462 4141 1504 4156 -

262 4207 375 4277 &titis
403 4207 631 4293 Quamobrem
649 4216 683 4271 et
697 4207 768 4286 tibi,
783 4208 906 4274 dilecte
922 4209 977 4288 fili,
993 4220 1026 4275 et
1042 4214 1169 4296 populo
1186 4212 1400 4295 Friburgensi
1410 4210 1502 4276 valde

228 4268 271 4308 tur
303 4273 375 4325 prom

227 4325 372 4391 mumm-
403 4311 619 4395 gratulamur,
642 4330 681 4373 ac
706 4319 796 4374 certa
820 4332 895 4395 spes
922 4324 973 4378 est
996 4314 1065 4379 lore
1093 4325 1132 4380 ut
1154 4335 1313 4399 prospere
1328 4325 1445 4400 coepta
1460 4313 1506 4378 ad·

227 4383 377 4489 miazi-J
402 4424 555 4498 optatum
573 4413 713 4491 exitum,
730 4398 793 4478 Dei
806 4415 978 4497 beneficio,
993 4417 1144 4483 celeriter
1160 4419 1359 4502 perducatis.
1370 4456 1412 4468 -
1429 4419 1499 4482 Per·
