<?xml version="1.0" encoding="UTF-8"?>
<!DOCTYPE html PUBLIC "-//W3C//DTD XHTML 1.0 Transitional//EN"
    "http://www.w3.org/TR/xhtml1/DTD/xhtml1-transitional.dtd">
<html xmlns="http://www.w3.org/1999/xhtml" xml:lang="en" lang="en">
 <head>
  <title>
</title>
<meta http-equiv="Content-Type" content="text/html;charset=utf-8" />
  <meta name='ocr-system' content='tesseract 3.04.00' />
  <meta name='ocr-capabilities' content='ocr_page ocr_carea ocr_par ocr_line ocrx_word'/>
</head>
<body>
  <div class='ocr_page' id='page_1' title='image "./sanctissimidomi03xiiigoog_0604.png"; bbox 0 0 3172 4874; ppageno 0'>
   <div class='ocr_carea' id='block_1_1' title="bbox 248 366 1199 442">
    <p class='ocr_par' dir='ltr' id='par_1_1' title="bbox 248 366 1199 442">
     <span class='ocr_line' id='line_1_1' title="bbox 248 366 1199 442; baseline 0.004 -24"><span class='ocrx_word' id='word_1_1' title='bbox 248 367 301 418; x_wconf 81' lang='lat' dir='ltr'>oe</span> <span class='ocrx_word' id='word_1_2' title='bbox 319 367 561 420; x_wconf 78' lang='lat' dir='ltr'>ursaaacnm</span> <span class='ocrx_word' id='word_1_3' title='bbox 579 367 621 418; x_wconf 84' lang='lat' dir='ltr'>ru</span> <span class='ocrx_word' id='word_1_4' title='bbox 641 366 789 418; x_wconf 82' lang='lat' dir='ltr'>uaxrco</span> <span class='ocrx_word' id='word_1_5' title='bbox 806 367 1047 421; x_wconf 75' lang='lat' dir='ltr'>oanrununn.</span> <span class='ocrx_word' id='word_1_6' title='bbox 1128 373 1147 422; x_wconf 92' lang='lat'>2</span> <span class='ocrx_word' id='word_1_7' title='bbox 1153 374 1199 442; x_wconf 80' lang='lat'>39</span> 
     </span>
    </p>
   </div>
   <div class='ocr_carea' id='block_1_2' title="bbox 84 542 1357 735">
    <p class='ocr_par' dir='ltr' id='par_1_2' title="bbox 84 542 1357 735">
     <span class='ocr_line' id='line_1_2' title="bbox 84 542 1357 630; baseline 0.002 -22"><span class='ocrx_word' id='word_1_8' title='bbox 84 545 211 608; x_wconf 87' lang='lat' dir='ltr'>tendos</span> <span class='ocrx_word' id='word_1_9' title='bbox 226 563 300 609; x_wconf 87' lang='lat' dir='ltr'>esse</span> <span class='ocrx_word' id='word_1_10' title='bbox 314 543 512 609; x_wconf 80' lang='lat' dir='ltr'><strong>censuerint.</strong></span> <span class='ocrx_word' id='word_1_11' title='bbox 534 543 645 627; x_wconf 78' lang='lat' dir='ltr'>Ipsius</span> <span class='ocrx_word' id='word_1_12' title='bbox 671 542 840 608; x_wconf 87' lang='lat' dir='ltr'>seminarii</span> <span class='ocrx_word' id='word_1_13' title='bbox 864 554 1010 610; x_wconf 90' lang='lat' dir='ltr'>rectores</span> <span class='ocrx_word' id='word_1_14' title='bbox 1026 555 1060 611; x_wconf 92' lang='lat' dir='ltr'>et</span> <span class='ocrx_word' id='word_1_15' title='bbox 1075 546 1201 630; x_wconf 84' lang='lat' dir='ltr'>proies·</span> <span class='ocrx_word' id='word_1_16' title='bbox 1249 553 1291 599; x_wconf 68' lang='lat' dir='ltr'>IX</span> <span class='ocrx_word' id='word_1_17' title='bbox 1298 554 1357 601; x_wconf 76' lang='lat' dir='ltr'>Kal·</span> 
     </span>
     <span class='ocr_line' id='line_1_3' title="bbox 84 613 1348 735; baseline -0.001 -23"><span class='ocrx_word' id='word_1_18' title='bbox 84 665 182 712; x_wconf 90' lang='lat' dir='ltr'>sores</span> <span class='ocrx_word' id='word_1_19' title='bbox 207 647 252 712; x_wconf 89' lang='lat' dir='ltr'>ab</span> <span class='ocrx_word' id='word_1_20' title='bbox 278 649 398 714; x_wconf 90' lang='lat' dir='ltr'>eodem</span> <span class='ocrx_word' id='word_1_21' title='bbox 426 645 597 731; x_wconf 84' lang='lat' dir='ltr'>Episcopo</span> <span class='ocrx_word' id='word_1_22' title='bbox 613 647 716 712; x_wconf 87' lang='lat' dir='ltr'>libere</span> <span class='ocrx_word' id='word_1_23' title='bbox 731 646 1002 728; x_wconf 89' lang='lat' dir='ltr'>nominabuntur,</span> <span class='ocrx_word' id='word_1_24' title='bbox 1025 649 1202 735; x_wconf 84' lang='lat' dir='ltr'>eidemque</span> <span class='ocrx_word' id='word_1_25' title='bbox 1255 613 1348 723; x_wconf 51' lang='lat' dir='ltr'>llll!</span> 
     </span>
    </p>
   </div>
   <div class='ocr_carea' id='block_1_3' title="bbox 84 749 1382 1874">
    <p class='ocr_par' dir='ltr' id='par_1_3' title="bbox 89 749 1203 836">
     <span class='ocr_line' id='line_1_4' title="bbox 89 749 1203 836; baseline -0.001 -19"><span class='ocrx_word' id='word_1_26' title='bbox 89 749 266 836; x_wconf 85' lang='lat' dir='ltr'>Episcopo</span> <span class='ocrx_word' id='word_1_27' title='bbox 281 751 421 817; x_wconf 88' lang='lat' dir='ltr'>liberum</span> <span class='ocrx_word' id='word_1_28' title='bbox 437 751 510 830; x_wconf 90' lang='lat' dir='ltr'>erit,</span> <span class='ocrx_word' id='word_1_29' title='bbox 524 751 803 835; x_wconf 87' lang='lat' dir='ltr'>quotiescumque</span> <span class='ocrx_word' id='word_1_30' title='bbox 817 751 1040 818; x_wconf 89' lang='lat' dir='ltr'>necessarium</span> <span class='ocrx_word' id='word_1_31' title='bbox 1053 754 1105 820; x_wconf 90' lang='lat' dir='ltr'>vel</span> <span class='ocrx_word' id='word_1_32' title='bbox 1122 755 1203 821; x_wconf 88' lang='lat' dir='ltr'>utile</span> 
     </span>
    </p>

    <p class='ocr_par' dir='ltr' id='par_1_4' title="bbox 85 854 1202 944">
     <span class='ocr_line' id='line_1_5' title="bbox 85 854 1202 944; baseline 0.004 -24"><span class='ocrx_word' id='word_1_33' title='bbox 85 857 164 939; x_wconf 90' lang='lat' dir='ltr'>ipse</span> <span class='ocrx_word' id='word_1_34' title='bbox 190 854 396 934; x_wconf 87' lang='lat' dir='ltr'>iudicaverit,</span> <span class='ocrx_word' id='word_1_35' title='bbox 422 854 496 920; x_wconf 91' lang='lat' dir='ltr'>illos</span> <span class='ocrx_word' id='word_1_36' title='bbox 520 873 699 920; x_wconf 87' lang='lat' dir='ltr'>removere.</span> <span class='ocrx_word' id='word_1_37' title='bbox 733 854 821 920; x_wconf 88' lang='lat' dir='ltr'>illud</span> <span class='ocrx_word' id='word_1_38' title='bbox 851 865 964 922; x_wconf 88' lang='lat' dir='ltr'>autern</span> <span class='ocrx_word' id='word_1_39' title='bbox 989 877 1202 944; x_wconf 88' lang='lat' dir='ltr'>summopere</span> 
     </span>
    </p>

    <p class='ocr_par' dir='ltr' id='par_1_5' title="bbox 84 957 1382 1458">
     <span class='ocr_line' id='line_1_6' title="bbox 86 957 1346 1045; baseline 0.004 -21"><span class='ocrx_word' id='word_1_40' title='bbox 86 957 166 1024; x_wconf 89' lang='lat' dir='ltr'>Nos</span> <span class='ocrx_word' id='word_1_41' title='bbox 183 967 288 1042; x_wconf 87' lang='lat' dir='ltr'>urget,</span> <span class='ocrx_word' id='word_1_42' title='bbox 313 968 351 1026; x_wconf 90' lang='lat' dir='ltr'>ut</span> <span class='ocrx_word' id='word_1_43' title='bbox 375 959 460 1024; x_wconf 89' lang='lat' dir='ltr'>sacri</span> <span class='ocrx_word' id='word_1_44' title='bbox 488 958 671 1024; x_wconf 87' lang='lat' dir='ltr'>Antistites</span> <span class='ocrx_word' id='word_1_45' title='bbox 698 977 833 1024; x_wconf 88' lang='lat' dir='ltr'>omnem</span> <span class='ocrx_word' id='word_1_46' title='bbox 862 959 1061 1045; x_wconf 87' lang='lat' dir='ltr'>impendant</span> <span class='ocrx_word' id='word_1_47' title='bbox 1080 983 1202 1041; x_wconf 89' lang='lat' dir='ltr'>curam,</span> <span class='ocrx_word' id='word_1_48' title='bbox 1341 1028 1346 1038; x_wconf 88' lang='grc'>,</span> 
     </span>
     <span class='ocr_line' id='line_1_7' title="bbox 84 1027 1380 1156; baseline 0.003 -30"><span class='ocrx_word' id='word_1_49' title='bbox 84 1081 160 1145; x_wconf 92' lang='lat' dir='ltr'>quo</span> <span class='ocrx_word' id='word_1_50' title='bbox 190 1060 345 1128; x_wconf 87' lang='lat' dir='ltr'>iuventus</span> <span class='ocrx_word' id='word_1_51' title='bbox 381 1062 416 1128; x_wconf 91' lang='lat' dir='ltr'>in</span> <span class='ocrx_word' id='word_1_52' title='bbox 454 1081 549 1145; x_wconf 90' lang='lat' dir='ltr'>spem</span> <span class='ocrx_word' id='word_1_53' title='bbox 590 1061 763 1126; x_wconf 86' lang='lat' dir='ltr'>Ecclesiae</span> <span class='ocrx_word' id='word_1_54' title='bbox 796 1060 1014 1142; x_wconf 82' lang='lat' dir='ltr'>efformanda,</span> <span class='ocrx_word' id='word_1_55' title='bbox 1046 1065 1202 1150; x_wconf 88' lang='lat' dir='ltr'>Angelici</span> <span class='ocrx_word' id='word_1_56' title='bbox 1230 1027 1380 1156; x_wconf 50' lang='lat' dir='ltr'>Amne</span> 
     </span>
     <span class='ocr_line' id='line_1_8' title="bbox 87 1147 1381 1266; baseline 0.006 -34"><span class='ocrx_word' id='word_1_57' title='bbox 87 1166 251 1232; x_wconf 90' lang='lat' dir='ltr'>Doctoris</span> <span class='ocrx_word' id='word_1_58' title='bbox 280 1185 374 1231; x_wconf 88' lang='lat' dir='ltr'>sacra</span> <span class='ocrx_word' id='word_1_59' title='bbox 404 1176 438 1232; x_wconf 90' lang='lat' dir='ltr'>et</span> <span class='ocrx_word' id='word_1_60' title='bbox 468 1165 604 1231; x_wconf 92' lang='lat' dir='ltr'>caelesti</span> <span class='ocrx_word' id='word_1_61' title='bbox 634 1166 806 1232; x_wconf 87' lang='lat' dir='ltr'>imbuatur</span> <span class='ocrx_word' id='word_1_62' title='bbox 831 1166 985 1233; x_wconf 91' lang='lat' dir='ltr'>doctrina</span> <span class='ocrx_word' id='word_1_63' title='bbox 997 1191 1006 1248; x_wconf 91' lang='lat'>;</span> <span class='ocrx_word' id='word_1_64' title='bbox 1032 1169 1089 1234; x_wconf 91' lang='lat' dir='ltr'>ubi</span> <span class='ocrx_word' id='word_1_65' title='bbox 1113 1170 1201 1234; x_wconf 92' lang='lat' dir='ltr'>enirn</span> <span class='ocrx_word' id='word_1_66' title='bbox 1230 1147 1381 1266; x_wconf 47' lang='grc' dir='ltr'>3332ζῖ</span> 
     </span>
     <span class='ocr_line' id='line_1_9' title="bbox 86 1266 1382 1370; baseline 0.002 -34"><span class='ocrx_word' id='word_1_67' title='bbox 86 1271 249 1336; x_wconf 86' lang='lat' dir='ltr'>iuventus</span> <span class='ocrx_word' id='word_1_68' title='bbox 264 1270 337 1355; x_wconf 90' lang='lat' dir='ltr'>ipsa</span> <span class='ocrx_word' id='word_1_69' title='bbox 363 1291 399 1335; x_wconf 93' lang='lat' dir='ltr'>se</span> <span class='ocrx_word' id='word_1_70' title='bbox 424 1271 457 1334; x_wconf 90' lang='lat' dir='ltr'>in</span> <span class='ocrx_word' id='word_1_71' title='bbox 478 1269 690 1354; x_wconf 87' lang='lat' dir='ltr'>disciplinam</span> <span class='ocrx_word' id='word_1_72' title='bbox 707 1278 742 1335; x_wconf 86' lang='lat' dir='ltr'>et</span> <span class='ocrx_word' id='word_1_73' title='bbox 757 1270 947 1336; x_wconf 86' lang='lat' dir='ltr'>clientelam</span> <span class='ocrx_word' id='word_1_74' title='bbox 963 1271 1114 1338; x_wconf 90' lang='lat' dir='ltr'>eiusdem</span> <span class='ocrx_word' id='word_1_75' title='bbox 1129 1273 1204 1339; x_wconf 90' lang='lat' dir='ltr'>An·</span> <span class='ocrx_word' id='word_1_76' title='bbox 1231 1266 1302 1370; x_wconf 41' lang='lat'>22⁴2&amp;</span> <span class='ocrx_word' id='word_1_77' title='bbox 1319 1267 1382 1312; x_wconf 77' lang='lat'><strong><em>⁶⁰¹⁰·</em></strong></span> 
     </span>
     <span class='ocr_line' id='line_1_10' title="bbox 85 1373 1203 1458; baseline 0.003 -20"><span class='ocrx_word' id='word_1_78' title='bbox 85 1373 190 1458; x_wconf 90' lang='lat' dir='ltr'>gelici</span> <span class='ocrx_word' id='word_1_79' title='bbox 206 1373 365 1439; x_wconf 90' lang='lat' dir='ltr'>Doctoris</span> <span class='ocrx_word' id='word_1_80' title='bbox 379 1373 564 1452; x_wconf 86' lang='lat' dir='ltr'>tradiderit,</span> <span class='ocrx_word' id='word_1_81' title='bbox 581 1373 678 1440; x_wconf 83' lang='lat' dir='ltr'>facile</span> <span class='ocrx_word' id='word_1_82' title='bbox 690 1373 820 1439; x_wconf 81' lang='lat' dir='ltr'>florebit</span> <span class='ocrx_word' id='word_1_83' title='bbox 836 1374 1001 1458; x_wconf 87' lang='lat' dir='ltr'>sapientia</span> <span class='ocrx_word' id='word_1_84' title='bbox 1015 1376 1085 1441; x_wconf 88' lang='lat' dir='ltr'>veri</span> <span class='ocrx_word' id='word_1_85' title='bbox 1097 1377 1203 1442; x_wconf 90' lang='lat' dir='ltr'>norni-</span> 
     </span>
    </p>

    <p class='ocr_par' dir='ltr' id='par_1_6' title="bbox 85 1475 1204 1564">
     <span class='ocr_line' id='line_1_11' title="bbox 85 1475 1204 1564; baseline 0.004 -21"><span class='ocrx_word' id='word_1_86' title='bbox 85 1477 144 1543; x_wconf 91' lang='lat' dir='ltr'>nis</span> <span class='ocrx_word' id='word_1_87' title='bbox 160 1475 265 1542; x_wconf 88' lang='lat' dir='ltr'>firmis</span> <span class='ocrx_word' id='word_1_88' title='bbox 279 1478 401 1544; x_wconf 88' lang='lat' dir='ltr'>hausta</span> <span class='ocrx_word' id='word_1_89' title='bbox 424 1477 606 1562; x_wconf 87' lang='lat' dir='ltr'>principiis,</span> <span class='ocrx_word' id='word_1_90' title='bbox 628 1478 759 1542; x_wconf 85' lang='lat' dir='ltr'>ratione</span> <span class='ocrx_word' id='word_1_91' title='bbox 774 1487 876 1563; x_wconf 91' lang='lat' dir='ltr'>atque</span> <span class='ocrx_word' id='word_1_92' title='bbox 891 1479 1008 1544; x_wconf 85' lang='lat' dir='ltr'>ordine</span> <span class='ocrx_word' id='word_1_93' title='bbox 1024 1480 1204 1564; x_wconf 87' lang='lat' dir='ltr'>explicata.</span> 
     </span>
    </p>

    <p class='ocr_par' dir='ltr' id='par_1_7' title="bbox 86 1581 1381 1874">
     <span class='ocr_line' id='line_1_12' title="bbox 86 1581 1205 1666; baseline 0.002 -20"><span class='ocrx_word' id='word_1_94' title='bbox 86 1581 242 1646; x_wconf 90' lang='lat' dir='ltr'>Demum</span> <span class='ocrx_word' id='word_1_95' title='bbox 255 1593 294 1645; x_wconf 87' lang='lat' dir='ltr'>ea</span> <span class='ocrx_word' id='word_1_96' title='bbox 309 1581 424 1646; x_wconf 87' lang='lat' dir='ltr'>omnia</span> <span class='ocrx_word' id='word_1_97' title='bbox 438 1601 526 1666; x_wconf 92' lang='lat' dir='ltr'>quae</span> <span class='ocrx_word' id='word_1_98' title='bbox 536 1581 580 1647; x_wconf 89' lang='lat' dir='ltr'>ad</span> <span class='ocrx_word' id='word_1_99' title='bbox 594 1581 764 1646; x_wconf 90' lang='lat' dir='ltr'>seminarii</span> <span class='ocrx_word' id='word_1_100' title='bbox 776 1581 935 1665; x_wconf 90' lang='lat' dir='ltr'>regimen,</span> <span class='ocrx_word' id='word_1_101' title='bbox 947 1583 1205 1663; x_wconf 87' lang='lat' dir='ltr'>ordinationem,</span> 
     </span>
     <span class='ocr_line' id='line_1_13' title="bbox 86 1685 1205 1770; baseline 0.002 -20"><span class='ocrx_word' id='word_1_102' title='bbox 86 1685 370 1770; x_wconf 82' lang='lat' dir='ltr'>gubernationem</span> <span class='ocrx_word' id='word_1_103' title='bbox 387 1695 421 1750; x_wconf 89' lang='lat' dir='ltr'>et</span> <span class='ocrx_word' id='word_1_104' title='bbox 436 1685 764 1751; x_wconf 87' lang='lat' dir='ltr'>administrationem</span> <span class='ocrx_word' id='word_1_105' title='bbox 784 1686 953 1769; x_wconf 89' lang='lat' dir='ltr'>pertinent</span> <span class='ocrx_word' id='word_1_106' title='bbox 970 1707 990 1752; x_wconf 93' lang='lat' dir='ltr'>a</span> <span class='ocrx_word' id='word_1_107' title='bbox 1005 1687 1205 1753; x_wconf 90' lang='lat' dir='ltr'>dioecesano</span> 
     </span>
     <span class='ocr_line' id='line_1_14' title="bbox 87 1785 1381 1874; baseline 0.003 -21"><span class='ocrx_word' id='word_1_108' title='bbox 87 1788 259 1854; x_wconf 88' lang='lat' dir='ltr'>Antistite</span> <span class='ocrx_word' id='word_1_109' title='bbox 285 1788 383 1854; x_wconf 89' lang='lat' dir='ltr'>unice</span> <span class='ocrx_word' id='word_1_110' title='bbox 406 1789 552 1871; x_wconf 91' lang='lat' dir='ltr'>pendere</span> <span class='ocrx_word' id='word_1_111' title='bbox 577 1789 700 1854; x_wconf 91' lang='lat' dir='ltr'>debere</span> <span class='ocrx_word' id='word_1_112' title='bbox 726 1789 1044 1874; x_wconf 77' lang='lat' dir='ltr'>praecipimus3qui</span> <span class='ocrx_word' id='word_1_113' title='bbox 1068 1791 1204 1874; x_wconf 91' lang='lat' dir='ltr'>quidem</span> <span class='ocrx_word' id='word_1_114' title='bbox 1318 1785 1381 1833; x_wconf 65' lang='lat' dir='ltr'>sm</span> 
     </span>
    </p>
   </div>
   <div class='ocr_carea' id='block_1_4' title="bbox 86 1845 1383 1975">
    <p class='ocr_par' dir='ltr' id='par_1_8' title="bbox 86 1845 1383 1975">
     <span class='ocr_line' id='line_1_15' title="bbox 86 1845 1383 1975; baseline -0.002 -17"><span class='ocrx_word' id='word_1_115' title='bbox 86 1891 251 1958; x_wconf 90' lang='lat' dir='ltr'>Antistes</span> <span class='ocrx_word' id='word_1_116' title='bbox 264 1911 360 1957; x_wconf 90' lang='lat' dir='ltr'>suam</span> <span class='ocrx_word' id='word_1_117' title='bbox 372 1891 511 1957; x_wconf 88' lang='lat' dir='ltr'>liberam</span> <span class='ocrx_word' id='word_1_118' title='bbox 528 1890 732 1975; x_wconf 85' lang='lat' dir='ltr'>plenamque</span> <span class='ocrx_word' id='word_1_119' title='bbox 747 1893 980 1958; x_wconf 88' lang='lat' dir='ltr'>auctoritatem</span> <span class='ocrx_word' id='word_1_120' title='bbox 998 1903 1032 1958; x_wconf 89' lang='lat' dir='ltr'>et</span> <span class='ocrx_word' id='word_1_121' title='bbox 1048 1893 1099 1958; x_wconf 93' lang='lat' dir='ltr'>ius</span> <span class='ocrx_word' id='word_1_122' title='bbox 1115 1892 1148 1958; x_wconf 94' lang='lat' dir='ltr'>in</span> <span class='ocrx_word' id='word_1_123' title='bbox 1164 1913 1205 1958; x_wconf 92' lang='lat' dir='ltr'>eo</span> <span class='ocrx_word' id='word_1_124' title='bbox 1231 1845 1383 1950; x_wconf 52' lang='lat' dir='ltr'>famulam</span> 
     </span>
    </p>
   </div>
   <div class='ocr_carea' id='block_1_5' title="bbox 88 1965 1384 4358">
    <p class='ocr_par' dir='ltr' id='par_1_9' title="bbox 88 1965 1384 2492">
     <span class='ocr_line' id='line_1_16' title="bbox 90 1965 1384 2077; baseline 0 -15"><span class='ocrx_word' id='word_1_125' title='bbox 90 1994 275 2062; x_wconf 85' lang='lat' dir='ltr'>exercebit.</span> <span class='ocrx_word' id='word_1_126' title='bbox 290 1994 448 2059; x_wconf 89' lang='lat' dir='ltr'>Liberum</span> <span class='ocrx_word' id='word_1_127' title='bbox 461 2013 561 2076; x_wconf 91' lang='lat' dir='ltr'>porro</span> <span class='ocrx_word' id='word_1_128' title='bbox 573 1994 616 2059; x_wconf 92' lang='lat' dir='ltr'>sit</span> <span class='ocrx_word' id='word_1_129' title='bbox 630 1993 1062 2077; x_wconf 84' lang='lat' dir='ltr'>Episcopisadclericalem</span> <span class='ocrx_word' id='word_1_130' title='bbox 1079 2006 1203 2062; x_wconf 87' lang='lat' dir='ltr'>statum</span> <span class='ocrx_word' id='word_1_131' title='bbox 1232 1965 1312 2069; x_wconf 53' lang='lat' dir='ltr'>{lilla</span> <span class='ocrx_word' id='word_1_132' title='bbox 1343 1965 1384 2068; x_wconf 47' lang='grc' dir='ltr'>ἕξ.</span> 
     </span>
     <span class='ocr_line' id='line_1_17' title="bbox 88 2083 1364 2182; baseline 0 -17"><span class='ocrx_word' id='word_1_133' title='bbox 88 2109 126 2166; x_wconf 89' lang='lat' dir='ltr'>et</span> <span class='ocrx_word' id='word_1_134' title='bbox 142 2099 187 2162; x_wconf 88' lang='lat' dir='ltr'>ad</span> <span class='ocrx_word' id='word_1_135' title='bbox 203 2117 316 2162; x_wconf 90' lang='lat' dir='ltr'>sacros</span> <span class='ocrx_word' id='word_1_136' title='bbox 329 2096 464 2161; x_wconf 89' lang='lat' dir='ltr'>ordines</span> <span class='ocrx_word' id='word_1_137' title='bbox 488 2096 672 2160; x_wconf 90' lang='lat' dir='ltr'>secundum</span> <span class='ocrx_word' id='word_1_138' title='bbox 690 2094 931 2162; x_wconf 88' lang='lat' dir='ltr'>ecclesiasticos</span> <span class='ocrx_word' id='word_1_139' title='bbox 958 2118 1105 2164; x_wconf 89' lang='lat' dir='ltr'>canones</span> <span class='ocrx_word' id='word_1_140' title='bbox 1129 2120 1203 2182; x_wconf 91' lang='lat' dir='ltr'>pro·</span> <span class='ocrx_word' id='word_1_141' title='bbox 1228 2083 1364 2144; x_wconf 51' lang='lat' dir='ltr'>illm*</span> 
     </span>
     <span class='ocr_line' id='line_1_18' title="bbox 89 2198 1206 2286; baseline -0.001 -16"><span class='ocrx_word' id='word_1_142' title='bbox 89 2221 239 2281; x_wconf 87' lang='lat' dir='ltr'>movere,</span> <span class='ocrx_word' id='word_1_143' title='bbox 253 2221 339 2286; x_wconf 91' lang='lat' dir='ltr'>quos</span> <span class='ocrx_word' id='word_1_144' title='bbox 354 2200 559 2266; x_wconf 83' lang='lat' dir='ltr'>necessarios</span> <span class='ocrx_word' id='word_1_145' title='bbox 583 2209 642 2265; x_wconf 88' lang='lat' dir='ltr'>aut</span> <span class='ocrx_word' id='word_1_146' title='bbox 657 2198 755 2264; x_wconf 88' lang='lat' dir='ltr'>utiles</span> <span class='ocrx_word' id='word_1_147' title='bbox 782 2220 862 2264; x_wconf 91' lang='lat' dir='ltr'>suae</span> <span class='ocrx_word' id='word_1_148' title='bbox 878 2202 1022 2266; x_wconf 88' lang='lat' dir='ltr'>dioecesi</span> <span class='ocrx_word' id='word_1_149' title='bbox 1039 2203 1206 2269; x_wconf 89' lang='lat' dir='ltr'>iudicave-</span> 
     </span>
     <span class='ocr_line' id='line_1_19' title="bbox 92 2304 1206 2388; baseline -0.001 -15"><span class='ocrx_word' id='word_1_150' title='bbox 92 2309 175 2385; x_wconf 88' lang='lat' dir='ltr'>rint,</span> <span class='ocrx_word' id='word_1_151' title='bbox 196 2315 231 2372; x_wconf 89' lang='lat' dir='ltr'>et</span> <span class='ocrx_word' id='word_1_152' title='bbox 256 2324 461 2370; x_wconf 91' lang='lat' dir='ltr'>econverso</span> <span class='ocrx_word' id='word_1_153' title='bbox 488 2323 572 2388; x_wconf 90' lang='lat' dir='ltr'>quos</span> <span class='ocrx_word' id='word_1_154' title='bbox 600 2304 757 2388; x_wconf 88' lang='lat' dir='ltr'>indignos</span> <span class='ocrx_word' id='word_1_155' title='bbox 784 2305 976 2387; x_wconf 90' lang='lat' dir='ltr'>putaverint</span> <span class='ocrx_word' id='word_1_156' title='bbox 991 2306 1035 2370; x_wconf 94' lang='lat' dir='ltr'>ab</span> <span class='ocrx_word' id='word_1_157' title='bbox 1050 2305 1206 2372; x_wconf 91' lang='lat' dir='ltr'>ordinum</span> 
     </span>
     <span class='ocr_line' id='line_1_20' title="bbox 94 2409 446 2492; baseline -0.02 -14"><span class='ocrx_word' id='word_1_158' title='bbox 94 2409 312 2492; x_wconf 88' lang='lat' dir='ltr'>susceptione</span> <span class='ocrx_word' id='word_1_159' title='bbox 327 2428 446 2473; x_wconf 90' lang='lat' dir='ltr'>arcere.</span> 
     </span>
    </p>

    <p class='ocr_par' dir='ltr' id='par_1_10' title="bbox 90 2509 1208 2996">
     <span class='ocr_line' id='line_1_21' title="bbox 140 2509 1207 2596; baseline -0.004 -16"><span class='ocrx_word' id='word_1_160' title='bbox 140 2511 341 2596; x_wconf 87' lang='lat' dir='ltr'>Usquedurn</span> <span class='ocrx_word' id='word_1_161' title='bbox 357 2519 470 2576; x_wconf 90' lang='lat' dir='ltr'>autem</span> <span class='ocrx_word' id='word_1_162' title='bbox 489 2531 594 2576; x_wconf 90' lang='lat' dir='ltr'>novus</span> <span class='ocrx_word' id='word_1_163' title='bbox 617 2529 711 2574; x_wconf 90' lang='lat' dir='ltr'>sacer</span> <span class='ocrx_word' id='word_1_164' title='bbox 727 2509 880 2576; x_wconf 92' lang='lat' dir='ltr'>Antistes</span> <span class='ocrx_word' id='word_1_165' title='bbox 893 2511 927 2574; x_wconf 92' lang='lat' dir='ltr'>in</span> <span class='ocrx_word' id='word_1_166' title='bbox 943 2510 1080 2596; x_wconf 92' lang='lat' dir='ltr'>proprio</span> <span class='ocrx_word' id='word_1_167' title='bbox 1095 2510 1207 2576; x_wconf 91' lang='lat' dir='ltr'>cathe-</span> 
     </span>
     <span class='ocr_line' id='line_1_22' title="bbox 90 2613 1207 2698; baseline -0.004 -14"><span class='ocrx_word' id='word_1_168' title='bbox 90 2615 182 2684; x_wconf 87' lang='lat' dir='ltr'>drali</span> <span class='ocrx_word' id='word_1_169' title='bbox 196 2615 324 2698; x_wconf 92' lang='lat' dir='ltr'>templo</span> <span class='ocrx_word' id='word_1_170' title='bbox 340 2633 438 2680; x_wconf 89' lang='lat' dir='ltr'>suurn</span> <span class='ocrx_word' id='word_1_171' title='bbox 454 2614 647 2680; x_wconf 84' lang='lat' dir='ltr'>cathedrale</span> <span class='ocrx_word' id='word_1_172' title='bbox 664 2613 848 2698; x_wconf 91' lang='lat' dir='ltr'>capitulum</span> <span class='ocrx_word' id='word_1_173' title='bbox 866 2635 933 2680; x_wconf 92' lang='lat' dir='ltr'>non</span> <span class='ocrx_word' id='word_1_174' title='bbox 957 2614 1105 2692; x_wconf 89' lang='lat' dir='ltr'>habebit,</span> <span class='ocrx_word' id='word_1_175' title='bbox 1119 2615 1207 2680; x_wconf 92' lang='lat' dir='ltr'>vica·</span> 
     </span>
     <span class='ocr_line' id='line_1_23' title="bbox 90 2717 1207 2786; baseline -0.003 -1"><span class='ocrx_word' id='word_1_176' title='bbox 90 2721 163 2786; x_wconf 92' lang='lat' dir='ltr'>rios</span> <span class='ocrx_word' id='word_1_177' title='bbox 178 2718 385 2784; x_wconf 85' lang='lat' dir='ltr'>consiliarios</span> <span class='ocrx_word' id='word_1_178' title='bbox 399 2718 569 2784; x_wconf 87' lang='lat' dir='ltr'>adiutores</span> <span class='ocrx_word' id='word_1_179' title='bbox 585 2737 665 2782; x_wconf 88' lang='lat' dir='ltr'>suae</span> <span class='ocrx_word' id='word_1_180' title='bbox 680 2717 982 2782; x_wconf 82' lang='lat' dir='ltr'>administrationis</span> <span class='ocrx_word' id='word_1_181' title='bbox 1007 2717 1069 2782; x_wconf 90' lang='lat' dir='ltr'>sibi</span> <span class='ocrx_word' id='word_1_182' title='bbox 1084 2719 1207 2783; x_wconf 90' lang='lat' dir='ltr'>consti-</span> 
     </span>
     <span class='ocr_line' id='line_1_24' title="bbox 91 2822 1208 2907; baseline -0.004 -15"><span class='ocrx_word' id='word_1_183' title='bbox 91 2835 170 2892; x_wconf 89' lang='lat' dir='ltr'>tuat</span> <span class='ocrx_word' id='word_1_184' title='bbox 185 2824 274 2888; x_wconf 89' lang='lat' dir='ltr'>viros</span> <span class='ocrx_word' id='word_1_185' title='bbox 284 2822 536 2900; x_wconf 87' lang='lat' dir='ltr'>ecclesiasticos,</span> <span class='ocrx_word' id='word_1_186' title='bbox 547 2842 633 2905; x_wconf 92' lang='lat' dir='ltr'>quos</span> <span class='ocrx_word' id='word_1_187' title='bbox 647 2822 691 2886; x_wconf 89' lang='lat' dir='ltr'>ad</span> <span class='ocrx_word' id='word_1_188' title='bbox 704 2842 800 2886; x_wconf 90' lang='lat' dir='ltr'>sacra</span> <span class='ocrx_word' id='word_1_189' title='bbox 809 2822 1013 2907; x_wconf 88' lang='lat' dir='ltr'>episcopalia</span> <span class='ocrx_word' id='word_1_190' title='bbox 1025 2822 1208 2888; x_wconf 91' lang='lat' dir='ltr'>ministeria</span> 
     </span>
     <span class='ocr_line' id='line_1_25' title="bbox 92 2927 600 2996; baseline -0.008 0"><span class='ocrx_word' id='word_1_191' title='bbox 92 2928 254 2996; x_wconf 89' lang='lat' dir='ltr'>obeunda</span> <span class='ocrx_word' id='word_1_192' title='bbox 270 2927 410 2992; x_wconf 89' lang='lat' dir='ltr'>idoneos</span> <span class='ocrx_word' id='word_1_193' title='bbox 426 2927 600 2992; x_wconf 87' lang='lat' dir='ltr'>censuerit.</span> 
     </span>
    </p>

    <p class='ocr_par' dir='ltr' id='par_1_11' title="bbox 93 3030 1326 4358">
     <span class='ocr_line' id='line_1_26' title="bbox 137 3030 1283 3116; baseline 0.001 -19"><span class='ocrx_word' id='word_1_194' title='bbox 137 3031 298 3098; x_wconf 87' lang='lat' dir='ltr'>Ceterum</span> <span class='ocrx_word' id='word_1_195' title='bbox 316 3032 457 3114; x_wconf 90' lang='lat' dir='ltr'>quisque</span> <span class='ocrx_word' id='word_1_196' title='bbox 474 3031 662 3114; x_wconf 89' lang='lat' dir='ltr'>Episcopus</span> <span class='ocrx_word' id='word_1_197' title='bbox 679 3030 876 3114; x_wconf 88' lang='lat' dir='ltr'>religionem</span> <span class='ocrx_word' id='word_1_198' title='bbox 893 3030 1094 3096; x_wconf 87' lang='lat' dir='ltr'>catholicam</span> <span class='ocrx_word' id='word_1_199' title='bbox 1113 3031 1208 3116; x_wconf 91' lang='lat' dir='ltr'>Apo-</span> <span class='ocrx_word' id='word_1_200' title='bbox 1280 3107 1283 3115; x_wconf 30' lang='lat'><em>¹</em></span> 
     </span>
     <span class='ocr_line' id='line_1_27' title="bbox 94 3135 1209 3220; baseline 0 -18"><span class='ocrx_word' id='word_1_201' title='bbox 94 3135 253 3202; x_wconf 85' lang='lat' dir='ltr'>stolicam</span> <span class='ocrx_word' id='word_1_202' title='bbox 270 3154 443 3200; x_wconf 86' lang='lat' dir='ltr'>romanam</span> <span class='ocrx_word' id='word_1_203' title='bbox 461 3145 585 3200; x_wconf 91' lang='lat' dir='ltr'>sartam</span> <span class='ocrx_word' id='word_1_204' title='bbox 605 3144 796 3218; x_wconf 89' lang='lat' dir='ltr'>tectamque</span> <span class='ocrx_word' id='word_1_205' title='bbox 811 3154 943 3200; x_wconf 89' lang='lat' dir='ltr'>servare</span> <span class='ocrx_word' id='word_1_206' title='bbox 959 3144 1093 3220; x_wconf 85' lang='lat' dir='ltr'>satagat</span> <span class='ocrx_word' id='word_1_207' title='bbox 1107 3145 1209 3220; x_wconf 87' lang='lat' dir='ltr'>atque</span> 
     </span>
     <span class='ocr_line' id='line_1_28' title="bbox 93 3236 1209 3322; baseline -0.002 -16"><span class='ocrx_word' id='word_1_208' title='bbox 93 3240 183 3306; x_wconf 89' lang='lat' dir='ltr'>tueri</span> <span class='ocrx_word' id='word_1_209' title='bbox 199 3238 240 3303; x_wconf 91' lang='lat' dir='ltr'>iis</span> <span class='ocrx_word' id='word_1_210' title='bbox 255 3257 330 3303; x_wconf 86' lang='lat' dir='ltr'>curn</span> <span class='ocrx_word' id='word_1_211' title='bbox 349 3236 474 3302; x_wconf 90' lang='lat' dir='ltr'>iuribus</span> <span class='ocrx_word' id='word_1_212' title='bbox 499 3247 601 3321; x_wconf 88' lang='lat' dir='ltr'>atque</span> <span class='ocrx_word' id='word_1_213' title='bbox 625 3237 875 3322; x_wconf 86' lang='lat' dir='ltr'>praerogativis,</span> <span class='ocrx_word' id='word_1_214' title='bbox 891 3238 1012 3322; x_wconf 90' lang='lat' dir='ltr'>quibus</span> <span class='ocrx_word' id='word_1_215' title='bbox 1034 3259 1080 3303; x_wconf 88' lang='lat' dir='ltr'>ex</span> <span class='ocrx_word' id='word_1_216' title='bbox 1095 3239 1209 3304; x_wconf 85' lang='lat' dir='ltr'>divina</span> 
     </span>
     <span class='ocr_line' id='line_1_29' title="bbox 93 3341 1210 3426; baseline 0 -17"><span class='ocrx_word' id='word_1_217' title='bbox 93 3355 129 3409; x_wconf 87' lang='lat' dir='ltr'>et</span> <span class='ocrx_word' id='word_1_218' title='bbox 144 3342 308 3408; x_wconf 90' lang='lat' dir='ltr'>canonica</span> <span class='ocrx_word' id='word_1_219' title='bbox 324 3341 496 3406; x_wconf 88' lang='lat' dir='ltr'>sanctione</span> <span class='ocrx_word' id='word_1_220' title='bbox 512 3342 586 3426; x_wconf 90' lang='lat' dir='ltr'>ipsa</span> <span class='ocrx_word' id='word_1_221' title='bbox 602 3342 706 3406; x_wconf 89' lang='lat' dir='ltr'>utitur</span> <span class='ocrx_word' id='word_1_222' title='bbox 732 3352 766 3407; x_wconf 92' lang='lat' dir='ltr'>et</span> <span class='ocrx_word' id='word_1_223' title='bbox 790 3341 916 3407; x_wconf 78' lang='lat' dir='ltr'>fruitur.</span> <span class='ocrx_word' id='word_1_224' title='bbox 942 3341 1210 3426; x_wconf 89' lang='lat' dir='ltr'>Diligentissime</span> 
     </span>
     <span class='ocr_line' id='line_1_30' title="bbox 93 3443 1210 3529; baseline 0.004 -22"><span class='ocrx_word' id='word_1_225' title='bbox 93 3443 171 3527; x_wconf 90' lang='lat' dir='ltr'>ipse</span> <span class='ocrx_word' id='word_1_226' title='bbox 196 3453 372 3528; x_wconf 90' lang='lat' dir='ltr'>propterea</span> <span class='ocrx_word' id='word_1_227' title='bbox 399 3444 530 3509; x_wconf 91' lang='lat' dir='ltr'>cavebit</span> <span class='ocrx_word' id='word_1_228' title='bbox 556 3464 598 3508; x_wconf 90' lang='lat' dir='ltr'>ne</span> <span class='ocrx_word' id='word_1_229' title='bbox 623 3463 838 3528; x_wconf 91' lang='lat' dir='ltr'>quocumque</span> <span class='ocrx_word' id='word_1_230' title='bbox 863 3444 967 3510; x_wconf 91' lang='lat' dir='ltr'>modo</span> <span class='ocrx_word' id='word_1_231' title='bbox 988 3445 1136 3529; x_wconf 89' lang='lat' dir='ltr'>irrepant</span> <span class='ocrx_word' id='word_1_232' title='bbox 1151 3458 1210 3513; x_wconf 88' lang='lat' dir='ltr'>aut</span> 
     </span>
     <span class='ocr_line' id='line_1_31' title="bbox 94 3545 1208 3632; baseline 0.002 -21"><span class='ocrx_word' id='word_1_233' title='bbox 94 3548 276 3632; x_wconf 88' lang='lat' dir='ltr'>vulgentur</span> <span class='ocrx_word' id='word_1_234' title='bbox 291 3567 416 3612; x_wconf 88' lang='lat' dir='ltr'>errores</span> <span class='ocrx_word' id='word_1_235' title='bbox 433 3545 510 3611; x_wconf 92' lang='lat' dir='ltr'>fidei</span> <span class='ocrx_word' id='word_1_236' title='bbox 528 3547 711 3631; x_wconf 88' lang='lat' dir='ltr'>integritati</span> <span class='ocrx_word' id='word_1_237' title='bbox 735 3548 893 3612; x_wconf 90' lang='lat' dir='ltr'>contrarii</span> <span class='ocrx_word' id='word_1_238' title='bbox 921 3557 956 3612; x_wconf 89' lang='lat' dir='ltr'>et</span> <span class='ocrx_word' id='word_1_239' title='bbox 973 3548 1120 3614; x_wconf 90' lang='lat' dir='ltr'>moribus</span> <span class='ocrx_word' id='word_1_240' title='bbox 1136 3569 1208 3631; x_wconf 88' lang='lat' dir='ltr'>per·</span> 
     </span>
     <span class='ocr_line' id='line_1_32' title="bbox 96 3650 1209 3735; baseline 0.002 -19"><span class='ocrx_word' id='word_1_241' title='bbox 96 3651 224 3717; x_wconf 82' lang='lat' dir='ltr'>niciosi</span> <span class='ocrx_word' id='word_1_242' title='bbox 241 3651 328 3718; x_wconf 90' lang='lat' dir='ltr'>Cum</span> <span class='ocrx_word' id='word_1_243' title='bbox 345 3660 462 3714; x_wconf 90' lang='lat' dir='ltr'>sancta</span> <span class='ocrx_word' id='word_1_244' title='bbox 478 3651 614 3734; x_wconf 89' lang='lat' dir='ltr'>insuper</span> <span class='ocrx_word' id='word_1_245' title='bbox 630 3650 830 3735; x_wconf 88' lang='lat' dir='ltr'>Apostolica</span> <span class='ocrx_word' id='word_1_246' title='bbox 847 3650 937 3717; x_wconf 90' lang='lat' dir='ltr'>Sede</span> <span class='ocrx_word' id='word_1_247' title='bbox 963 3651 1101 3716; x_wconf 91' lang='lat' dir='ltr'>liberam</span> <span class='ocrx_word' id='word_1_248' title='bbox 1118 3673 1209 3718; x_wconf 90' lang='lat' dir='ltr'>com·</span> 
     </span>
     <span class='ocr_line' id='line_1_33' title="bbox 97 3754 1210 3837; baseline 0.002 -18"><span class='ocrx_word' id='word_1_249' title='bbox 97 3755 363 3820; x_wconf 82' lang='lat' dir='ltr'>munientionem</span> <span class='ocrx_word' id='word_1_250' title='bbox 388 3774 519 3820; x_wconf 87' lang='lat' dir='ltr'>servare</span> <span class='ocrx_word' id='word_1_251' title='bbox 543 3763 676 3837; x_wconf 85' lang='lat' dir='ltr'>satagat</span> <span class='ocrx_word' id='word_1_252' title='bbox 693 3765 726 3820; x_wconf 89' lang='lat' dir='ltr'>et</span> <span class='ocrx_word' id='word_1_253' title='bbox 753 3766 846 3818; x_wconf 89' lang='lat' dir='ltr'>curet</span> <span class='ocrx_word' id='word_1_254' title='bbox 869 3754 1051 3836; x_wconf 88' lang='lat' dir='ltr'>prudenter</span> <span class='ocrx_word' id='word_1_255' title='bbox 1074 3774 1210 3821; x_wconf 91' lang='lat' dir='ltr'>caussas</span> 
     </span>
     <span class='ocr_line' id='line_1_34' title="bbox 97 3856 1209 3942; baseline 0.001 -19"><span class='ocrx_word' id='word_1_256' title='bbox 97 3878 271 3924; x_wconf 89' lang='lat' dir='ltr'>removere</span> <span class='ocrx_word' id='word_1_257' title='bbox 300 3877 387 3942; x_wconf 89' lang='lat' dir='ltr'>quae</span> <span class='ocrx_word' id='word_1_258' title='bbox 416 3857 493 3922; x_wconf 88' lang='lat' dir='ltr'>huic</span> <span class='ocrx_word' id='word_1_259' title='bbox 530 3858 666 3922; x_wconf 91' lang='lat' dir='ltr'>obstare</span> <span class='ocrx_word' id='word_1_260' title='bbox 695 3856 827 3941; x_wconf 89' lang='lat' dir='ltr'>possint</span> <span class='ocrx_word' id='word_1_261' title='bbox 858 3857 1012 3922; x_wconf 88' lang='lat' dir='ltr'>libertati.</span> <span class='ocrx_word' id='word_1_262' title='bbox 1047 3857 1209 3924; x_wconf 87' lang='lat' dir='ltr'>Eiusdem</span> 
     </span>
     <span class='ocr_line' id='line_1_35' title="bbox 100 3961 1210 4046; baseline 0.001 -20"><span class='ocrx_word' id='word_1_263' title='bbox 100 3961 262 4046; x_wconf 84' lang='lat' dir='ltr'>Episcopi</span> <span class='ocrx_word' id='word_1_264' title='bbox 277 3961 430 4026; x_wconf 89' lang='lat' dir='ltr'>similiter</span> <span class='ocrx_word' id='word_1_265' title='bbox 445 3963 507 4026; x_wconf 88' lang='lat' dir='ltr'>erit</span> <span class='ocrx_word' id='word_1_266' title='bbox 530 3961 682 4046; x_wconf 91' lang='lat' dir='ltr'>publicas</span> <span class='ocrx_word' id='word_1_267' title='bbox 706 3980 820 4046; x_wconf 88' lang='lat' dir='ltr'>preces</span> <span class='ocrx_word' id='word_1_268' title='bbox 836 3961 992 4039; x_wconf 91' lang='lat' dir='ltr'>indicere,</span> <span class='ocrx_word' id='word_1_269' title='bbox 1007 3961 1138 4046; x_wconf 89' lang='lat' dir='ltr'>aliaque</span> <span class='ocrx_word' id='word_1_270' title='bbox 1154 3964 1210 4046; x_wconf 90' lang='lat' dir='ltr'>pia</span> 
     </span>
     <span class='ocr_line' id='line_1_36' title="bbox 99 4063 1326 4151; baseline 0.002 -22"><span class='ocrx_word' id='word_1_271' title='bbox 99 4084 213 4148; x_wconf 91' lang='lat' dir='ltr'>opera,</span> <span class='ocrx_word' id='word_1_272' title='bbox 224 4085 300 4129; x_wconf 91' lang='lat' dir='ltr'>cum</span> <span class='ocrx_word' id='word_1_273' title='bbox 316 4065 443 4130; x_wconf 91' lang='lat' dir='ltr'>bonum</span> <span class='ocrx_word' id='word_1_274' title='bbox 457 4064 637 4143; x_wconf 88' lang='lat' dir='ltr'>Ecclesiae,</span> <span class='ocrx_word' id='word_1_275' title='bbox 649 4074 709 4130; x_wconf 86' lang='lat' dir='ltr'>aut</span> <span class='ocrx_word' id='word_1_276' title='bbox 719 4073 835 4143; x_wconf 86' lang='lat' dir='ltr'>status,</span> <span class='ocrx_word' id='word_1_277' title='bbox 846 4063 899 4128; x_wconf 89' lang='lat' dir='ltr'>vel</span> <span class='ocrx_word' id='word_1_278' title='bbox 912 4065 1029 4148; x_wconf 91' lang='lat' dir='ltr'>populi</span> <span class='ocrx_word' id='word_1_279' title='bbox 1044 4065 1079 4129; x_wconf 91' lang='lat' dir='ltr'>id</span> <span class='ocrx_word' id='word_1_280' title='bbox 1094 4075 1209 4151; x_wconf 88' lang='lat' dir='ltr'>postu·</span> <span class='ocrx_word' id='word_1_281' title='bbox 1322 4111 1326 4124; x_wconf 81' lang='lat'>-</span> 
     </span>
     <span class='ocr_line' id='line_1_37' title="bbox 99 4167 1210 4253; baseline 0.003 -21"><span class='ocrx_word' id='word_1_282' title='bbox 99 4167 156 4246; x_wconf 89' lang='lat' dir='ltr'>let,</span> <span class='ocrx_word' id='word_1_283' title='bbox 179 4189 289 4234; x_wconf 87' lang='lat' dir='ltr'>sacras</span> <span class='ocrx_word' id='word_1_284' title='bbox 316 4168 438 4253; x_wconf 88' lang='lat' dir='ltr'>pariter</span> <span class='ocrx_word' id='word_1_285' title='bbox 462 4168 725 4252; x_wconf 87' lang='lat' dir='ltr'>supplicationes</span> <span class='ocrx_word' id='word_1_286' title='bbox 749 4178 782 4233; x_wconf 92' lang='lat' dir='ltr'>et</span> <span class='ocrx_word' id='word_1_287' title='bbox 797 4167 1082 4252; x_wconf 89' lang='lat' dir='ltr'>peregrinationes</span> <span class='ocrx_word' id='word_1_288' title='bbox 1097 4171 1210 4236; x_wconf 90' lang='lat' dir='ltr'>decer·</span> 
     </span>
     <span class='ocr_line' id='line_1_38' title="bbox 102 4270 1211 4358; baseline 0.006 -23"><span class='ocrx_word' id='word_1_289' title='bbox 102 4289 191 4350; x_wconf 89' lang='lat' dir='ltr'>nere,</span> <span class='ocrx_word' id='word_1_290' title='bbox 216 4273 332 4339; x_wconf 83' lang='lat' dir='ltr'>lunera</span> <span class='ocrx_word' id='word_1_291' title='bbox 356 4272 506 4358; x_wconf 88' lang='lat' dir='ltr'>aliasque</span> <span class='ocrx_word' id='word_1_292' title='bbox 532 4291 642 4337; x_wconf 88' lang='lat' dir='ltr'>sacras</span> <span class='ocrx_word' id='word_1_293' title='bbox 665 4270 863 4338; x_wconf 80' lang='lat' dir='ltr'>functiones.</span> <span class='ocrx_word' id='word_1_294' title='bbox 887 4271 1045 4338; x_wconf 91' lang='lat' dir='ltr'>Liberum</span> <span class='ocrx_word' id='word_1_295' title='bbox 1061 4273 1125 4356; x_wconf 88' lang='lat' dir='ltr'>ipsi</span> <span class='ocrx_word' id='word_1_296' title='bbox 1148 4273 1211 4342; x_wconf 90' lang='lat' dir='ltr'>erit</span> 
     </span>
    </p>
   </div>
   <div class='ocr_carea' id='block_1_6' title="bbox 103 4375 1208 4460">
    <p class='ocr_par' dir='ltr' id='par_1_12' title="bbox 103 4375 1208 4460">
     <span class='ocr_line' id='line_1_39' title="bbox 103 4375 1208 4460; baseline 0.007 -22"><span class='ocrx_word' id='word_1_297' title='bbox 103 4395 298 4454; x_wconf 89' lang='lat' dir='ltr'>convocare,</span> <span class='ocrx_word' id='word_1_298' title='bbox 325 4377 492 4443; x_wconf 90' lang='lat' dir='ltr'>celebrare</span> <span class='ocrx_word' id='word_1_299' title='bbox 522 4386 556 4442; x_wconf 91' lang='lat' dir='ltr'>et</span> <span class='ocrx_word' id='word_1_300' title='bbox 583 4377 747 4442; x_wconf 88' lang='lat' dir='ltr'>moderari</span> <span class='ocrx_word' id='word_1_301' title='bbox 773 4375 950 4460; x_wconf 90' lang='lat' dir='ltr'>Synodum</span> <span class='ocrx_word' id='word_1_302' title='bbox 975 4376 1208 4446; x_wconf 87' lang='lat' dir='ltr'>dioecesanam</span> 
     </span>
    </p>
   </div>
   <div class='ocr_carea' id='block_1_7' title="bbox 0 0 1608 4874">
    <p class='ocr_par' dir='ltr' id='par_1_13' title="bbox 0 0 1608 4874">
     <span class='ocr_line' id='line_1_40' title="bbox 0 0 1608 4874; baseline 0 0"><span class='ocrx_word' id='word_1_303' title='bbox 0 0 1608 4874; x_wconf 95' lang='lat' dir='ltr'> </span> 
     </span>
    </p>
   </div>
  </div>
 </body>
</html>
