<?xml version="1.0" encoding="UTF-8"?>
<!DOCTYPE html PUBLIC "-//W3C//DTD XHTML 1.0 Transitional//EN"
    "http://www.w3.org/TR/xhtml1/DTD/xhtml1-transitional.dtd">
<html xmlns="http://www.w3.org/1999/xhtml" xml:lang="en" lang="en">
 <head>
  <title>
</title>
<meta http-equiv="Content-Type" content="text/html;charset=utf-8" />
  <meta name='ocr-system' content='tesseract 3.04.00' />
  <meta name='ocr-capabilities' content='ocr_page ocr_carea ocr_par ocr_line ocrx_word'/>
</head>
<body>
  <div class='ocr_page' id='page_1' title='image "./sanctissimidomi03xiiigoog_0388.png"; bbox 0 0 3250 4876; ppageno 0'>
   <div class='ocr_carea' id='block_1_1' title="bbox 173 355 1237 430">
    <p class='ocr_par' dir='ltr' id='par_1_1' title="bbox 173 355 1237 430">
     <span class='ocr_line' id='line_1_1' title="bbox 173 355 1237 430; baseline 0.003 -22"><span class='ocrx_word' id='word_1_1' title='bbox 173 357 224 408; x_wconf 85' lang='lat' dir='ltr'>DE</span> <span class='ocrx_word' id='word_1_2' title='bbox 242 355 449 408; x_wconf 85' lang='lat' dir='ltr'>CONVENTU</span> <span class='ocrx_word' id='word_1_3' title='bbox 469 357 581 408; x_wconf 81' lang='lat' dir='ltr'>CATH.</span> <span class='ocrx_word' id='word_1_4' title='bbox 602 357 947 412; x_wconf 78' lang='lat' dir='ltr'>CAESARAUGUSTAE</span> <span class='ocrx_word' id='word_1_5' title='bbox 965 358 1159 411; x_wconf 81' lang='lat' dir='ltr'>HABENDO.</span> <span class='ocrx_word' id='word_1_6' title='bbox 1191 358 1237 430; x_wconf 77' lang='grc'>33</span> 
     </span>
    </p>
   </div>
   <div class='ocr_carea' id='block_1_2' title="bbox 134 535 1420 1253">
    <p class='ocr_par' dir='ltr' id='par_1_2' title="bbox 134 535 1411 933">
     <span class='ocr_line' id='line_1_2' title="bbox 135 535 1411 630; baseline 0 -30"><span class='ocrx_word' id='word_1_7' title='bbox 135 545 213 602; x_wconf 82' lang='lat' dir='ltr'>stas.</span> <span class='ocrx_word' id='word_1_8' title='bbox 226 535 394 619; x_wconf 85' lang='lat' dir='ltr'>Equidem</span> <span class='ocrx_word' id='word_1_9' title='bbox 409 536 499 602; x_wconf 88' lang='lat' dir='ltr'>haud</span> <span class='ocrx_word' id='word_1_10' title='bbox 513 537 716 620; x_wconf 79' lang='lat' dir='ltr'>ambigimus</span> <span class='ocrx_word' id='word_1_11' title='bbox 731 539 823 623; x_wconf 91' lang='lat' dir='ltr'>quin,</span> <span class='ocrx_word' id='word_1_12' title='bbox 833 536 974 603; x_wconf 90' lang='lat' dir='ltr'>ducibus</span> <span class='ocrx_word' id='word_1_13' title='bbox 992 536 1099 616; x_wconf 88' lang='lat' dir='ltr'>vobis,</span> <span class='ocrx_word' id='word_1_14' title='bbox 1115 537 1239 620; x_wconf 91' lang='lat' dir='ltr'>Hispa·</span> <span class='ocrx_word' id='word_1_15' title='bbox 1276 548 1411 630; x_wconf 37' lang='grc' dir='ltr'>ὡκ.</span> 
     </span>
     <span class='ocr_line' id='line_1_3' title="bbox 136 635 1374 726; baseline 0 -22"><span class='ocrx_word' id='word_1_16' title='bbox 136 640 211 704; x_wconf 90' lang='lat' dir='ltr'>niae</span> <span class='ocrx_word' id='word_1_17' title='bbox 236 637 351 704; x_wconf 87' lang='lat' dir='ltr'>fideles</span> <span class='ocrx_word' id='word_1_18' title='bbox 377 639 563 705; x_wconf 89' lang='lat' dir='ltr'>catholicae</span> <span class='ocrx_word' id='word_1_19' title='bbox 590 641 760 726; x_wconf 77' lang='lat' dir='ltr'>religionis</span> <span class='ocrx_word' id='word_1_20' title='bbox 775 641 923 706; x_wconf 88' lang='lat' dir='ltr'>studium</span> <span class='ocrx_word' id='word_1_21' title='bbox 948 639 1240 705; x_wconf 88' lang='lat' dir='ltr'>amaloribustra-</span> <span class='ocrx_word' id='word_1_22' title='bbox 1306 635 1374 693; x_wconf 76' lang='lat'><em>¹⁸⁹⁰·</em></span> 
     </span>
     <span class='ocr_line' id='line_1_4' title="bbox 135 743 1240 828; baseline 0.001 -22"><span class='ocrx_word' id='word_1_23' title='bbox 135 743 243 808; x_wconf 92' lang='lat' dir='ltr'>ditum</span> <span class='ocrx_word' id='word_1_24' title='bbox 269 752 463 810; x_wconf 81' lang='lat' dir='ltr'>constanter</span> <span class='ocrx_word' id='word_1_25' title='bbox 481 744 623 810; x_wconf 89' lang='lat' dir='ltr'>retinere</span> <span class='ocrx_word' id='word_1_26' title='bbox 653 756 804 828; x_wconf 85' lang='lat' dir='ltr'>pergant,</span> <span class='ocrx_word' id='word_1_27' title='bbox 829 765 868 809; x_wconf 89' lang='lat' dir='ltr'>ac</span> <span class='ocrx_word' id='word_1_28' title='bbox 884 744 1001 808; x_wconf 92' lang='lat' dir='ltr'>sedulo</span> <span class='ocrx_word' id='word_1_29' title='bbox 1025 745 1240 810; x_wconf 81' lang='lat' dir='ltr'>meminerint</span> 
     </span>
     <span class='ocr_line' id='line_1_5' title="bbox 134 846 1242 933; baseline 0.005 -23"><span class='ocrx_word' id='word_1_30' title='bbox 134 846 222 912; x_wconf 89' lang='lat' dir='ltr'>banc</span> <span class='ocrx_word' id='word_1_31' title='bbox 234 846 297 911; x_wconf 88' lang='lat' dir='ltr'>sibi</span> <span class='ocrx_word' id='word_1_32' title='bbox 309 847 519 932; x_wconf 91' lang='lat' dir='ltr'>potissimam</span> <span class='ocrx_word' id='word_1_33' title='bbox 536 848 662 933; x_wconf 91' lang='lat' dir='ltr'>gloriae</span> <span class='ocrx_word' id='word_1_34' title='bbox 678 859 711 914; x_wconf 91' lang='lat' dir='ltr'>et</span> <span class='ocrx_word' id='word_1_35' title='bbox 723 850 895 933; x_wconf 91' lang='lat' dir='ltr'>potentiae</span> <span class='ocrx_word' id='word_1_36' title='bbox 909 867 1063 915; x_wconf 84' lang='lat' dir='ltr'>caussam</span> <span class='ocrx_word' id='word_1_37' title='bbox 1080 849 1242 917; x_wconf 85' lang='lat' dir='ltr'>extitisse.</span> 
     </span>
    </p>

    <p class='ocr_par' dir='ltr' id='par_1_3' title="bbox 136 950 1420 1253">
     <span class='ocr_line' id='line_1_6' title="bbox 178 950 1419 1040; baseline 0.001 -26"><span class='ocrx_word' id='word_1_38' title='bbox 178 950 229 1014; x_wconf 89' lang='lat' dir='ltr'>At</span> <span class='ocrx_word' id='word_1_39' title='bbox 252 970 332 1014; x_wconf 90' lang='lat' dir='ltr'>vero</span> <span class='ocrx_word' id='word_1_40' title='bbox 354 950 480 1016; x_wconf 82' lang='lat' dir='ltr'>fructus</span> <span class='ocrx_word' id='word_1_41' title='bbox 502 953 672 1016; x_wconf 90' lang='lat' dir='ltr'>maximus</span> <span class='ocrx_word' id='word_1_42' title='bbox 693 962 795 1036; x_wconf 90' lang='lat' dir='ltr'>atque</span> <span class='ocrx_word' id='word_1_43' title='bbox 819 953 1049 1036; x_wconf 85' lang='lat' dir='ltr'>optatissimus</span> <span class='ocrx_word' id='word_1_44' title='bbox 1076 973 1135 1036; x_wconf 89' lang='lat' dir='ltr'>per</span> <span class='ocrx_word' id='word_1_45' title='bbox 1153 952 1241 1016; x_wconf 89' lang='lat' dir='ltr'>hunc</span> <span class='ocrx_word' id='word_1_46' title='bbox 1303 970 1419 1040; x_wconf 38' lang='lat' dir='ltr'>&#39;Fructus</span> 
     </span>
     <span class='ocr_line' id='line_1_7' title="bbox 136 1035 1415 1148; baseline 0.002 -30"><span class='ocrx_word' id='word_1_47' title='bbox 136 1063 339 1118; x_wconf 90' lang='lat' dir='ltr'>conventum</span> <span class='ocrx_word' id='word_1_48' title='bbox 355 1055 536 1137; x_wconf 88' lang='lat' dir='ltr'>capiendus</span> <span class='ocrx_word' id='word_1_49' title='bbox 547 1056 609 1120; x_wconf 90' lang='lat' dir='ltr'>erit</span> <span class='ocrx_word' id='word_1_50' title='bbox 619 1075 664 1120; x_wconf 90' lang='lat' dir='ltr'>ex</span> <span class='ocrx_word' id='word_1_51' title='bbox 676 1067 775 1122; x_wconf 88' lang='lat' dir='ltr'>aucta</span> <span class='ocrx_word' id='word_1_52' title='bbox 791 1065 825 1121; x_wconf 92' lang='lat' dir='ltr'>et</span> <span class='ocrx_word' id='word_1_53' title='bbox 840 1055 1037 1120; x_wconf 86' lang='lat' dir='ltr'>confirmata</span> <span class='ocrx_word' id='word_1_54' title='bbox 1053 1057 1242 1120; x_wconf 92' lang='lat' dir='ltr'>animorum</span> <span class='ocrx_word' id='word_1_55' title='bbox 1264 1035 1415 1148; x_wconf 55' lang='lat' dir='ltr'>{ssssjfiss&#39;dm</span> 
     </span>
     <span class='ocr_line' id='line_1_8' title="bbox 136 1149 1420 1253; baseline 0.002 -33"><span class='ocrx_word' id='word_1_56' title='bbox 136 1155 373 1222; x_wconf 87' lang='lat' dir='ltr'>coniunctione</span> <span class='ocrx_word' id='word_1_57' title='bbox 387 1158 431 1221; x_wconf 90' lang='lat' dir='ltr'>ad</span> <span class='ocrx_word' id='word_1_58' title='bbox 457 1176 671 1223; x_wconf 90' lang='lat' dir='ltr'>communem</span> <span class='ocrx_word' id='word_1_59' title='bbox 697 1170 839 1224; x_wconf 89' lang='lat' dir='ltr'>matrem</span> <span class='ocrx_word' id='word_1_60' title='bbox 866 1159 1052 1223; x_wconf 86' lang='lat' dir='ltr'>Ecclesiam</span> <span class='ocrx_word' id='word_1_61' title='bbox 1073 1158 1244 1237; x_wconf 90' lang='lat' dir='ltr'>tuendam,</span> <span class='ocrx_word' id='word_1_62' title='bbox 1267 1149 1312 1253; x_wconf 51' lang='lat'>2⁸52</span> <span class='ocrx_word' id='word_1_63' title='bbox 1328 1161 1420 1252; x_wconf 51' lang='lat' dir='ltr'>“²552ss</span> 
     </span>
    </p>
   </div>
   <div class='ocr_carea' id='block_1_3' title="bbox 137 1260 1422 1371">
    <p class='ocr_par' dir='ltr' id='par_1_4' title="bbox 137 1260 1422 1371">
     <span class='ocr_line' id='line_1_9' title="bbox 137 1260 1422 1371; baseline 0 -47"><span class='ocrx_word' id='word_1_64' title='bbox 137 1260 273 1343; x_wconf 88' lang='lat' dir='ltr'>quaein</span> <span class='ocrx_word' id='word_1_65' title='bbox 290 1280 447 1344; x_wconf 86' lang='lat' dir='ltr'>praesens</span> <span class='ocrx_word' id='word_1_66' title='bbox 474 1262 687 1328; x_wconf 87' lang='lat' dir='ltr'>conflictatur</span> <span class='ocrx_word' id='word_1_67' title='bbox 698 1264 888 1345; x_wconf 88' lang='lat' dir='ltr'>asperrime.</span> <span class='ocrx_word' id='word_1_68' title='bbox 907 1264 1017 1327; x_wconf 90' lang='lat' dir='ltr'>Huius</span> <span class='ocrx_word' id='word_1_69' title='bbox 1045 1264 1244 1328; x_wconf 86' lang='lat' dir='ltr'>concordiae</span> <span class='ocrx_word' id='word_1_70' title='bbox 1269 1280 1359 1371; x_wconf 53' lang='lat' dir='ltr'>maa</span> <span class='ocrx_word' id='word_1_71' title='bbox 1375 1266 1422 1371; x_wconf 57' lang='lat' dir='ltr'>Ei?</span> 
     </span>
    </p>
   </div>
   <div class='ocr_carea' id='block_1_4' title="bbox 136 1363 1470 4145">
    <p class='ocr_par' dir='ltr' id='par_1_5' title="bbox 137 1363 1349 1634">
     <span class='ocr_line' id='line_1_10' title="bbox 138 1363 1349 1452; baseline 0.004 -25"><span class='ocrx_word' id='word_1_72' title='bbox 138 1364 369 1428; x_wconf 87' lang='lat' dir='ltr'>conciliandae</span> <span class='ocrx_word' id='word_1_73' title='bbox 384 1363 615 1448; x_wconf 83' lang='lat' dir='ltr'>fovendaeque</span> <span class='ocrx_word' id='word_1_74' title='bbox 635 1367 783 1432; x_wconf 89' lang='lat' dir='ltr'>studium</span> <span class='ocrx_word' id='word_1_75' title='bbox 799 1387 876 1432; x_wconf 92' lang='lat' dir='ltr'>cum</span> <span class='ocrx_word' id='word_1_76' title='bbox 893 1367 1112 1452; x_wconf 89' lang='lat' dir='ltr'>tibi-aliisque</span> <span class='ocrx_word' id='word_1_77' title='bbox 1127 1367 1244 1432; x_wconf 91' lang='lat' dir='ltr'>Eccle·</span> <span class='ocrx_word' id='word_1_78' title='bbox 1269 1385 1349 1432; x_wconf 74' lang='lat' dir='ltr'>etesia.</span> 
     </span>
     <span class='ocr_line' id='line_1_11' title="bbox 137 1463 1245 1550; baseline 0.003 -23"><span class='ocrx_word' id='word_1_79' title='bbox 137 1463 261 1528; x_wconf 91' lang='lat' dir='ltr'>siarum</span> <span class='ocrx_word' id='word_1_80' title='bbox 278 1465 496 1547; x_wconf 87' lang='lat' dir='ltr'>praesulibus,</span> <span class='ocrx_word' id='word_1_81' title='bbox 512 1475 584 1530; x_wconf 90' lang='lat' dir='ltr'>tum</span> <span class='ocrx_word' id='word_1_82' title='bbox 601 1467 718 1531; x_wconf 90' lang='lat' dir='ltr'>ceteris</span> <span class='ocrx_word' id='word_1_83' title='bbox 734 1467 895 1550; x_wconf 87' lang='lat' dir='ltr'>Hispanis</span> <span class='ocrx_word' id='word_1_84' title='bbox 908 1466 1062 1533; x_wconf 88' lang='lat' dir='ltr'>fidelibus</span> <span class='ocrx_word' id='word_1_85' title='bbox 1075 1487 1245 1533; x_wconf 90' lang='lat' dir='ltr'>commen·</span> 
     </span>
     <span class='ocr_line' id='line_1_12' title="bbox 138 1569 386 1634; baseline 0.008 -2"><span class='ocrx_word' id='word_1_86' title='bbox 138 1569 259 1634; x_wconf 93' lang='lat' dir='ltr'>damus</span> <span class='ocrx_word' id='word_1_87' title='bbox 275 1569 386 1634; x_wconf 89' lang='lat' dir='ltr'>enixe.</span> 
     </span>
    </p>

    <p class='ocr_par' dir='ltr' id='par_1_6' title="bbox 136 1672 1470 4043">
     <span class='ocr_line' id='line_1_13' title="bbox 182 1672 1246 1759; baseline 0.003 -23"><span class='ocrx_word' id='word_1_88' title='bbox 182 1672 288 1738; x_wconf 87' lang='lat' dir='ltr'>Haud</span> <span class='ocrx_word' id='word_1_89' title='bbox 310 1672 471 1738; x_wconf 90' lang='lat' dir='ltr'>obscurae</span> <span class='ocrx_word' id='word_1_90' title='bbox 492 1683 571 1736; x_wconf 91' lang='lat' dir='ltr'>sunt</span> <span class='ocrx_word' id='word_1_91' title='bbox 589 1673 696 1738; x_wconf 91' lang='lat' dir='ltr'>Nobis</span> <span class='ocrx_word' id='word_1_92' title='bbox 717 1675 897 1759; x_wconf 88' lang='lat' dir='ltr'>pertinacis</span> <span class='ocrx_word' id='word_1_93' title='bbox 920 1675 1048 1740; x_wconf 92' lang='lat' dir='ltr'>dissidii</span> <span class='ocrx_word' id='word_1_94' title='bbox 1065 1695 1211 1752; x_wconf 89' lang='lat' dir='ltr'>caussae,</span> <span class='ocrx_word' id='word_1_95' title='bbox 1228 1696 1246 1739; x_wconf 89' lang='lat' dir='ltr'>e</span> 
     </span>
     <span class='ocr_line' id='line_1_14' title="bbox 140 1769 1384 1864; baseline 0 -22"><span class='ocrx_word' id='word_1_96' title='bbox 140 1779 261 1846; x_wconf 88' lang='lat' dir='ltr'>studiis</span> <span class='ocrx_word' id='word_1_97' title='bbox 276 1778 422 1862; x_wconf 91' lang='lat' dir='ltr'>partium</span> <span class='ocrx_word' id='word_1_98' title='bbox 439 1778 473 1842; x_wconf 92' lang='lat' dir='ltr'>in</span> <span class='ocrx_word' id='word_1_99' title='bbox 502 1799 537 1841; x_wconf 89' lang='lat' dir='ltr'>re</span> <span class='ocrx_word' id='word_1_100' title='bbox 561 1779 649 1843; x_wconf 90' lang='lat' dir='ltr'>civili</span> <span class='ocrx_word' id='word_1_101' title='bbox 668 1789 854 1857; x_wconf 91' lang='lat' dir='ltr'>manantes,</span> <span class='ocrx_word' id='word_1_102' title='bbox 869 1800 955 1864; x_wconf 90' lang='lat' dir='ltr'>quae</span> <span class='ocrx_word' id='word_1_103' title='bbox 972 1781 1046 1844; x_wconf 89' lang='lat' dir='ltr'>istic</span> <span class='ocrx_word' id='word_1_104' title='bbox 1062 1779 1244 1844; x_wconf 89' lang='lat' dir='ltr'>catholicos</span> <span class='ocrx_word' id='word_1_105' title='bbox 1267 1769 1271 1777; x_wconf 52' lang='lat'><strong>¹</strong></span> <span class='ocrx_word' id='word_1_106' title='bbox 1379 1845 1384 1856; x_wconf 67' lang='lat'>‚</span> 
     </span>
     <span class='ocr_line' id='line_1_15' title="bbox 137 1845 1424 1974; baseline 0 -26"><span class='ocrx_word' id='word_1_107' title='bbox 137 1885 224 1950; x_wconf 91' lang='lat' dir='ltr'>viros</span> <span class='ocrx_word' id='word_1_108' title='bbox 252 1883 340 1947; x_wconf 89' lang='lat' dir='ltr'>inter</span> <span class='ocrx_word' id='word_1_109' title='bbox 362 1903 398 1946; x_wconf 92' lang='lat' dir='ltr'>se</span> <span class='ocrx_word' id='word_1_110' title='bbox 422 1884 640 1948; x_wconf 91' lang='lat' dir='ltr'>committunt</span> <span class='ocrx_word' id='word_1_111' title='bbox 656 1892 689 1948; x_wconf 91' lang='lat' dir='ltr'>et</span> <span class='ocrx_word' id='word_1_112' title='bbox 704 1884 749 1949; x_wconf 91' lang='lat' dir='ltr'>ab</span> <span class='ocrx_word' id='word_1_113' title='bbox 764 1881 881 1948; x_wconf 89' lang='lat' dir='ltr'>officiis</span> <span class='ocrx_word' id='word_1_114' title='bbox 908 1892 1024 1948; x_wconf 83' lang='lat' dir='ltr'>arcent</span> <span class='ocrx_word' id='word_1_115' title='bbox 1038 1883 1246 1966; x_wconf 91' lang='lat' dir='ltr'>gravioribus</span> <span class='ocrx_word' id='word_1_116' title='bbox 1265 1845 1424 1974; x_wconf 51' lang='lat' dir='ltr'>...iiiiii</span> 
     </span>
     <span class='ocr_line' id='line_1_16' title="bbox 137 1965 1423 2076; baseline 0.001 -26"><span class='ocrx_word' id='word_1_117' title='bbox 137 2007 222 2070; x_wconf 90' lang='lat' dir='ltr'>quae</span> <span class='ocrx_word' id='word_1_118' title='bbox 237 1987 316 2051; x_wconf 90' lang='lat' dir='ltr'>Deo</span> <span class='ocrx_word' id='word_1_119' title='bbox 328 1995 362 2050; x_wconf 92' lang='lat' dir='ltr'>et</span> <span class='ocrx_word' id='word_1_120' title='bbox 384 1987 554 2051; x_wconf 86' lang='lat' dir='ltr'>Ecclesiae</span> <span class='ocrx_word' id='word_1_121' title='bbox 566 1971 738 2053; x_wconf 86' lang='lat' dir='ltr'>debentur.</span> <span class='ocrx_word' id='word_1_122' title='bbox 754 1987 955 2071; x_wconf 77' lang='lat' dir='ltr'>Agnoscent</span> <span class='ocrx_word' id='word_1_123' title='bbox 968 1987 1113 2070; x_wconf 88' lang='lat' dir='ltr'>denique</span> <span class='ocrx_word' id='word_1_124' title='bbox 1128 2007 1245 2059; x_wconf 82' lang='lat' dir='ltr'>ornnes</span> <span class='ocrx_word' id='word_1_125' title='bbox 1270 1965 1375 2076; x_wconf 55' lang='grc' dir='ltr'>ξξζῖἵξ</span> <span class='ocrx_word' id='word_1_126' title='bbox 1395 1967 1423 2008; x_wconf 75' lang='lat'>&#39;⁴²</span> 
     </span>
     <span class='ocr_line' id='line_1_17' title="bbox 137 2081 1424 2188; baseline 0.001 -35"><span class='ocrx_word' id='word_1_127' title='bbox 137 2088 199 2156; x_wconf 90' lang='lat' dir='ltr'>hoc</span> <span class='ocrx_word' id='word_1_128' title='bbox 215 2091 281 2155; x_wconf 92' lang='lat' dir='ltr'>sibi</span> <span class='ocrx_word' id='word_1_129' title='bbox 298 2111 370 2154; x_wconf 88' lang='lat' dir='ltr'>esse</span> <span class='ocrx_word' id='word_1_130' title='bbox 385 2091 565 2174; x_wconf 90' lang='lat' dir='ltr'>agendum,</span> <span class='ocrx_word' id='word_1_131' title='bbox 579 2092 670 2173; x_wconf 92' lang='lat' dir='ltr'>quod</span> <span class='ocrx_word' id='word_1_132' title='bbox 687 2090 806 2156; x_wconf 89' lang='lat' dir='ltr'>litteris</span> <span class='ocrx_word' id='word_1_133' title='bbox 817 2091 951 2156; x_wconf 88' lang='lat' dir='ltr'>Nostris</span> <span class='ocrx_word' id='word_1_134' title='bbox 961 2091 1138 2174; x_wconf 91' lang='lat' dir='ltr'>encyclicis</span> <span class='ocrx_word' id='word_1_135' title='bbox 1150 2104 1245 2154; x_wconf 84' lang='lat' dir='ltr'>xvtn</span> <span class='ocrx_word' id='word_1_136' title='bbox 1271 2081 1424 2188; x_wconf 47' lang='lat' dir='ltr'>222⁸„ss</span> 
     </span>
     <span class='ocr_line' id='line_1_18' title="bbox 138 2175 1423 2272; baseline 0.002 -17"><span class='ocrx_word' id='word_1_137' title='bbox 138 2191 301 2258; x_wconf 86' lang='lat' dir='ltr'>kalendas</span> <span class='ocrx_word' id='word_1_138' title='bbox 327 2193 524 2258; x_wconf 87' lang='lat' dir='ltr'>Februarias</span> <span class='ocrx_word' id='word_1_139' title='bbox 550 2193 639 2258; x_wconf 89' lang='lat' dir='ltr'>datis</span> <span class='ocrx_word' id='word_1_140' title='bbox 663 2194 873 2272; x_wconf 86' lang='lat' dir='ltr'>tradidimus,</span> <span class='ocrx_word' id='word_1_141' title='bbox 899 2204 946 2270; x_wconf 91' lang='lat' dir='ltr'>ut,</span> <span class='ocrx_word' id='word_1_142' title='bbox 961 2195 1082 2258; x_wconf 91' lang='lat' dir='ltr'>misera</span> <span class='ocrx_word' id='word_1_143' title='bbox 1104 2204 1138 2257; x_wconf 89' lang='lat' dir='ltr'>et</span> <span class='ocrx_word' id='word_1_144' title='bbox 1154 2193 1246 2258; x_wconf 89' lang='lat' dir='ltr'>inani</span> <span class='ocrx_word' id='word_1_145' title='bbox 1270 2175 1423 2272; x_wconf 61' lang='lat' dir='ltr'>sterilesdisI</span> 
     </span>
     <span class='ocr_line' id='line_1_19' title="bbox 138 2261 1423 2383; baseline 0.007 -25"><span class='ocrx_word' id='word_1_146' title='bbox 138 2297 387 2362; x_wconf 84' lang='lat' dir='ltr'>concertatione</span> <span class='ocrx_word' id='word_1_147' title='bbox 416 2297 540 2374; x_wconf 89' lang='lat' dir='ltr'>relicta,</span> <span class='ocrx_word' id='word_1_148' title='bbox 565 2297 689 2361; x_wconf 91' lang='lat' dir='ltr'>viribus</span> <span class='ocrx_word' id='word_1_149' title='bbox 729 2297 850 2361; x_wconf 92' lang='lat' dir='ltr'>iunctis</span> <span class='ocrx_word' id='word_1_150' title='bbox 886 2298 1031 2362; x_wconf 92' lang='lat' dir='ltr'>invictae</span> <span class='ocrx_word' id='word_1_151' title='bbox 1067 2297 1246 2383; x_wconf 89' lang='lat' dir='ltr'>phalangis</span> <span class='ocrx_word' id='word_1_152' title='bbox 1271 2261 1367 2367; x_wconf 49' lang='lat' dir='ltr'>mas</span> <span class='ocrx_word' id='word_1_153' title='bbox 1383 2266 1423 2320; x_wconf 48' lang='lat' dir='ltr'>&#39;w&#39;</span> 
     </span>
     <span class='ocr_line' id='line_1_20' title="bbox 138 2398 1245 2486; baseline 0.005 -26"><span class='ocrx_word' id='word_1_154' title='bbox 138 2398 254 2480; x_wconf 91' lang='lat' dir='ltr'>instar,</span> <span class='ocrx_word' id='word_1_155' title='bbox 268 2411 472 2486; x_wconf 84' lang='lat' dir='ltr'>consurgant</span> <span class='ocrx_word' id='word_1_156' title='bbox 495 2402 538 2467; x_wconf 91' lang='lat' dir='ltr'>ad</span> <span class='ocrx_word' id='word_1_157' title='bbox 570 2421 723 2466; x_wconf 86' lang='lat' dir='ltr'>caussam</span> <span class='ocrx_word' id='word_1_158' title='bbox 742 2401 906 2466; x_wconf 88' lang='lat' dir='ltr'>tuendam</span> <span class='ocrx_word' id='word_1_159' title='bbox 933 2403 979 2464; x_wconf 91' lang='lat' dir='ltr'>rei</span> <span class='ocrx_word' id='word_1_160' title='bbox 1003 2400 1188 2467; x_wconf 91' lang='lat' dir='ltr'>catholicae</span> <span class='ocrx_word' id='word_1_161' title='bbox 1211 2402 1245 2466; x_wconf 95' lang='lat' dir='ltr'>in</span> 
     </span>
     <span class='ocr_line' id='line_1_21' title="bbox 137 2503 1245 2590; baseline 0.001 -23"><span class='ocrx_word' id='word_1_162' title='bbox 137 2523 238 2586; x_wconf 91' lang='lat' dir='ltr'>grave</span> <span class='ocrx_word' id='word_1_163' title='bbox 248 2504 427 2570; x_wconf 88' lang='lat' dir='ltr'>discrimen</span> <span class='ocrx_word' id='word_1_164' title='bbox 444 2506 636 2571; x_wconf 89' lang='lat' dir='ltr'>adductam.</span> <span class='ocrx_word' id='word_1_165' title='bbox 646 2543 690 2555; x_wconf 92' lang='lat'>—-</span> <span class='ocrx_word' id='word_1_166' title='bbox 706 2503 936 2590; x_wconf 85' lang='lat' dir='ltr'>Quamobrem</span> <span class='ocrx_word' id='word_1_167' title='bbox 952 2516 987 2569; x_wconf 90' lang='lat' dir='ltr'>te</span> <span class='ocrx_word' id='word_1_168' title='bbox 1002 2504 1151 2590; x_wconf 90' lang='lat' dir='ltr'>aliosque</span> <span class='ocrx_word' id='word_1_169' title='bbox 1166 2507 1245 2571; x_wconf 89' lang='lat' dir='ltr'>His·</span> 
     </span>
     <span class='ocr_line' id='line_1_22' title="bbox 138 2608 1246 2693; baseline 0.001 -21"><span class='ocrx_word' id='word_1_170' title='bbox 138 2609 315 2690; x_wconf 86' lang='lat' dir='ltr'>paniarum</span> <span class='ocrx_word' id='word_1_171' title='bbox 332 2608 514 2674; x_wconf 90' lang='lat' dir='ltr'>Antistites</span> <span class='ocrx_word' id='word_1_172' title='bbox 529 2609 631 2673; x_wconf 84' lang='lat' dir='ltr'>etiarn</span> <span class='ocrx_word' id='word_1_173' title='bbox 648 2619 751 2693; x_wconf 89' lang='lat' dir='ltr'>atque</span> <span class='ocrx_word' id='word_1_174' title='bbox 766 2609 869 2673; x_wconf 90' lang='lat' dir='ltr'>etiam</span> <span class='ocrx_word' id='word_1_175' title='bbox 893 2609 1075 2686; x_wconf 90' lang='lat' dir='ltr'>hortamur,</span> <span class='ocrx_word' id='word_1_176' title='bbox 1091 2619 1128 2674; x_wconf 91' lang='lat' dir='ltr'>ut</span> <span class='ocrx_word' id='word_1_177' title='bbox 1150 2629 1246 2674; x_wconf 89' lang='lat' dir='ltr'>occa·</span> 
     </span>
     <span class='ocr_line' id='line_1_23' title="bbox 138 2713 1470 2825; baseline 0.002 -49"><span class='ocrx_word' id='word_1_178' title='bbox 138 2713 267 2778; x_wconf 90' lang='lat' dir='ltr'>sionem</span> <span class='ocrx_word' id='word_1_179' title='bbox 284 2713 493 2797; x_wconf 89' lang='lat' dir='ltr'>nacti,quam</span> <span class='ocrx_word' id='word_1_180' title='bbox 517 2713 663 2778; x_wconf 91' lang='lat' dir='ltr'>indictus</span> <span class='ocrx_word' id='word_1_181' title='bbox 690 2713 784 2780; x_wconf 91' lang='lat' dir='ltr'>vobis</span> <span class='ocrx_word' id='word_1_182' title='bbox 800 2723 985 2779; x_wconf 92' lang='lat' dir='ltr'>conventus</span> <span class='ocrx_word' id='word_1_183' title='bbox 1001 2714 1148 2797; x_wconf 87' lang='lat' dir='ltr'>praebet,</span> <span class='ocrx_word' id='word_1_184' title='bbox 1163 2713 1246 2779; x_wconf 91' lang='lat' dir='ltr'>nulli</span> <span class='ocrx_word' id='word_1_185' title='bbox 1295 2779 1379 2825; x_wconf 62' lang='lat' dir='ltr'>om,</span> <span class='ocrx_word' id='word_1_186' title='bbox 1407 2779 1413 2789; x_wconf 79' lang='grc'><em>,</em></span> <span class='ocrx_word' id='word_1_187' title='bbox 1468 2787 1470 2792; x_wconf 52' lang='grc'>,</span> 
     </span>
     <span class='ocr_line' id='line_1_24' title="bbox 138 2785 1422 2908; baseline 0.002 -27"><span class='ocrx_word' id='word_1_188' title='bbox 138 2818 283 2900; x_wconf 90' lang='lat' dir='ltr'>parcatis</span> <span class='ocrx_word' id='word_1_189' title='bbox 300 2816 406 2882; x_wconf 86' lang='lat' dir='ltr'>labori</span> <span class='ocrx_word' id='word_1_190' title='bbox 420 2829 455 2882; x_wconf 91' lang='lat' dir='ltr'>et</span> <span class='ocrx_word' id='word_1_191' title='bbox 470 2818 654 2882; x_wconf 86' lang='lat' dir='ltr'>industriae</span> <span class='ocrx_word' id='word_1_192' title='bbox 669 2837 756 2901; x_wconf 89' lang='lat' dir='ltr'>quae</span> <span class='ocrx_word' id='word_1_193' title='bbox 771 2817 904 2882; x_wconf 88' lang='lat' dir='ltr'>flectere</span> <span class='ocrx_word' id='word_1_194' title='bbox 920 2819 1025 2900; x_wconf 92' lang='lat' dir='ltr'>possit</span> <span class='ocrx_word' id='word_1_195' title='bbox 1049 2817 1245 2885; x_wconf 87' lang='lat' dir='ltr'>obfirmatos</span> <span class='ocrx_word' id='word_1_196' title='bbox 1272 2785 1336 2883; x_wconf 63' lang='lat' dir='ltr'>mai·</span> <span class='ocrx_word' id='word_1_197' title='bbox 1358 2793 1422 2908; x_wconf 53' lang='lat' dir='ltr'>{III}</span> 
     </span>
     <span class='ocr_line' id='line_1_25' title="bbox 138 2898 1422 3005; baseline 0.003 -23"><span class='ocrx_word' id='word_1_198' title='bbox 138 2921 280 2999; x_wconf 90' lang='lat' dir='ltr'>animos,</span> <span class='ocrx_word' id='word_1_199' title='bbox 304 2941 346 2984; x_wconf 91' lang='lat' dir='ltr'>ne</span> <span class='ocrx_word' id='word_1_200' title='bbox 376 2941 411 2985; x_wconf 89' lang='lat' dir='ltr'>se</span> <span class='ocrx_word' id='word_1_201' title='bbox 440 2921 586 3005; x_wconf 86' lang='lat' dir='ltr'>¹amplius</span> <span class='ocrx_word' id='word_1_202' title='bbox 602 2920 677 2986; x_wconf 89' lang='lat' dir='ltr'>ferri</span> <span class='ocrx_word' id='word_1_203' title='bbox 694 2921 806 2986; x_wconf 88' lang='lat' dir='ltr'>sinant</span> <span class='ocrx_word' id='word_1_204' title='bbox 822 2943 862 2986; x_wconf 88' lang='lat' dir='ltr'>eo</span> <span class='ocrx_word' id='word_1_205' title='bbox 877 2921 1103 2986; x_wconf 89' lang='lat' dir='ltr'>contentionis</span> <span class='ocrx_word' id='word_1_206' title='bbox 1115 2923 1244 3005; x_wconf 89' lang='lat' dir='ltr'>spiritu,</span> <span class='ocrx_word' id='word_1_207' title='bbox 1270 2898 1422 3003; x_wconf 50' lang='lat' dir='ltr'>Zmil}</span> 
     </span>
     <span class='ocr_line' id='line_1_26' title="bbox 139 3017 1421 3121; baseline 0.002 -33"><span class='ocrx_word' id='word_1_208' title='bbox 139 3025 194 3105; x_wconf 89' lang='lat' dir='ltr'>qui</span> <span class='ocrx_word' id='word_1_209' title='bbox 222 3025 355 3108; x_wconf 90' lang='lat' dir='ltr'>spiritui</span> <span class='ocrx_word' id='word_1_210' title='bbox 385 3026 581 3090; x_wconf 86' lang='lat' dir='ltr'>adversatur</span> <span class='ocrx_word' id='word_1_211' title='bbox 610 3025 758 3090; x_wconf 88' lang='lat' dir='ltr'>lenitatis</span> <span class='ocrx_word' id='word_1_212' title='bbox 770 3035 804 3089; x_wconf 90' lang='lat' dir='ltr'>et</span> <span class='ocrx_word' id='word_1_213' title='bbox 819 3025 911 3109; x_wconf 91' lang='lat' dir='ltr'>pacis</span> <span class='ocrx_word' id='word_1_214' title='bbox 926 3026 1030 3090; x_wconf 92' lang='lat' dir='ltr'>divini</span> <span class='ocrx_word' id='word_1_215' title='bbox 1048 3025 1245 3092; x_wconf 87' lang='lat' dir='ltr'>Conditoris</span> <span class='ocrx_word' id='word_1_216' title='bbox 1270 3017 1421 3121; x_wconf 51' lang='lat' dir='ltr'>{fss&#39;mc‘ssssj</span> 
     </span>
     <span class='ocr_line' id='line_1_27' title="bbox 139 3127 1374 3207; baseline 0.002 -15"><span class='ocrx_word' id='word_1_217' title='bbox 139 3127 320 3207; x_wconf 87' lang='lat' dir='ltr'>Ecclesiae,</span> <span class='ocrx_word' id='word_1_218' title='bbox 346 3139 380 3193; x_wconf 90' lang='lat' dir='ltr'>et</span> <span class='ocrx_word' id='word_1_219' title='bbox 404 3130 633 3194; x_wconf 89' lang='lat' dir='ltr'>communium</span> <span class='ocrx_word' id='word_1_220' title='bbox 661 3130 809 3194; x_wconf 89' lang='lat' dir='ltr'>hostium</span> <span class='ocrx_word' id='word_1_221' title='bbox 837 3129 932 3194; x_wconf 83' lang='lat' dir='ltr'>ell&#39;ert</span> <span class='ocrx_word' id='word_1_222' title='bbox 962 3131 1147 3196; x_wconf 89' lang='lat' dir='ltr'>audaciam.</span> <span class='ocrx_word' id='word_1_223' title='bbox 1175 3132 1245 3195; x_wconf 90' lang='lat' dir='ltr'>Eos</span> <span class='ocrx_word' id='word_1_224' title='bbox 1271 3135 1374 3182; x_wconf 67' lang='lat' dir='ltr'>mentiar.</span> 
     </span>
     <span class='ocr_line' id='line_1_28' title="bbox 138 3233 1244 3319; baseline 0.005 -25"><span class='ocrx_word' id='word_1_225' title='bbox 138 3233 261 3319; x_wconf 90' lang='lat' dir='ltr'>itaque,</span> <span class='ocrx_word' id='word_1_226' title='bbox 275 3243 377 3318; x_wconf 90' lang='lat' dir='ltr'>prout</span> <span class='ocrx_word' id='word_1_227' title='bbox 397 3255 448 3298; x_wconf 91' lang='lat' dir='ltr'>res</span> <span class='ocrx_word' id='word_1_228' title='bbox 464 3234 692 3318; x_wconf 90' lang='lat' dir='ltr'>postulaverit,</span> <span class='ocrx_word' id='word_1_229' title='bbox 708 3245 852 3313; x_wconf 91' lang='lat' dir='ltr'>monete,</span> <span class='ocrx_word' id='word_1_230' title='bbox 866 3235 1040 3300; x_wconf 87' lang='lat' dir='ltr'>obsecrate</span> <span class='ocrx_word' id='word_1_231' title='bbox 1056 3247 1089 3300; x_wconf 90' lang='lat' dir='ltr'>et</span> <span class='ocrx_word' id='word_1_232' title='bbox 1105 3237 1244 3319; x_wconf 85' lang='lat' dir='ltr'>arguite,</span> 
     </span>
     <span class='ocr_line' id='line_1_29' title="bbox 138 3333 1243 3418; baseline 0.002 -20"><span class='ocrx_word' id='word_1_233' title='bbox 138 3352 247 3418; x_wconf 90' lang='lat' dir='ltr'>neque</span> <span class='ocrx_word' id='word_1_234' title='bbox 258 3354 316 3399; x_wconf 92' lang='lat' dir='ltr'>eos</span> <span class='ocrx_word' id='word_1_235' title='bbox 332 3333 436 3401; x_wconf 89' lang='lat' dir='ltr'>latere</span> <span class='ocrx_word' id='word_1_236' title='bbox 451 3335 559 3410; x_wconf 89' lang='lat' dir='ltr'>sinite,</span> <span class='ocrx_word' id='word_1_237' title='bbox 569 3344 722 3417; x_wconf 90' lang='lat' dir='ltr'>optatam</span> <span class='ocrx_word' id='word_1_238' title='bbox 736 3334 824 3398; x_wconf 91' lang='lat' dir='ltr'>hanc</span> <span class='ocrx_word' id='word_1_239' title='bbox 838 3335 1063 3413; x_wconf 87' lang='lat' dir='ltr'>concordiam,</span> <span class='ocrx_word' id='word_1_240' title='bbox 1073 3346 1243 3401; x_wconf 90' lang='lat' dir='ltr'>tantorum</span> 
     </span>
     <span class='ocr_line' id='line_1_30' title="bbox 137 3435 1244 3522; baseline 0.003 -23"><span class='ocrx_word' id='word_1_241' title='bbox 137 3445 310 3518; x_wconf 88' lang='lat' dir='ltr'>parentem</span> <span class='ocrx_word' id='word_1_242' title='bbox 327 3445 360 3500; x_wconf 90' lang='lat' dir='ltr'>et</span> <span class='ocrx_word' id='word_1_243' title='bbox 375 3435 527 3502; x_wconf 89' lang='lat' dir='ltr'>altricem</span> <span class='ocrx_word' id='word_1_244' title='bbox 544 3436 718 3514; x_wconf 92' lang='lat' dir='ltr'>bonorum,</span> <span class='ocrx_word' id='word_1_245' title='bbox 734 3437 805 3500; x_wconf 87' lang='lat' dir='ltr'>sine</span> <span class='ocrx_word' id='word_1_246' title='bbox 821 3438 914 3520; x_wconf 86' lang='lat' dir='ltr'>gravi</span> <span class='ocrx_word' id='word_1_247' title='bbox 946 3437 1079 3519; x_wconf 89' lang='lat' dir='ltr'>piaculo</span> <span class='ocrx_word' id='word_1_248' title='bbox 1106 3458 1244 3522; x_wconf 89' lang='lat' dir='ltr'>praepe-</span> 
     </span>
     <span class='ocr_line' id='line_1_31' title="bbox 136 3539 1244 3624; baseline 0.005 -23"><span class='ocrx_word' id='word_1_249' title='bbox 136 3539 198 3604; x_wconf 90' lang='lat' dir='ltr'>diri</span> <span class='ocrx_word' id='word_1_250' title='bbox 214 3561 254 3605; x_wconf 89' lang='lat' dir='ltr'>ac</span> <span class='ocrx_word' id='word_1_251' title='bbox 269 3539 376 3606; x_wconf 87' lang='lat' dir='ltr'>scindi</span> <span class='ocrx_word' id='word_1_252' title='bbox 392 3560 460 3606; x_wconf 90' lang='lat' dir='ltr'>non</span> <span class='ocrx_word' id='word_1_253' title='bbox 476 3561 582 3624; x_wconf 77' lang='lat' dir='ltr'>posse.</span> <span class='ocrx_word' id='word_1_254' title='bbox 596 3539 734 3606; x_wconf 88' lang='lat' dir='ltr'>Testem</span> <span class='ocrx_word' id='word_1_255' title='bbox 761 3541 888 3606; x_wconf 91' lang='lat' dir='ltr'>interea</span> <span class='ocrx_word' id='word_1_256' title='bbox 910 3549 1071 3624; x_wconf 87' lang='lat' dir='ltr'>paternae</span> <span class='ocrx_word' id='word_1_257' title='bbox 1095 3543 1244 3608; x_wconf 89' lang='lat' dir='ltr'>caritatis</span> 
     </span>
     <span class='ocr_line' id='line_1_32' title="bbox 138 3639 1244 3730; baseline 0.006 -26"><span class='ocrx_word' id='word_1_258' title='bbox 138 3639 281 3710; x_wconf 83' lang='lat' dir='ltr'>Nostrae</span> <span class='ocrx_word' id='word_1_259' title='bbox 311 3644 545 3730; x_wconf 91' lang='lat' dir='ltr'>Apostolicam</span> <span class='ocrx_word' id='word_1_260' title='bbox 576 3644 844 3709; x_wconf 88' lang='lat' dir='ltr'>benedictionem</span> <span class='ocrx_word' id='word_1_261' title='bbox 876 3645 1007 3723; x_wconf 87' lang='lat' dir='ltr'>habete,</span> <span class='ocrx_word' id='word_1_262' title='bbox 1036 3664 1138 3729; x_wconf 86' lang='lat' dir='ltr'>quarn</span> <span class='ocrx_word' id='word_1_263' title='bbox 1172 3648 1244 3729; x_wconf 94' lang='lat' dir='ltr'>tibi,</span> 
     </span>
     <span class='ocr_line' id='line_1_33' title="bbox 137 3747 1242 3833; baseline 0.006 -23"><span class='ocrx_word' id='word_1_264' title='bbox 137 3747 257 3814; x_wconf 89' lang='lat' dir='ltr'>dilecte</span> <span class='ocrx_word' id='word_1_265' title='bbox 287 3747 333 3814; x_wconf 91' lang='lat' dir='ltr'>fili</span> <span class='ocrx_word' id='word_1_266' title='bbox 364 3750 498 3827; x_wconf 92' lang='lat' dir='ltr'>Noster,</span> <span class='ocrx_word' id='word_1_267' title='bbox 513 3748 662 3832; x_wconf 89' lang='lat' dir='ltr'>aliisque,</span> <span class='ocrx_word' id='word_1_268' title='bbox 693 3750 750 3832; x_wconf 91' lang='lat' dir='ltr'>qui</span> <span class='ocrx_word' id='word_1_269' title='bbox 767 3749 1009 3833; x_wconf 89' lang='lat' dir='ltr'>Hispanarium</span> <span class='ocrx_word' id='word_1_270' title='bbox 1034 3749 1242 3817; x_wconf 91' lang='lat' dir='ltr'>dioecesibus</span> 
     </span>
     <span class='ocr_line' id='line_1_34' title="bbox 137 3851 1242 3936; baseline 0.004 -20"><span class='ocrx_word' id='word_1_271' title='bbox 137 3865 303 3934; x_wconf 88' lang='lat' dir='ltr'>praesunt,</span> <span class='ocrx_word' id='word_1_272' title='bbox 330 3853 495 3936; x_wconf 90' lang='lat' dir='ltr'>simulque</span> <span class='ocrx_word' id='word_1_273' title='bbox 526 3853 614 3917; x_wconf 90' lang='lat' dir='ltr'>clero</span> <span class='ocrx_word' id='word_1_274' title='bbox 639 3862 673 3917; x_wconf 89' lang='lat' dir='ltr'>et</span> <span class='ocrx_word' id='word_1_275' title='bbox 703 3851 856 3916; x_wconf 85' lang='lat' dir='ltr'>fidelibus</span> <span class='ocrx_word' id='word_1_276' title='bbox 889 3852 1082 3935; x_wconf 80' lang='lat' dir='ltr'>vigilantiae</span> <span class='ocrx_word' id='word_1_277' title='bbox 1112 3864 1242 3920; x_wconf 84' lang='lat' dir='ltr'>vestrae</span> 
     </span>
     <span class='ocr_line' id='line_1_35' title="bbox 136 3958 783 4043; baseline -0.003 -21"><span class='ocrx_word' id='word_1_278' title='bbox 136 3960 323 4024; x_wconf 86' lang='lat' dir='ltr'>commissis</span> <span class='ocrx_word' id='word_1_279' title='bbox 338 3969 549 4043; x_wconf 88' lang='lat' dir='ltr'>peramanter</span> <span class='ocrx_word' id='word_1_280' title='bbox 565 3958 783 4041; x_wconf 92' lang='lat' dir='ltr'>impertimus.</span> 
     </span>
    </p>

    <p class='ocr_par' dir='ltr' id='par_1_7' title="bbox 177 4061 1239 4145">
     <span class='ocr_line' id='line_1_36' title="bbox 177 4061 1239 4145; baseline 0.002 -19"><span class='ocrx_word' id='word_1_281' title='bbox 177 4062 304 4128; x_wconf 87' lang='lat' dir='ltr'>Datum</span> <span class='ocrx_word' id='word_1_282' title='bbox 330 4063 459 4126; x_wconf 91' lang='lat' dir='ltr'>Rornae</span> <span class='ocrx_word' id='word_1_283' title='bbox 486 4061 576 4145; x_wconf 90' lang='lat' dir='ltr'>apud</span> <span class='ocrx_word' id='word_1_284' title='bbox 606 4061 639 4127; x_wconf 87' lang='lat' dir='ltr'>S.</span> <span class='ocrx_word' id='word_1_285' title='bbox 665 4062 799 4125; x_wconf 88' lang='lat' dir='ltr'>Petrum</span> <span class='ocrx_word' id='word_1_286' title='bbox 825 4061 880 4124; x_wconf 92' lang='lat' dir='ltr'>die</span> <span class='ocrx_word' id='word_1_287' title='bbox 900 4077 938 4139; x_wconf 86' lang='lat'>19</span> <span class='ocrx_word' id='word_1_288' title='bbox 955 4061 1125 4125; x_wconf 86' lang='lat' dir='ltr'>Februarii</span> <span class='ocrx_word' id='word_1_289' title='bbox 1147 4065 1239 4144; x_wconf 89' lang='lat'>1890,</span> 
     </span>
    </p>
   </div>
   <div class='ocr_carea' id='block_1_5' title="bbox 137 4163 1151 4389">
    <p class='ocr_par' dir='ltr' id='par_1_8' title="bbox 137 4163 1151 4389">
     <span class='ocr_line' id='line_1_37' title="bbox 137 4163 813 4254; baseline 0.001 -26"><span class='ocrx_word' id='word_1_290' title='bbox 137 4163 352 4254; x_wconf 68' lang='lat' dir='ltr'>Fontilicatus</span> <span class='ocrx_word' id='word_1_291' title='bbox 370 4163 486 4230; x_wconf 89' lang='lat' dir='ltr'>Nostri</span> <span class='ocrx_word' id='word_1_292' title='bbox 498 4184 588 4228; x_wconf 92' lang='lat' dir='ltr'>anno</span> <span class='ocrx_word' id='word_1_293' title='bbox 603 4163 813 4230; x_wconf 72' lang='lat' dir='ltr'>duodecimo</span> 
     </span>
     <span class='ocr_line' id='line_1_38' title="bbox 845 4318 1151 4389; baseline 0.023 -7"><span class='ocrx_word' id='word_1_294' title='bbox 845 4318 939 4384; x_wconf 91' lang='lat' dir='ltr'>LEO</span> <span class='ocrx_word' id='word_1_295' title='bbox 964 4322 1026 4388; x_wconf 89' lang='grc' dir='ltr'>ΡΡ.</span> <span class='ocrx_word' id='word_1_296' title='bbox 1051 4323 1151 4389; x_wconf 90' lang='lat' dir='ltr'>XIII.</span> 
     </span>
    </p>
   </div>
   <div class='ocr_carea' id='block_1_6' title="bbox 193 4494 1175 4559">
    <p class='ocr_par' dir='ltr' id='par_1_9' title="bbox 193 4494 1175 4559">
     <span class='ocr_line' id='line_1_39' title="bbox 193 4494 1175 4559; baseline -0.011 -20"><span class='ocrx_word' id='word_1_297' title='bbox 193 4495 267 4542; x_wconf 73' lang='lat' dir='ltr'>Ac&#39;rn</span> <span class='ocrx_word' id='word_1_298' title='bbox 282 4495 383 4542; x_wconf 78' lang='lat' dir='ltr'>Leonis</span> <span class='ocrx_word' id='word_1_299' title='bbox 399 4494 470 4540; x_wconf 87' lang='lat' dir='ltr'>x111.</span> <span class='ocrx_word' id='word_1_300' title='bbox 1061 4495 1103 4544; x_wconf 66' lang='lat' dir='ltr'>1v,</span> <span class='ocrx_word' id='word_1_301' title='bbox 1118 4521 1146 4530; x_wconf 89' lang='lat'>-</span> <span class='ocrx_word' id='word_1_302' title='bbox 1154 4513 1175 4559; x_wconf 49' lang='lat'>3,</span> 
     </span>
    </p>
   </div>
   <div class='ocr_carea' id='block_1_7' title="bbox 0 0 1633 4876">
    <p class='ocr_par' dir='ltr' id='par_1_10' title="bbox 0 0 1633 4876">
     <span class='ocr_line' id='line_1_40' title="bbox 0 0 1633 4876; baseline 0 0"><span class='ocrx_word' id='word_1_303' title='bbox 0 0 1633 4876; x_wconf 95' lang='lat' dir='ltr'> </span> 
     </span>
    </p>
   </div>
  </div>
 </body>
</html>
