3140 4866
1273 1703 1335 1749 uotis
1351 1703 1385 1748 cd

307 1761 417 1825 Nobis
444 1762 606 1840 obtulisti,
634 1763 770 1827 nomine
804 1763 984 1847 superioris
1016 1765 1147 1829 consilii
1171 1777 1204 1830 et
1230 1762 1351 1882 ᾗθζῧζζ

88 1868 269 1934 universae
281 1866 452 1931 societatis
471 1867 579 1932 Italae
608 1867 791 1932 iuventutis
806 1867 993 1933 catholicae
1008 1870 1062 1934 cui
1078 1890 1205 1953 praees,
1231 1887 1335 1927 testatur
1357 1895 1384 1924 a.

87 1980 277 2055 appetente
288 1971 344 2034 die
359 1991 454 2034 sacra
470 1971 553 2036 Viro
566 1970 693 2035 Sancto
709 1973 799 2034 unde
815 1971 924 2036 Nobis
940 1973 1069 2038 dictum
1082 1981 1133 2036 est
1146 1994 1204 2037 no·
1232 1955 1321 2045 lm
1346 1955 1385 2045 ΞΖ.

89 2073 421 2138 menvchemenrer
437 2075 526 2138 enim
550 2073 758 2138 iuventutem
785 2073 967 2158 diligimus,
997 2095 1101 2160 quarn
1128 2097 1203 2141 cum
1225 2059 1346 2178 mm

89 2179 254 2243 accedere
269 2178 312 2242 ad
330 2177 403 2240 Nos
419 2178 601 2255 videamus,
618 2175 732 2241 multis
759 2175 836 2241 licet
863 2178 1050 2243 obnoxiam
1076 2180 1205 2244 insidiis
1232 2178 1386 2294 {paffe-

88 2291 125 2346 et
143 2281 300 2364 periculis
316 2290 506 2363 temporum
521 2281 696 2364 iniquitate
712 2280 996 2363 impendentibus,
1006 2291 1043 2346 ut
1055 2301 1117 2346 sua
1127 2301 1205 2364 erga
1232 2295 1386 2364 ejusmmne

87 2387 165 2451 Nos
183 2385 296 2448 studia
311 2395 462 2464 testetur,
476 2385 584 2449 lacere
601 2405 667 2449 non
681 2405 858 2467 possumus
877 2387 957 2469 quin
985 2406 1061 2450 eam
1084 2384 1205 2449 sollici·
1232 2357 1347 2402 mmm·

91 2488 215 2554 tudine
239 2499 273 2554 et
295 2490 435 2554 caritate
464 2499 605 2573 patema
636 2489 908 2574 complectamur.
946 2489 1061 2573 Opera
1091 2499 1204 2554 autem

90 2601 233 2678 peracta
243 2592 316 2658 zelo
328 2601 361 2657 et
376 2592 598 2658 beneficentia
609 2602 720 2658 vestra
733 2592 899 2678 exemplis
909 2593 1024 2658 iuncta
1034 2593 1206 2677 religionis

89 2707 126 2762 et
142 2696 280 2780 pietatis
295 2718 316 2761 a
330 2698 427 2762 vobis
452 2698 552 2763 editis
572 2717 675 2781 quum
692 2697 817 2762 laetam
841 2698 950 2764 Nobis
966 2718 1061 2782 spem
1078 2697 1205 2763 faciunt

88 2801 589 2884 futuraepraestantiaevestrae
600 2803 634 2866 in
649 2803 756 2867 arduo
767 2804 899 2868 virtutis
915 2803 1091 2882 cultu,tum
1102 2803 1204 2868 etiam

89 2904 242 2971 efficiunt
255 2916 292 2970 ut
307 2908 435 2990 optime
450 2908 494 2972 de
521 2907 674 2972 Ecclesia
690 2907 845 2972 meritam
861 2907 1049 2973 iudicemus
1065 2909 1204 2973 societa-

87 3021 158 3076 tem
176 3019 335 3090 vestram,
358 3033 397 3076 ac
413 3012 531 3078 sedulo
543 3032 698 3078 curemus
714 3022 751 3077 ut
767 3033 884 3096 sospes
907 3014 951 3078 sit
967 3023 1000 3078 et
1016 3013 1204 3090 incolumis,

90 3116 256 3198 novisque
272 3115 306 3178 in
319 3115 391 3180 dies
404 3114 521 3181 floreat
538 3117 762 3182 incrementis.

133 3219 249 3303 Quam
264 3221 310 3284 ob
325 3240 395 3284 rem
411 3241 515 3306 quum
544 3222 735 3286 noverimus
751 3241 858 3305 nuper
873 3241 976 3304 aegro
1006 3219 1202 3302 dolentique
1252 3233 1254 3238 ·
1281 3235 1379 3280 eoncor-

92 3327 218 3402 animo,
247 3325 431 3388 discordias
459 3326 523 3390 seri
543 3326 669 3390 inimici
685 3323 833 3390 hominis
849 3335 924 3389 astu
941 3325 974 3387 in
992 3343 1107 3388 eorum
1130 3324 1201 3386 acic
1226 3293 1382 3410 2222?ssss

88 3429 147 3512 qui
164 3448 235 3493 rem
252 3427 452 3494 catholicam
469 3431 502 3493 in
520 3429 620 3494 Italia
635 3439 862 3514 propugnant,
886 3449 931 3492 ex
948 3448 1015 3512 quo
1031 3429 1202 3492 communi
1227 3425 1380 3517 {ffjfflgj

89 3553 229 3602 caussae
240 3533 343 3598 tristis
357 3533 495 3600 insertur
510 3513 755 3614 lactura,valde
766 3535 874 3618 gavisi
890 3552 1005 3598 sumus
1022 3553 1061 3596 ea
1077 3532 1202 3598 littera·
1227 3531 1377 3583 russaturat.

89 3657 163 3703 rum
176 3647 352 3722 parte,qua
366 3639 616 3721 pollicebamini
632 3642 828 3705 societatem
845 3648 991 3702 vestram
1015 3657 1083 3701 non
1100 3641 1203 3702 modo

89 3753 285 3808 constanter
300 3743 447 3809 suturam
469 3745 662 3809 audientem
679 3745 772 3810 dicto
787 3752 860 3808 tum
882 3741 991 3807 Nobis
1006 3751 1078 3806 tum
1090 3743 1202 3826 singu·

90 3844 198 3911 larum
211 3847 416 3913 dioecesium
434 3847 715 3927 Praesulibus,sed
732 3848 835 3912 etiam
851 3847 973 3910 animis
988 3845 1202 3931 consiliisque

91 3951 430 4015 consonantissimam
456 3950 526 4016 fore
552 3972 629 4017 cum
649 3951 722 4016 aliis
733 3951 879 4015 virorum
892 3949 1053 4028 coetibus,
1067 3951 1125 4034 qui
1141 3971 1202 4035 pro

89 4053 209 4117 cadem
225 4074 345 4120 caussa
357 4053 528 4120 Ecclesiae
544 4055 578 4118 in
595 4055 657 4119 hac
673 4055 809 4138 regione
825 4055 1007 4119 decertant.

138 4155 441 4224 Iamverohuiusce
450 4178 588 4224 caussae
600 4159 748 4242 dignitas
759 4169 794 4226 et
805 4158 1003 4243 amplitudo,
1015 4158 1068 4223 cui
1078 4177 1139 4242 par
1151 4169 1201 4224 est
1248 4207 1380 4252 ,mmm

94 4255 277 4328 inserviant
292 4263 448 4328 catholici
461 4263 615 4342 universi,
627 4264 766 4329 omnino
777 4262 917 4346 flagitat,
927 4272 961 4328 et
976 4264 1103 4328 Nostra
1118 4264 1201 4328 haec
1227 4259 1323 4298 '‘nm“
1342 4253 1380 4298 ²³²·

94 4370 146 4426 est
160 4362 325 4446 voluntas,
340 4376 379 4433 ut
394 4367 534 4435 sublatis
550 4368 824 4436 contentionibus
839 4387 926 4454 quae
950 4367 1117 4434 sodalium
1133 4379 1202 4435 stu.
1227 4313 1314 4360 ‘'m‘'

149 4479 226 4528 Aera
237 4483 340 4533 Lnoun
356 4485 429 4535 x111.
1015 4487 1057 4536 lv.
1070 4503 1140 4548 -¹7·

126 1511 244 1524 -,,
288 1447 531 1516 INGULARI
586 1471 663 1515 cum
717 1450 954 1516 benevolentia
1006 1455 1203 1536 excepimus
1239 1431 1373 1527 ,Bpssffl

83 1446 282 1826 {BE-{⁷}
309 1554 541 1637 prosperitatis
557 1555 680 1632 omina,
704 1575 885 1638 quaecum
902 1555 1204 1640 significationibus
1275 1533 1340 1593 ¹⁸⁹¹·

84 1673 111 1750 q
308 1655 386 1722 fidei
412 1667 445 1722 et
476 1656 628 1741 obsequii
659 1659 692 1722 iu
723 1659 811 1723 hanc
833 1657 1071 1744 Apostolicam
1088 1662 1202 1727 sedem
1231 1703 1260 1748 d,
1293 1643 1410 1708 ΜΨ
