3310 4868
219 463 272 514 DE
299 463 421 516 STATU
448 463 646 517 ITALORUM
677 463 718 514 IN
745 464 860 514 AMER.
882 461 1221 526 cpMMIGRANTIUM.
1256 439 1319 512 181

217 631 305 696 effici
323 647 448 719 posset,
463 656 522 719 per
538 636 666 701 litteras
695 635 837 700 Nostras
863 650 900 715 17
929 635 1103 699 Kalendas
1121 632 1325 698 Decembres
1408 675 1439 708 ,ο

217 757 309 802 anno
332 741 501 821 superiore
525 741 623 804 datas
648 739 711 804 sub
737 740 863 804 annulo
884 739 1071 818 Piscatoris,
1087 736 1322 822 Apostolicum
1351 719 1503 810 Μῖἷῖἕω

216 843 428 906 sacerdotum
443 842 630 925 Collegium
646 843 837 908 Placentiae
847 841 1028 926 episcopali
1042 842 1074 905 in
1085 843 1174 918 sede,
1186 851 1325 906 curante
1344 841 1502 961 gffss'tffl

217 943 306 1010 Ven.
338 947 454 1010 Fratre
485 947 637 1011 Iohanne
668 947 822 1031 Baptista
854 945 1124 1012 Placentinorum
1153 947 1325 1030 Episcopo
1346 961 1502 1030 gromm-

222 1049 469 1128 constituirnus,
488 1071 557 1134 quo
581 1049 796 1115 ecclesiastici
817 1049 890 1128 viri,
913 1069 999 1134 quos
1020 1049 1178 1115 CHRISTI
1203 1051 1325 1116 caritas
1349 1025 1503 1136 lma&

218 1161 325 1234 urget,
351 1174 396 1218 ex
421 1153 521 1219 Italia
545 1154 757 1231 conveniant,
783 1163 820 1218 ut
841 1153 881 1217 iis
906 1153 1105 1218 excolantur
1131 1155 1260 1232 studiis,
1285 1155 1327 1219 iis

219 1267 440 1322 exerceantur
455 1259 648 1323 muneribus
664 1278 771 1341 eaque
794 1257 980 1340 disciplina,
996 1278 1054 1340 per
1075 1278 1175 1341 quarn
1192 1269 1327 1324 strenue

220 1370 254 1423 et
292 1359 432 1425 feliciter
469 1383 572 1446 penes
609 1363 746 1427 dissitos
777 1362 896 1426 Italiae
933 1363 1023 1427 cives
1059 1362 1228 1445 legatione
1265 1384 1328 1445 pro

223 1464 395 1530 CHRISTO
410 1465 602 1550 iungantur,
616 1477 650 1532 et
666 1467 778 1532 idonei
794 1465 877 1532 fiant
892 1467 1139 1550 dispensatores
1152 1469 1327 1550 mysterio·

218 1589 290 1632 rurn
308 1569 384 1635 Dei.

265 1673 359 1736 Inter
370 1672 525 1739 alumnos
537 1683 651 1739 autem
668 1675 766 1739 huius
784 1674 937 1758 Collegii,
953 1677 1043 1757 quod
1061 1675 1156 1758 quasi
1174 1675 1325 1740 Semina·
1350 1679 1503 1788 ;”,?”⁰J,'¹;,';2

220 1776 305 1841 rium
321 1777 436 1842 haberi
452 1779 608 1843 volumus
624 1779 852 1843 ministrorum
870 1779 935 1843 Dei
948 1779 991 1843 ad
1007 1776 1149 1844 salutem
1162 1778 1323 1843 Italorum
1349 1799 1502 1903 perlapsa

217 1881 413 1950 Americaru
431 1881 658 1959 incolentium,
674 1885 811 1947 iuvenes
837 1885 939 1948 etiam
955 1904 976 1946 a
990 1885 1109 1947 vestris
1126 1883 1325 1966 regionibus,
1350 1859 1502 1965 ,ξῗξζΑῗῇ

223 1985 311 2050 italis
327 1989 522 2068 parentibus
538 1997 646 2064 natos,
665 1987 765 2068 recipi
782 1995 817 2051 et
831 1985 961 2051 institui
987 1985 1153 2064 volumus,'
1172 1987 1275 2052 modo
1289 1987 1322 2050 in
1358 1977 1487 2096 ‘fimf

216 2099 342 2154 sortem
371 2091 510 2154 Domini
544 2091 653 2154 vocati
685 2091 786 2154 sacris
813 2091 950 2172 cupiant
981 2092 1114 2168 initiari,
1138 2102 1176 2155 ut
1202 2092 1324 2158 deinde
1350 2100 1400 2200 Ὦ
1434 2097 1502 2202 52:21²

219 2197 408 2260 sacerdotio
433 2197 522 2260 aucti
551 2206 585 2260 et
609 2196 694 2259 istuc
720 2206 916 2274 remeantes,
942 2195 1005 2260 sub
1031 2205 1142 2260 vestra
1165 2198 1324 2279 pastorali
1360 2219 1485 2284 rapqvam

218 2310 397 2381 potestate,
411 2319 529 2364 omnes
552 2319 693 2382 quarum
710 2319 789 2363 usus
812 2299 920 2377 luerit,
934 2299 1126 2382 Apostolici
1150 2300 1323 2363 ministerii
1341 2275 1500 2390 Ῐζξξζῖζιῇἷ,

217 2414 331 2484 partes
355 2403 526 2486 expleant.
546 2404 666 2486 Neque
688 2423 769 2467 vero
795 2404 1007 2486 ambigimus,
1021 2404 1101 2487 quin
1127 2412 1160 2467 et
1186 2403 1323 2468 reduces
1348 2392 1477 2440 '‘vm'‘'i

217 2507 273 2570 isti
289 2516 430 2589 paterna
441 2527 518 2571 cum
534 2507 674 2572 caritate
685 2507 898 2590 excipiantur
914 2507 1050 2585 avobis,
1061 2508 1208 2590 itemque
1220 2506 1321 2571 sacul-

215 2619 304 2674 tates
321 2611 502 2692 impetrent
526 2619 735 2693 opportunas
751 2610 834 2672 sacri
860 2610 1034 2674 ministerii
1051 2631 1168 2674 caussa
1183 2611 1216 2674 in
1233 2612 1322 2675 cives

211 2734 303 2793 suos,
319 2715 449 2778 monito
473 2713 630 2796 parocho,
646 2714 870 2778 exercendas:
895 2715 1020 2798 quippe
1036 2716 1078 2778 ad
1105 2735 1164 2779 vos
1190 2713 1321 2779 venturi

218 2831 298 2882 sunt
320 2819 416 2900 quasi
440 2816 621 2882 auxiliares
644 2816 772 2897 copiae,
787 2826 825 2880 ut
849 2817 912 2881 sub
937 2819 1136 2882 auctoritate
1161 2819 1321 2902 cuiusque

209 2935 370 3000 vestrum,
385 2922 479 2986 cuius
494 2922 527 2984 in
540 2921 686 2986 dioecesi
701 2930 884 2999 versantur,
898 2941 1012 2986 sacrae
1028 2922 1166 2986 militiae
1182 2942 1319 3005 operam

191 3021 196 3031 '
214 3037 348 3090 navent.
366 3024 519 3090 Profecto
534 3025 567 3089 in
584 3025 694 3108 primo
706 3025 815 3107 operis
831 3024 973 3090 exordio
988 3034 1083 3090 tanta
1098 3026 1181 3090 haec
1191 3026 1320 3091 auxilia
1375 3055 1427 3112 020
1451 3072 1496 3102 au-

213 3128 478 3212 haudquaquam
496 3139 603 3206 erunt,
618 3136 745 3210 quanta
761 3147 812 3189 res
828 3147 866 3190 ac
882 3136 1016 3209 tempus
1031 3125 1195 3210 flagitant,
1211 3147 1318 3211 neque
1343 3115 1497 3175 rarefactum

1349 3176 1492 3221 necessitati-

212 3253 329 3298 eorum
347 3235 402 3315 qui
420 3233 576 3296 mittendi
593 3241 670 3295 sunt
686 3251 797 3314 opera,
813 3250 874 3313 par
893 3251 966 3295 esse
982 3233 1029 3295 ita
1044 3233 1167 3314 poterit
1179 3252 1319 3297 numero
1343 3233 1496 3353 lssjisdisqus

213 3347 249 3402 et
278 3321 533 3400 necessitalibus
556 3333 716 3414 fidelium,
738 3342 775 3399 ut
802 3334 942 3418 singulis
966 3343 1001 3398 et
1024 3334 1258 3401 remotioribus
1284 3337 1317 3401 in
1343 3329 1494 3400 suaderem!

213 3440 296 3504 locis
320 3443 510 3504 sacerdotes
540 3440 698 3505 constitui
728 3440 868 3522 possint,
898 3439 954 3523 qui
985 3459 1099 3503 curam
1130 3441 1317 3506 animarum
1344 3412 1495 3517 'll‘rhihl‘l

213 3554 340 3626 gerant.
354 3543 583 3627 Quamobrem
601 3545 766 3627 optimum
790 3545 879 3608 sactu
895 3564 1080 3620 censemus,
1095 3543 1121 3606 si
1138 3545 1171 3608 in
1188 3545 1317 3607 dioece·
1343 3530 1496 3636 ''v‘jlffifssssf

211 3648 314 3724 sibus,
335 3669 421 3731 quae
449 3649 588 3712 advenis
608 3668 651 3711 ex
679 3647 778 3711 Italia
800 3647 906 3730 magis
927 3648 1111 3727 abundant,
1126 3649 1318 3713 communia
1343 3661 1495 3767 zzjmcgzj

212 3751 401 3816 habeantur
423 3752 595 3816 domicilia
621 3752 842 3828 sacerdotum,
865 3751 921 3835 qui
946 3754 1071 3817 exinde
1098 3752 1236 3835 digressi
1258 3752 1316 3814 cir·
1343 3767 1452 3814 riantur.

211 3856 456 3920 cumiacentem
482 3857 651 3938 regionem
669 3865 856 3938 peragrent,
871 3865 905 3920 et
925 3857 1027 3920 sacris
1046 3857 1318 3939 expeditionibus

215 3960 384 4024 excolant.
402 3959 479 4043 Qua
495 3961 624 4024 ratione
640 3969 763 4036 autem,
779 3958 942 4043 quibusve
953 3958 1034 4022 locis
1046 3958 1267 4043 opportunius
1279 3979 1318 4022 ea

215 4065 347 4146 possint
363 4065 531 4142 constitui,
546 4065 580 4128 id
606 4063 668 4128 erit
692 4065 889 4146 prudentiae
916 4073 1046 4128 vestrae
1066 4065 1251 4128 decernere.
1275 4101 1319 4112 —

216 4170 312 4235 Haec
339 4170 454 4232 omnia
481 4190 567 4252 quae
589 4167 810 4251 Apostolicae
835 4169 981 4232 Nostrae
1001 4168 1230 4250 providentiae
1247 4189 1318 4233 esse

216 4275 388 4351 duximus,
413 4275 508 4338 vobis
540 4273 630 4338 hisce
661 4273 779 4337 litteris
807 4271 1026 4356 significanda
1055 4273 1251 4338 curavimus.
1282 4273 1318 4338 Si
1344 4337 1359 4382 q
1386 4263 1495 4334 ciffi?

1361 4336 1436 4368 vavas
1448 4327 1485 4368 ula

218 4379 295 4462 quis
316 4387 428 4442 autem
446 4399 490 4441 ex
514 4378 610 4441 vobis
630 4377 830 4460 compererit
846 4377 915 4440 sive
934 4396 1033 4440 sensu
1049 4386 1083 4441 et
1106 4376 1229 4441 iudicio
1251 4398 1321 4457 suo,
1346 4383 1383 4428 rra
1417 4387 1497 4452 ,arata

221 4481 293 4546 sive
326 4479 457 4545 collatis
491 4500 567 4545 cunr
603 4481 776 4545 Fratribus
806 4480 963 4559 consiliis,
993 4481 1118 4564 aliquid
1149 4490 1320 4564 praeterea
1360 4447 1482 4561 155th.
