3140 4866
536 719 584 780 ad
605 721 918 795 archiepiscopos
937 724 977 778 et
999 719 1201 794 Episcopos
1225 718 1390 790 altosque
1448 648 1471 811 ξ

294 1512 323 1546 n

242 1555 376 1662 '‘spis‘'
630 1575 771 1638 caritate
787 1573 939 1655 permoti,
954 1571 1042 1636 datis
1067 1571 1110 1636 ad
1141 1571 1214 1636 Nos
1234 1575 1401 1656 superiore
1418 1593 1477 1636 anno

277 1711 386 1758 amsa
630 1676 759 1754 litteris,
785 1673 994 1740 referendum
1020 1673 1197 1740 censuistis
1222 1676 1266 1740 de
1298 1677 1477 1760 singularium

233 1772 385 1878 :iic-ff*
631 1781 863 1859 certaminum,
874 1799 960 1864 quae
970 1779 1079 1844 duella
1088 1783 1257 1859 vocantia
1268 1782 1393 1866 populo
1402 1791 1477 1846 vestro

233 1889 295 1959 ἄψ
323 1889 384 1934 ΡΜ·
411 1885 607 1969 frequentia.
624 1883 739 1950 Genus
754 1885 844 1950 istud
859 1885 1053 1962 dimicandi,
1068 1884 1158 1948 velut
1169 1885 1219 1948 ius
1232 1886 1381 1950 moribus
1389 1885 1476 1949 consti·

232 1949 384 2076 mxci
410 1999 531 2066 tutum,
548 2007 614 2052 non
633 1987 704 2052 sine
720 1987 835 2052 dolore
850 1985 1089 2070 significabatis
1105 1987 1206 2052 etiarn
1228 1989 1318 2053 inter
1333 1987 1475 2052 catholicos

233 2067 310 2112 duelli
331 2081 385 2112 corr·
526 2094 533 2107 ·
707 2091 715 2106 ·
812 2093 820 2108 ·
1236 2093 1243 2108 .
1402 2095 1442 2108 ..

233 2126 361 2172 ma„
409 2113 545 2158 versari:
563 2093 733 2176 rogabatis
748 2103 882 2178 pariter,
907 2102 945 2156 ut
970 2094 1136 2157 deterrere
1150 2093 1308 2158 hommes
1331 2097 1374 2160 ab
1400 2104 1476 2157 rsuus·
1531 2179 1532 2188 ἵ

233 2185 312 2291 {ff
336 2191 383 2232 ⁸¹⁶·
410 2197 503 2262 modi
520 2216 629 2260 errore
645 2217 714 2260 vox
728 2215 864 2281 quoque
880 2196 1005 2261 Nostra
1020 2207 1203 2260 conaretur.
1216 2229 1258 2242 -·
1276 2197 1341 2262 Est
1365 2195 1476 2282 proiectu

409 2319 500 2364 error
512 2301 575 2363 iste
585 2299 769 2365 admodum
782 2298 997 2383 perniciosus,
1009 2318 1071 2363 nec
1083 2319 1162 2363 sane
1172 2297 1296 2364 linibus
1311 2295 1477 2364 circumscn'·

408 2404 499 2468 bitur
513 2405 685 2470 civitatum
706 2417 902 2482 vestrarum,
916 2405 975 2469 sed
1002 2404 1150 2468 excurrit
1165 2405 1272 2469 multo
1290 2403 1395 2481 latius,
1406 2405 1443 2466 ita
1454 2406 1476 2460 ut

408 2507 506 2572 huius
532 2529 654 2592 expers
678 2509 880 2592 contagione
911 2507 989 2572 mali
1014 2507 1072 2571 vix
1106 2507 1173 2572 ulla
1203 2527 1288 2592 gens
1320 2508 1475 2591 reperiatur.

409 2609 638 2694 Quamobrem
669 2612 900 2677 collaudamus
923 2613 1073 2676 studium
1100 2623 1257 2690 vestrum,
1294 2621 1330 2678 et
1359 2605 1476 2694 quanvis

407 2715 580 2796 cognitum
607 2727 886 2801 perspectumque
908 2717 952 2780 sit
977 2716 1057 2798 quid
1079 2715 1200 2790 hacin
1232 2735 1267 2778 re
1299 2709 1475 2800 philosophia

407 2815 597 2898 christiana,
610 2821 725 2904 utique
741 2819 971 2884 consentiente
986 2819 1115 2883 ratione
1131 2818 1281 2896 naturali,
1297 2816 1474 2904 praescribat

406 2930 530 3002 tamen,
559 2945 635 2990 cum
667 2945 770 3008 prava
799 2925 986 2991 duellorum
1016 2923 1223 2989 consuetudo
1249 2923 1472 2990 christianorum

406 3037 660 3110 praeceptorum
676 3028 846 3094 oblivione
861 3021 1010 3093 maxime
1025 3027 1304 3111 alatur,expediet
1317 3036 1411 3112 atque
1419 3019 1474 3086 utile

406 3130 468 3195 erit
479 3131 512 3196 id
529 3135 640 3216 ipsum
651 3153 712 3216 per
728 3133 800 3198 Nos
816 3133 932 3218 paucis
947 3131 1104 3198 revocari.

449 3233 584 3302 Scilicet
600 3247 741 3322 utraque
751 3238 867 3302 divina
876 3237 1023 3315 lex,tum
1040 3255 1079 3300 ea
1095 3255 1182 3320 quae
1197 3236 1359 3302 naturalis
1370 3227 1474 3298 rationis

226 3491 298 3546 αφ,
316 3501 379 3533 reve.
403 3445 483 3520 gata
499 3450 559 3519 est,
578 3442 727 3507 districte
742 3451 858 3507 vetant
886 3462 927 3506 ne
953 3441 1028 3526 quis
1039 3449 1137 3505 extra
1162 3459 1316 3506 caussam
1338 3439 1472 3524 publicam

225 3546 286 3615 rara.
305 3548 354 3594 haec
403 3536 574 3603 hominem
586 3541 755 3606 interimat
765 3551 823 3606 aut
837 3541 998 3620 vulneret,
1017 3541 1079 3605 nisi
1095 3539 1213 3604 salutis
1228 3558 1310 3604 suae
1325 3535 1474 3605 defender-

220 3609 378 3710 mi'ssm'
403 3635 467 3700 dae
477 3641 806 3718 caussa,necessitate
817 3650 961 3704 coactus.
974 3641 1023 3706 At
1035 3641 1093 3724 qui
1103 3639 1145 3704 ad
1156 3639 1325 3723 privatum
1336 3647 1470 3702 certamen

224 3721 334 3778 mm·
402 3753 596 3818 provocant,
611 3741 663 3804 vel
680 3741 831 3806 oblatum
847 3741 1041 3825 suscipiunt,
1057 3742 1120 3804 hoc
1136 3751 1251 3824 agunt,
1271 3740 1337 3803 huc
1352 3739 1470 3802 animun

401 3831 555 3918 viresqud
571 3839 759 3921 intendunt,
774 3841 865 3904 nulla
881 3841 1079 3905 necessitate
1095 3839 1255 3915 adstricti,
1270 3849 1308 3904 ut
1324 3841 1416 3902 vitam
1429 3830 1470 3895 eri·

400 3935 496 4017 piant
512 3948 570 4002 aut
586 3939 705 4005 saltem
720 3941 841 4006 vulnus
857 3941 1002 4005 inierant
1016 3939 1216 4004 adversario
1237 3939 1388 4022 Utraque
1399 3947 1469 4018 porro
1525 3941 1526 3954 ³

400 4035 513 4101 divina
530 4039 586 4102 lex
602 4041 772 4106 interdicit
787 4060 829 4105 ne
844 4041 919 4123 quis
945 4050 1071 4104 temere
1095 4039 1200 4104 vitam
1224 4038 1374 4122 proiiciat
1393 4047 1469 4100 suam,

399 4138 493 4219 gravi
506 4149 539 4202 et
556 4140 734 4206 manifesto
749 4139 909 4205 obiiciens
924 4139 1117 4218 discrimini,
1133 4157 1236 4224 quum
1249 4139 1283 4202 id
1298 4137 1386 4201 nulla
1397 4126 1468 4196 officii

399 4245 458 4300 aut
473 4237 622 4304 caritatis
639 4242 875 4324 magnanimae
898 4241 982 4306 ratio
998 4240 1158 4318 suadeat;
1174 4237 1257 4304 haec
1275 4250 1383 4303 autern
1397 4245 1466 4297 mett
1524 4229 1525 4234 ’

400 4337 579 4416 temeritas,
600 4338 689 4403 vitae
704 4340 943 4423 contemptrix,
957 4339 1057 4423 plane
1072 4339 1160 4404 inest
1186 4338 1219 4402 in
1245 4349 1362 4404 natura
1385 4325 1467 4398 duelli·

399 4465 443 4477 -
459 4430 570 4513 Quare
586 4436 763 4503 obscurum
780 4440 905 4503 nemini
920 4449 979 4503 aut
994 4437 1134 4504 dubium
1157 4457 1230 4502 esse
1245 4448 1363 4522 potest,
1376 4437 1404 4500 in
1419 4445 1464 4498 e0⁵=
1523 4505 1524 4516 ,
