<?xml version="1.0" encoding="UTF-8"?>
<!DOCTYPE html PUBLIC "-//W3C//DTD XHTML 1.0 Transitional//EN"
    "http://www.w3.org/TR/xhtml1/DTD/xhtml1-transitional.dtd">
<html xmlns="http://www.w3.org/1999/xhtml" xml:lang="en" lang="en">
 <head>
  <title>
</title>
<meta http-equiv="Content-Type" content="text/html;charset=utf-8" />
  <meta name='ocr-system' content='tesseract 3.04.00' />
  <meta name='ocr-capabilities' content='ocr_page ocr_carea ocr_par ocr_line ocrx_word'/>
</head>
<body>
  <div class='ocr_page' id='page_1' title='image "./sanctissimidomi03xiiigoog_0554.png"; bbox 0 0 3172 4874; ppageno 0'>
   <div class='ocr_carea' id='block_1_1' title="bbox 398 364 1211 454">
    <p class='ocr_par' dir='ltr' id='par_1_1' title="bbox 398 364 1211 454">
     <span class='ocr_line' id='line_1_1' title="bbox 398 364 1211 454; baseline 0.005 -22"><span class='ocrx_word' id='word_1_1' title='bbox 398 381 449 432; x_wconf 82' lang='lat' dir='ltr'>ns</span> <span class='ocrx_word' id='word_1_2' title='bbox 467 381 706 434; x_wconf 77' lang='lat' dir='ltr'>couotmous</span> <span class='ocrx_word' id='word_1_3' title='bbox 723 381 918 436; x_wconf 77' lang='lat' dir='ltr'>0P1F10UM.</span> <span class='ocrx_word' id='word_1_4' title='bbox 1142 364 1211 454; x_wconf 88' lang='lat'>189</span> 
     </span>
    </p>
   </div>
   <div class='ocr_carea' id='block_1_2' title="bbox 102 558 1351 662">
    <p class='ocr_par' dir='ltr' id='par_1_2' title="bbox 102 558 1351 662">
     <span class='ocr_line' id='line_1_2' title="bbox 102 558 1351 662; baseline 0.002 -38"><span class='ocrx_word' id='word_1_5' title='bbox 102 558 240 643; x_wconf 82' lang='lat' dir='ltr'>perinde</span> <span class='ocrx_word' id='word_1_6' title='bbox 256 567 306 623; x_wconf 91' lang='lat' dir='ltr'>est</span> <span class='ocrx_word' id='word_1_7' title='bbox 321 579 361 623; x_wconf 87' lang='lat' dir='ltr'>ac</span> <span class='ocrx_word' id='word_1_8' title='bbox 377 559 439 623; x_wconf 91' lang='lat' dir='ltr'>sibi</span> <span class='ocrx_word' id='word_1_9' title='bbox 455 560 612 624; x_wconf 90' lang='lat' dir='ltr'>collatam</span> <span class='ocrx_word' id='word_1_10' title='bbox 628 570 829 643; x_wconf 86' lang='lat' dir='ltr'>negatamve</span> <span class='ocrx_word' id='word_1_11' title='bbox 853 560 1068 627; x_wconf 90' lang='lat' dir='ltr'>iudicaturus.</span> <span class='ocrx_word' id='word_1_12' title='bbox 1087 561 1210 642; x_wconf 85' lang='lat' dir='ltr'>Quam·</span> <span class='ocrx_word' id='word_1_13' title='bbox 1272 573 1351 662; x_wconf 43' lang='lat'>1425„</span> 
     </span>
    </p>
   </div>
   <div class='ocr_carea' id='block_1_3' title="bbox 102 661 1392 1164">
    <p class='ocr_par' dir='ltr' id='par_1_3' title="bbox 102 661 1392 1164">
     <span class='ocr_line' id='line_1_3' title="bbox 102 661 1346 748; baseline 0.002 -21"><span class='ocrx_word' id='word_1_14' title='bbox 102 662 160 727; x_wconf 81' lang='lat' dir='ltr'>diu</span> <span class='ocrx_word' id='word_1_15' title='bbox 164 663 284 744; x_wconf 83' lang='lat' dir='ltr'>fecisti</span> <span class='ocrx_word' id='word_1_16' title='bbox 298 661 359 728; x_wconf 84' lang='lat' dir='ltr'>uni</span> <span class='ocrx_word' id='word_1_17' title='bbox 366 685 405 728; x_wconf 80' lang='lat' dir='ltr'>ex</span> <span class='ocrx_word' id='word_1_18' title='bbox 413 663 467 728; x_wconf 64' lang='lat' dir='ltr'>halt</span> <span class='ocrx_word' id='word_1_19' title='bbox 470 664 643 744; x_wconf 81' lang='lat' dir='ltr'>fratribus</span> <span class='ocrx_word' id='word_1_20' title='bbox 658 662 738 728; x_wconf 83' lang='lat' dir='ltr'>meis</span> <span class='ocrx_word' id='word_1_21' title='bbox 752 662 912 742; x_wconf 84' lang='lat' dir='ltr'>minimis,</span> <span class='ocrx_word' id='word_1_22' title='bbox 927 662 1150 745; x_wconf 79' lang='lat' dir='ltr'>rnihisecistis</span> <span class='ocrx_word' id='word_1_23' title='bbox 1164 663 1211 748; x_wconf 69' lang='lat'>(¹)</span> <span class='ocrx_word' id='word_1_24' title='bbox 1282 671 1346 729; x_wconf 80' lang='lat'><em>1891·</em></span> 
     </span>
     <span class='ocr_line' id='line_1_4' title="bbox 147 765 1390 878; baseline 0.001 -47"><span class='ocrx_word' id='word_1_25' title='bbox 147 765 299 850; x_wconf 89' lang='lat' dir='ltr'>Quarum</span> <span class='ocrx_word' id='word_1_26' title='bbox 325 788 433 832; x_wconf 87' lang='lat' dir='ltr'>rerum</span> <span class='ocrx_word' id='word_1_27' title='bbox 460 768 544 833; x_wconf 90' lang='lat' dir='ltr'>baec</span> <span class='ocrx_word' id='word_1_28' title='bbox 570 787 702 832; x_wconf 88' lang='lat' dir='ltr'>summa</span> <span class='ocrx_word' id='word_1_29' title='bbox 728 777 803 846; x_wconf 91' lang='lat' dir='ltr'>est;</span> <span class='ocrx_word' id='word_1_30' title='bbox 830 769 1033 851; x_wconf 88' lang='lat' dir='ltr'><strong>quicumque</strong></span> <span class='ocrx_word' id='word_1_31' title='bbox 1050 769 1210 834; x_wconf 88' lang='lat' dir='ltr'>maiorem</span> <span class='ocrx_word' id='word_1_32' title='bbox 1238 831 1390 878; x_wconf 54' lang='lat' dir='ltr'>Mum</span> 
     </span>
     <span class='ocr_line' id='line_1_5' title="bbox 102 871 1347 956; baseline 0 -21"><span class='ocrx_word' id='word_1_33' title='bbox 102 871 236 955; x_wconf 91' lang='lat' dir='ltr'>copiam</span> <span class='ocrx_word' id='word_1_34' title='bbox 255 871 418 938; x_wconf 89' lang='lat' dir='ltr'>bonorum</span> <span class='ocrx_word' id='word_1_35' title='bbox 443 873 508 936; x_wconf 89' lang='lat' dir='ltr'>Dei</span> <span class='ocrx_word' id='word_1_36' title='bbox 534 891 671 938; x_wconf 89' lang='lat' dir='ltr'>munere</span> <span class='ocrx_word' id='word_1_37' title='bbox 697 873 837 955; x_wconf 90' lang='lat' dir='ltr'>accepit,</span> <span class='ocrx_word' id='word_1_38' title='bbox 853 873 923 937; x_wconf 92' lang='lat' dir='ltr'>sive</span> <span class='ocrx_word' id='word_1_39' title='bbox 938 873 1087 956; x_wconf 88' lang='lat' dir='ltr'>corporis</span> <span class='ocrx_word' id='word_1_40' title='bbox 1103 882 1138 937; x_wconf 92' lang='lat' dir='ltr'>et</span> <span class='ocrx_word' id='word_1_41' title='bbox 1153 893 1211 936; x_wconf 85' lang='lat' dir='ltr'>ex·</span> <span class='ocrx_word' id='word_1_42' title='bbox 1238 891 1347 936; x_wconf 75' lang='lat' dir='ltr'>Ecclesia</span> 
     </span>
     <span class='ocr_line' id='line_1_6' title="bbox 102 963 1391 1068; baseline 0 -28"><span class='ocrx_word' id='word_1_43' title='bbox 102 985 198 1040; x_wconf 90' lang='lat' dir='ltr'>terna</span> <span class='ocrx_word' id='word_1_44' title='bbox 225 975 302 1054; x_wconf 90' lang='lat' dir='ltr'>sint,</span> <span class='ocrx_word' id='word_1_45' title='bbox 328 977 398 1041; x_wconf 88' lang='lat' dir='ltr'>sive</span> <span class='ocrx_word' id='word_1_46' title='bbox 421 976 534 1054; x_wconf 88' lang='lat' dir='ltr'>animi,</span> <span class='ocrx_word' id='word_1_47' title='bbox 557 976 603 1040; x_wconf 94' lang='lat' dir='ltr'>ob</span> <span class='ocrx_word' id='word_1_48' title='bbox 628 977 716 1040; x_wconf 88' lang='lat' dir='ltr'>hanc</span> <span class='ocrx_word' id='word_1_49' title='bbox 743 996 896 1040; x_wconf 84' lang='lat' dir='ltr'><strong>caussam</strong></span> <span class='ocrx_word' id='word_1_50' title='bbox 922 977 1100 1059; x_wconf 88' lang='lat' dir='ltr'>accepisse,</span> <span class='ocrx_word' id='word_1_51' title='bbox 1116 986 1153 1042; x_wconf 91' lang='lat' dir='ltr'>ut</span> <span class='ocrx_word' id='word_1_52' title='bbox 1169 975 1212 1040; x_wconf 90' lang='lat' dir='ltr'>ad</span> <span class='ocrx_word' id='word_1_53' title='bbox 1238 963 1391 1068; x_wconf 46' lang='lat'>53:22¹?</span> 
     </span>
     <span class='ocr_line' id='line_1_7' title="bbox 102 1069 1392 1164; baseline 0.002 -23"><span class='ocrx_word' id='word_1_54' title='bbox 102 1076 343 1160; x_wconf 79' lang='lat' dir='ltr'>perfectionem</span> <span class='ocrx_word' id='word_1_55' title='bbox 370 1079 420 1143; x_wconf 92' lang='lat' dir='ltr'>sui</span> <span class='ocrx_word' id='word_1_56' title='bbox 450 1080 650 1164; x_wconf 87' lang='lat' dir='ltr'>pariterque,</span> <span class='ocrx_word' id='word_1_57' title='bbox 675 1079 767 1144; x_wconf 89' lang='lat' dir='ltr'>velut</span> <span class='ocrx_word' id='word_1_58' title='bbox 799 1079 950 1144; x_wconf 82' lang='lat' dir='ltr'>minister</span> <span class='ocrx_word' id='word_1_59' title='bbox 981 1080 1213 1162; x_wconf 88' lang='lat' dir='ltr'>providentiae</span> <span class='ocrx_word' id='word_1_60' title='bbox 1238 1069 1305 1126; x_wconf 54' lang='lat' dir='ltr'>“ff‘&#39;</span> <span class='ocrx_word' id='word_1_61' title='bbox 1324 1069 1392 1114; x_wconf 51' lang='grc' dir='ltr'><strong>Μ</strong></span> 
     </span>
    </p>
   </div>
   <div class='ocr_carea' id='block_1_4' title="bbox 103 1127 1392 1265">
    <p class='ocr_par' dir='ltr' id='par_1_4' title="bbox 103 1127 1392 1265">
     <span class='ocr_line' id='line_1_8' title="bbox 103 1127 1392 1265; baseline 0 -19"><span class='ocrx_word' id='word_1_62' title='bbox 103 1183 248 1260; x_wconf 91' lang='lat' dir='ltr'>divinae,</span> <span class='ocrx_word' id='word_1_63' title='bbox 258 1184 300 1246; x_wconf 91' lang='lat' dir='ltr'>ad</span> <span class='ocrx_word' id='word_1_64' title='bbox 311 1182 473 1248; x_wconf 89' lang='lat' dir='ltr'>utilitates</span> <span class='ocrx_word' id='word_1_65' title='bbox 485 1182 643 1248; x_wconf 86' lang='lat' dir='ltr'>adhibeat</span> <span class='ocrx_word' id='word_1_66' title='bbox 655 1191 851 1247; x_wconf 89' lang='lat' dir='ltr'>ceterorum.</span> <span class='ocrx_word' id='word_1_67' title='bbox 874 1181 1011 1246; x_wconf 82' lang='lat' dir='ltr'>Habeas</span> <span class='ocrx_word' id='word_1_68' title='bbox 1021 1203 1096 1265; x_wconf 75' lang='lat' dir='ltr'>ergo</span> <span class='ocrx_word' id='word_1_69' title='bbox 1112 1182 1213 1246; x_wconf 84' lang='lat' dir='ltr'>talen·</span> <span class='ocrx_word' id='word_1_70' title='bbox 1238 1127 1392 1232; x_wconf 41' lang='lat' dir='ltr'>{22:⁸25ss</span> 
     </span>
    </p>
   </div>
   <div class='ocr_carea' id='block_1_5' title="bbox 102 1247 1392 1578">
    <p class='ocr_par' dir='ltr' id='par_1_5' title="bbox 102 1247 1392 1578">
     <span class='ocr_line' id='line_1_9' title="bbox 103 1247 1392 1370; baseline -0.001 -19"><span class='ocrx_word' id='word_1_71' title='bbox 103 1297 183 1364; x_wconf 89' lang='lat' dir='ltr'>tum,</span> <span class='ocrx_word' id='word_1_72' title='bbox 197 1287 426 1351; x_wconf 84' lang='lat' dir='ltr'>euretomnino</span> <span class='ocrx_word' id='word_1_73' title='bbox 441 1307 479 1350; x_wconf 84' lang='lat' dir='ltr'>ne</span> <span class='ocrx_word' id='word_1_74' title='bbox 494 1296 622 1351; x_wconf 85' lang='lat' dir='ltr'>taceat:</span> <span class='ocrx_word' id='word_1_75' title='bbox 636 1286 756 1351; x_wconf 76' lang='lat' dir='ltr'>habens</span> <span class='ocrx_word' id='word_1_76' title='bbox 771 1307 881 1351; x_wconf 78' lang='lat' dir='ltr'>renem</span> <span class='ocrx_word' id='word_1_77' title='bbox 897 1286 1112 1370; x_wconf 85' lang='lat' dir='ltr'>affluentiam,</span> <span class='ocrx_word' id='word_1_78' title='bbox 1129 1286 1213 1368; x_wconf 61' lang='lat' dir='ltr'>orgi·</span> <span class='ocrx_word' id='word_1_79' title='bbox 1240 1247 1334 1351; x_wconf 59' lang='lat' dir='ltr'>irriti}</span> <span class='ocrx_word' id='word_1_80' title='bbox 1345 1259 1392 1292; x_wconf 76' lang='lat' dir='ltr'>ase</span> 
     </span>
     <span class='ocr_line' id='line_1_10' title="bbox 102 1390 1214 1474; baseline -0.001 -18"><span class='ocrx_word' id='word_1_81' title='bbox 102 1393 147 1456; x_wconf 91' lang='lat' dir='ltr'>let</span> <span class='ocrx_word' id='word_1_82' title='bbox 161 1411 199 1454; x_wconf 86' lang='lat' dir='ltr'>ne</span> <span class='ocrx_word' id='word_1_83' title='bbox 213 1413 234 1456; x_wconf 87' lang='lat' dir='ltr'>a</span> <span class='ocrx_word' id='word_1_84' title='bbox 250 1391 490 1454; x_wconf 78' lang='lat' dir='ltr'>misericordiae</span> <span class='ocrx_word' id='word_1_85' title='bbox 514 1391 670 1474; x_wconf 69' lang='lat' dir='ltr'>largitate</span> <span class='ocrx_word' id='word_1_86' title='bbox 694 1400 873 1473; x_wconf 69' lang='lat' dir='ltr'>torpescat:</span> <span class='ocrx_word' id='word_1_87' title='bbox 887 1390 1008 1456; x_wconf 69' lang='lat' dir='ltr'>liabens</span> <span class='ocrx_word' id='word_1_88' title='bbox 1029 1401 1134 1455; x_wconf 87' lang='lat' dir='ltr'>artem</span> <span class='ocrx_word' id='word_1_89' title='bbox 1149 1412 1214 1474; x_wconf 84' lang='lat' dir='ltr'>qua</span> 
     </span>
     <span class='ocr_line' id='line_1_11' title="bbox 102 1493 1215 1578; baseline 0.003 -22"><span class='ocrx_word' id='word_1_90' title='bbox 102 1493 238 1576; x_wconf 76' lang='lat' dir='ltr'>regitur,</span> <span class='ocrx_word' id='word_1_91' title='bbox 254 1505 444 1576; x_wconf 75' lang='lat' dir='ltr'>magnopere</span> <span class='ocrx_word' id='word_1_92' title='bbox 465 1493 595 1557; x_wconf 79' lang='lat' dir='ltr'>studeat</span> <span class='ocrx_word' id='word_1_93' title='bbox 620 1503 659 1557; x_wconf 84' lang='lat' dir='ltr'>ut</span> <span class='ocrx_word' id='word_1_94' title='bbox 682 1515 778 1558; x_wconf 81' lang='lat' dir='ltr'>usum</span> <span class='ocrx_word' id='word_1_95' title='bbox 805 1505 903 1578; x_wconf 86' lang='lat' dir='ltr'>atque</span> <span class='ocrx_word' id='word_1_96' title='bbox 928 1493 1106 1558; x_wconf 82' lang='lat' dir='ltr'>utilitatem</span> <span class='ocrx_word' id='word_1_97' title='bbox 1123 1495 1215 1559; x_wconf 85' lang='lat' dir='ltr'>illius</span> 
     </span>
    </p>
   </div>
   <div class='ocr_carea' id='block_1_6' title="bbox 102 1597 585 1681">
    <p class='ocr_par' dir='ltr' id='par_1_6' title="bbox 102 1597 585 1681">
     <span class='ocr_line' id='line_1_12' title="bbox 102 1597 585 1681; baseline 0 -19"><span class='ocrx_word' id='word_1_98' title='bbox 102 1617 175 1662; x_wconf 90' lang='lat' dir='ltr'>cum</span> <span class='ocrx_word' id='word_1_99' title='bbox 184 1597 337 1680; x_wconf 73' lang='lat' dir='ltr'>proximo</span> <span class='ocrx_word' id='word_1_100' title='bbox 343 1597 547 1681; x_wconf 70' lang='lat' dir='ltr'>partiatur(</span> <span class='ocrx_word' id='word_1_101' title='bbox 564 1599 585 1681; x_wconf 92' lang='lat'>).</span> 
     </span>
    </p>
   </div>
   <div class='ocr_carea' id='block_1_7' title="bbox 147 1701 1392 1830">
    <p class='ocr_par' dir='ltr' id='par_1_7' title="bbox 147 1701 1392 1830">
     <span class='ocr_line' id='line_1_13' title="bbox 147 1701 1391 1829; baseline 0.002 -64"><span class='ocrx_word' id='word_1_102' title='bbox 147 1702 252 1766; x_wconf 89' lang='lat' dir='ltr'>Bonis</span> <span class='ocrx_word' id='word_1_103' title='bbox 267 1711 380 1766; x_wconf 87' lang='lat' dir='ltr'>autern</span> <span class='ocrx_word' id='word_1_104' title='bbox 397 1702 550 1766; x_wconf 80' lang='lat' dir='ltr'>fortunae</span> <span class='ocrx_word' id='word_1_105' title='bbox 576 1703 633 1786; x_wconf 92' lang='lat' dir='ltr'>qui</span> <span class='ocrx_word' id='word_1_106' title='bbox 660 1712 805 1781; x_wconf 86' lang='lat' dir='ltr'>careant,</span> <span class='ocrx_word' id='word_1_107' title='bbox 824 1704 846 1766; x_wconf 91' lang='lat' dir='ltr'>ii</span> <span class='ocrx_word' id='word_1_108' title='bbox 863 1703 907 1767; x_wconf 90' lang='lat' dir='ltr'>ab</span> <span class='ocrx_word' id='word_1_109' title='bbox 925 1701 1079 1767; x_wconf 86' lang='lat' dir='ltr'>Ecclesia</span> <span class='ocrx_word' id='word_1_110' title='bbox 1095 1702 1214 1784; x_wconf 92' lang='lat' dir='ltr'>perdo·</span> <span class='ocrx_word' id='word_1_111' title='bbox 1241 1721 1391 1829; x_wconf 54' lang='lat' dir='ltr'>poagia-</span> 
     </span>
     <span class='ocr_line' id='line_1_14' title="bbox 1241 1797 1392 1830; baseline 0 0"><span class='ocrx_word' id='word_1_112' title='bbox 1241 1797 1308 1830; x_wconf 70' lang='lat' dir='ltr'>mum</span> <span class='ocrx_word' id='word_1_113' title='bbox 1338 1797 1392 1830; x_wconf 79' lang='lat' dir='ltr'>oms</span> 
     </span>
    </p>
   </div>
   <div class='ocr_carea' id='block_1_8' title="bbox 104 1805 1394 2208">
    <p class='ocr_par' dir='ltr' id='par_1_8' title="bbox 104 1805 1394 2208">
     <span class='ocr_line' id='line_1_15' title="bbox 104 1805 1393 1890; baseline 0.005 -19"><span class='ocrx_word' id='word_1_114' title='bbox 104 1814 230 1885; x_wconf 85' lang='lat' dir='ltr'>centur,</span> <span class='ocrx_word' id='word_1_115' title='bbox 247 1826 315 1869; x_wconf 91' lang='lat' dir='ltr'>non</span> <span class='ocrx_word' id='word_1_116' title='bbox 331 1805 453 1887; x_wconf 92' lang='lat' dir='ltr'>probro</span> <span class='ocrx_word' id='word_1_117' title='bbox 465 1806 589 1885; x_wconf 87' lang='lat' dir='ltr'>haberi,</span> <span class='ocrx_word' id='word_1_118' title='bbox 605 1805 680 1872; x_wconf 93' lang='lat' dir='ltr'>Deo</span> <span class='ocrx_word' id='word_1_119' title='bbox 703 1808 821 1885; x_wconf 89' lang='lat' dir='ltr'>iudice,</span> <span class='ocrx_word' id='word_1_120' title='bbox 837 1816 1082 1890; x_wconf 88' lang='lat' dir='ltr'>paupertatem,</span> <span class='ocrx_word' id='word_1_121' title='bbox 1097 1825 1158 1870; x_wconf 90' lang='lat' dir='ltr'>nec</span> <span class='ocrx_word' id='word_1_122' title='bbox 1174 1824 1215 1869; x_wconf 89' lang='lat' dir='ltr'>eo</span> <span class='ocrx_word' id='word_1_123' title='bbox 1240 1845 1345 1890; x_wconf 76' lang='lat' dir='ltr'>fortunae</span> <span class='ocrx_word' id='word_1_124' title='bbox 1353 1856 1393 1890; x_wconf 70' lang='lat' dir='ltr'>a·</span> 
     </span>
     <span class='ocr_line' id='line_1_16' title="bbox 105 1908 1393 2028; baseline -0.002 -56"><span class='ocrx_word' id='word_1_125' title='bbox 105 1910 312 1992; x_wconf 91' lang='lat' dir='ltr'>pudendum,</span> <span class='ocrx_word' id='word_1_126' title='bbox 323 1911 414 1992; x_wconf 93' lang='lat' dir='ltr'>quod</span> <span class='ocrx_word' id='word_1_127' title='bbox 427 1911 533 1975; x_wconf 91' lang='lat' dir='ltr'>victus</span> <span class='ocrx_word' id='word_1_128' title='bbox 545 1910 659 1975; x_wconf 87' lang='lat' dir='ltr'>labore</span> <span class='ocrx_word' id='word_1_129' title='bbox 674 1921 863 1994; x_wconf 88' lang='lat' dir='ltr'>quaeratur.</span> <span class='ocrx_word' id='word_1_130' title='bbox 881 1911 990 1992; x_wconf 90' lang='lat' dir='ltr'>quue</span> <span class='ocrx_word' id='word_1_131' title='bbox 1005 1908 1214 1975; x_wconf 90' lang='lat' dir='ltr'>confirmavit</span> <span class='ocrx_word' id='word_1_132' title='bbox 1241 1911 1393 2028; x_wconf 31' lang='lat' dir='ltr'>‘weff-</span> 
     </span>
     <span class='ocr_line' id='line_1_17' title="bbox 105 2013 1394 2097; baseline -0.002 -21"><span class='ocrx_word' id='word_1_133' title='bbox 105 2034 140 2076; x_wconf 89' lang='lat' dir='ltr'>re</span> <span class='ocrx_word' id='word_1_134' title='bbox 156 2022 190 2077; x_wconf 91' lang='lat' dir='ltr'>et</span> <span class='ocrx_word' id='word_1_135' title='bbox 206 2013 296 2077; x_wconf 89' lang='lat' dir='ltr'>facto</span> <span class='ocrx_word' id='word_1_136' title='bbox 312 2013 464 2078; x_wconf 91' lang='lat' dir='ltr'>Christus</span> <span class='ocrx_word' id='word_1_137' title='bbox 481 2015 658 2092; x_wconf 88' lang='lat' dir='ltr'>Dominus,</span> <span class='ocrx_word' id='word_1_138' title='bbox 670 2015 727 2096; x_wconf 93' lang='lat' dir='ltr'>qui</span> <span class='ocrx_word' id='word_1_139' title='bbox 746 2036 808 2097; x_wconf 92' lang='lat' dir='ltr'>pro</span> <span class='ocrx_word' id='word_1_140' title='bbox 824 2015 932 2078; x_wconf 86' lang='lat' dir='ltr'>salute</span> <span class='ocrx_word' id='word_1_141' title='bbox 955 2013 1131 2078; x_wconf 89' lang='lat' dir='ltr'>hominum</span> <span class='ocrx_word' id='word_1_142' title='bbox 1147 2032 1215 2095; x_wconf 88' lang='lat' dir='ltr'>ege·</span> <span class='ocrx_word' id='word_1_143' title='bbox 1237 2042 1317 2088; x_wconf 63' lang='lat' dir='ltr'>gnua</span> <span class='ocrx_word' id='word_1_144' title='bbox 1348 2042 1394 2075; x_wconf 74' lang='lat' dir='ltr'>ase</span> 
     </span>
     <span class='ocr_line' id='line_1_18' title="bbox 104 2094 1394 2208; baseline -0.002 -28"><span class='ocrx_word' id='word_1_145' title='bbox 104 2138 168 2180; x_wconf 80' lang='lat' dir='ltr'>aas</span> <span class='ocrx_word' id='word_1_146' title='bbox 177 2117 296 2199; x_wconf 84' lang='lat' dir='ltr'>factus</span> <span class='ocrx_word' id='word_1_147' title='bbox 314 2127 371 2194; x_wconf 86' lang='lat' dir='ltr'>est,</span> <span class='ocrx_word' id='word_1_148' title='bbox 385 2137 458 2181; x_wconf 87' lang='lat' dir='ltr'>cum</span> <span class='ocrx_word' id='word_1_149' title='bbox 475 2127 554 2181; x_wconf 84' lang='lat' dir='ltr'>esset</span> <span class='ocrx_word' id='word_1_150' title='bbox 568 2118 660 2180; x_wconf 72' lang='lat' dir='ltr'>debes</span> <span class='ocrx_word' id='word_1_151' title='bbox 674 2117 737 2200; x_wconf 76' lang='lat'>(³):</span> <span class='ocrx_word' id='word_1_152' title='bbox 753 2137 897 2200; x_wconf 89' lang='lat' dir='ltr'>cumque</span> <span class='ocrx_word' id='word_1_153' title='bbox 924 2127 1011 2182; x_wconf 90' lang='lat' dir='ltr'>esset</span> <span class='ocrx_word' id='word_1_154' title='bbox 1028 2116 1133 2180; x_wconf 93' lang='lat' dir='ltr'>Filius</span> <span class='ocrx_word' id='word_1_155' title='bbox 1151 2115 1215 2177; x_wconf 88' lang='lat' dir='ltr'>Dei</span> <span class='ocrx_word' id='word_1_156' title='bbox 1241 2094 1394 2208; x_wconf 55' lang='lat' dir='ltr'>mmm,</span> 
     </span>
    </p>
   </div>
   <div class='ocr_carea' id='block_1_9' title="bbox 104 2207 1393 2327">
    <p class='ocr_par' dir='ltr' id='par_1_9' title="bbox 104 2207 1393 2327">
     <span class='ocr_line' id='line_1_19' title="bbox 104 2207 1393 2327; baseline 0.002 -40"><span class='ocrx_word' id='word_1_157' title='bbox 104 2245 144 2288; x_wconf 86' lang='lat' dir='ltr'>ac</span> <span class='ocrx_word' id='word_1_158' title='bbox 158 2224 251 2289; x_wconf 90' lang='lat' dir='ltr'>Deus</span> <span class='ocrx_word' id='word_1_159' title='bbox 265 2223 415 2306; x_wconf 89' lang='lat' dir='ltr'>ipsemet,</span> <span class='ocrx_word' id='word_1_160' title='bbox 424 2225 529 2288; x_wconf 89' lang='lat' dir='ltr'>videri</span> <span class='ocrx_word' id='word_1_161' title='bbox 553 2234 667 2288; x_wconf 87' lang='lat' dir='ltr'>tamen</span> <span class='ocrx_word' id='word_1_162' title='bbox 695 2244 734 2289; x_wconf 90' lang='lat' dir='ltr'>ac</span> <span class='ocrx_word' id='word_1_163' title='bbox 749 2225 859 2307; x_wconf 90' lang='lat' dir='ltr'>putari</span> <span class='ocrx_word' id='word_1_164' title='bbox 884 2225 969 2289; x_wconf 92' lang='lat' dir='ltr'>fabri</span> <span class='ocrx_word' id='word_1_165' title='bbox 986 2222 1073 2286; x_wconf 92' lang='lat' dir='ltr'>filius</span> <span class='ocrx_word' id='word_1_166' title='bbox 1088 2222 1217 2286; x_wconf 88' lang='lat' dir='ltr'>voluit:</span> <span class='ocrx_word' id='word_1_167' title='bbox 1238 2207 1393 2327; x_wconf 47' lang='grc' dir='ltr'>ἶῖιῇζζζῗῖ</span> 
     </span>
    </p>
   </div>
   <div class='ocr_carea' id='block_1_10' title="bbox 105 2325 1475 4072">
    <p class='ocr_par' dir='ltr' id='par_1_10' title="bbox 105 2325 1475 4072">
     <span class='ocr_line' id='line_1_20' title="bbox 106 2325 1396 2438; baseline 0.003 -46"><span class='ocrx_word' id='word_1_168' title='bbox 106 2329 187 2411; x_wconf 93' lang='lat' dir='ltr'>quin</span> <span class='ocrx_word' id='word_1_169' title='bbox 204 2329 306 2392; x_wconf 90' lang='lat' dir='ltr'>etiam</span> <span class='ocrx_word' id='word_1_170' title='bbox 319 2349 475 2411; x_wconf 83' lang='lat' dir='ltr'>magnam</span> <span class='ocrx_word' id='word_1_171' title='bbox 488 2329 577 2393; x_wconf 90' lang='lat' dir='ltr'>vitae</span> <span class='ocrx_word' id='word_1_172' title='bbox 587 2337 717 2411; x_wconf 88' lang='lat' dir='ltr'>partem</span> <span class='ocrx_word' id='word_1_173' title='bbox 738 2329 771 2392; x_wconf 88' lang='lat' dir='ltr'>in</span> <span class='ocrx_word' id='word_1_174' title='bbox 783 2350 884 2411; x_wconf 90' lang='lat' dir='ltr'>opere</span> <span class='ocrx_word' id='word_1_175' title='bbox 895 2328 1003 2393; x_wconf 78' lang='lat' dir='ltr'>fabrili</span> <span class='ocrx_word' id='word_1_176' title='bbox 1020 2345 1217 2390; x_wconf 89' lang='lat' dir='ltr'>consumere</span> <span class='ocrx_word' id='word_1_177' title='bbox 1243 2325 1396 2438; x_wconf 49' lang='lat' dir='ltr'>dlisverfft</span> 
     </span>
     <span class='ocr_line' id='line_1_21' title="bbox 106 2407 1394 2520; baseline -0.002 -24"><span class='ocrx_word' id='word_1_178' title='bbox 106 2452 175 2496; x_wconf 92' lang='lat' dir='ltr'>non</span> <span class='ocrx_word' id='word_1_179' title='bbox 195 2433 368 2495; x_wconf 90' lang='lat' dir='ltr'>recusavit.</span> <span class='ocrx_word' id='word_1_180' title='bbox 380 2432 498 2497; x_wconf 88' lang='lat' dir='ltr'>Nonne</span> <span class='ocrx_word' id='word_1_181' title='bbox 515 2432 568 2496; x_wconf 79' lang='lat' dir='ltr'>hic</span> <span class='ocrx_word' id='word_1_182' title='bbox 585 2432 744 2514; x_wconf 82' lang='lat' dir='ltr'>estsaber,</span> <span class='ocrx_word' id='word_1_183' title='bbox 751 2433 853 2517; x_wconf 85' lang='lat' dir='ltr'>filius</span> <span class='ocrx_word' id='word_1_184' title='bbox 867 2433 1005 2500; x_wconf 83' lang='lat' dir='ltr'>Mariae</span> <span class='ocrx_word' id='word_1_185' title='bbox 1019 2435 1088 2520; x_wconf 78' lang='lat'><strong>(4)?</strong></span> <span class='ocrx_word' id='word_1_186' title='bbox 1107 2436 1218 2500; x_wconf 88' lang='lat' dir='ltr'>Huius</span> <span class='ocrx_word' id='word_1_187' title='bbox 1244 2407 1394 2520; x_wconf 46' lang='lat' dir='ltr'>amida</span> 
     </span>
     <span class='ocr_line' id='line_1_22' title="bbox 107 2516 1396 2620; baseline 0.001 -19"><span class='ocrx_word' id='word_1_188' title='bbox 107 2531 324 2612; x_wconf 81' lang='lat' dir='ltr'>divinitatem</span> <span class='ocrx_word' id='word_1_189' title='bbox 341 2535 489 2618; x_wconf 84' lang='lat' dir='ltr'>exempli</span> <span class='ocrx_word' id='word_1_190' title='bbox 508 2537 723 2615; x_wconf 88' lang='lat' dir='ltr'>intuentibus,</span> <span class='ocrx_word' id='word_1_191' title='bbox 749 2557 788 2600; x_wconf 92' lang='lat' dir='ltr'>ea</span> <span class='ocrx_word' id='word_1_192' title='bbox 813 2537 942 2601; x_wconf 83' lang='lat' dir='ltr'>facilius</span> <span class='ocrx_word' id='word_1_193' title='bbox 965 2539 1219 2620; x_wconf 85' lang='lat' dir='ltr'>intelliguntur:</span> <span class='ocrx_word' id='word_1_194' title='bbox 1244 2516 1396 2571; x_wconf 46' lang='lat' dir='ltr'>“ulmum</span> 
     </span>
     <span class='ocr_line' id='line_1_23' title="bbox 105 2638 1218 2722; baseline 0.001 -18"><span class='ocrx_word' id='word_1_195' title='bbox 105 2659 221 2704; x_wconf 90' lang='lat' dir='ltr'>veram</span> <span class='ocrx_word' id='word_1_196' title='bbox 244 2638 392 2703; x_wconf 89' lang='lat' dir='ltr'>hominis</span> <span class='ocrx_word' id='word_1_197' title='bbox 406 2640 606 2722; x_wconf 85' lang='lat' dir='ltr'>dignitatem</span> <span class='ocrx_word' id='word_1_198' title='bbox 623 2649 724 2722; x_wconf 86' lang='lat' dir='ltr'>atque</span> <span class='ocrx_word' id='word_1_199' title='bbox 747 2639 984 2705; x_wconf 86' lang='lat' dir='ltr'>excellentiam</span> <span class='ocrx_word' id='word_1_200' title='bbox 1010 2641 1043 2706; x_wconf 87' lang='lat' dir='ltr'>in</span> <span class='ocrx_word' id='word_1_201' title='bbox 1070 2641 1218 2705; x_wconf 89' lang='lat' dir='ltr'>moribus</span> 
     </span>
     <span class='ocr_line' id='line_1_24' title="bbox 107 2740 1219 2824; baseline 0.005 -20"><span class='ocrx_word' id='word_1_202' title='bbox 107 2761 189 2820; x_wconf 89' lang='lat' dir='ltr'>esse,</span> <span class='ocrx_word' id='word_1_203' title='bbox 208 2740 275 2805; x_wconf 91' lang='lat' dir='ltr'>hoc</span> <span class='ocrx_word' id='word_1_204' title='bbox 287 2750 337 2806; x_wconf 93' lang='lat' dir='ltr'>est</span> <span class='ocrx_word' id='word_1_205' title='bbox 353 2742 386 2806; x_wconf 92' lang='lat' dir='ltr'>in</span> <span class='ocrx_word' id='word_1_206' title='bbox 402 2742 534 2820; x_wconf 89' lang='lat' dir='ltr'>virtute,</span> <span class='ocrx_word' id='word_1_207' title='bbox 555 2743 723 2824; x_wconf 89' lang='lat' dir='ltr'>positam:</span> <span class='ocrx_word' id='word_1_208' title='bbox 747 2743 905 2808; x_wconf 92' lang='lat' dir='ltr'>virtutem</span> <span class='ocrx_word' id='word_1_209' title='bbox 934 2764 1014 2808; x_wconf 90' lang='lat' dir='ltr'>vero</span> <span class='ocrx_word' id='word_1_210' title='bbox 1040 2765 1219 2810; x_wconf 88' lang='lat' dir='ltr'>commune</span> 
     </span>
     <span class='ocr_line' id='line_1_25' title="bbox 109 2845 1218 2934; baseline 0.004 -23"><span class='ocrx_word' id='word_1_211' title='bbox 109 2845 312 2911; x_wconf 88' lang='lat' dir='ltr'>mortalibus</span> <span class='ocrx_word' id='word_1_212' title='bbox 328 2845 576 2930; x_wconf 88' lang='lat' dir='ltr'>patrimonium,</span> <span class='ocrx_word' id='word_1_213' title='bbox 591 2846 668 2910; x_wconf 89' lang='lat' dir='ltr'>imis</span> <span class='ocrx_word' id='word_1_214' title='bbox 686 2857 720 2911; x_wconf 92' lang='lat' dir='ltr'>et</span> <span class='ocrx_word' id='word_1_215' title='bbox 740 2849 889 2926; x_wconf 80' lang='lat' dir='ltr'>summiS,</span> <span class='ocrx_word' id='word_1_216' title='bbox 912 2849 1073 2914; x_wconf 90' lang='lat' dir='ltr'>divitibus</span> <span class='ocrx_word' id='word_1_217' title='bbox 1089 2859 1122 2914; x_wconf 92' lang='lat' dir='ltr'>et</span> <span class='ocrx_word' id='word_1_218' title='bbox 1143 2871 1218 2934; x_wconf 90' lang='lat' dir='ltr'>pro·</span> 
     </span>
     <span class='ocr_line' id='line_1_26' title="bbox 109 2949 1219 3036; baseline 0.005 -22"><span class='ocrx_word' id='word_1_219' title='bbox 109 2949 236 3015; x_wconf 90' lang='lat' dir='ltr'>letariis</span> <span class='ocrx_word' id='word_1_220' title='bbox 254 2969 360 3032; x_wconf 87' lang='lat' dir='ltr'>aeque</span> <span class='ocrx_word' id='word_1_221' title='bbox 376 2949 536 3033; x_wconf 91' lang='lat' dir='ltr'>parabile:</span> <span class='ocrx_word' id='word_1_222' title='bbox 551 2969 611 3014; x_wconf 91' lang='lat' dir='ltr'>nec</span> <span class='ocrx_word' id='word_1_223' title='bbox 622 2949 713 3014; x_wconf 91' lang='lat' dir='ltr'>aliud</span> <span class='ocrx_word' id='word_1_224' title='bbox 724 2951 896 3034; x_wconf 90' lang='lat' dir='ltr'>quippiam</span> <span class='ocrx_word' id='word_1_225' title='bbox 911 2971 1013 3036; x_wconf 88' lang='lat' dir='ltr'>quarn</span> <span class='ocrx_word' id='word_1_226' title='bbox 1025 2953 1164 3018; x_wconf 89' lang='lat' dir='ltr'>virtutes</span> <span class='ocrx_word' id='word_1_227' title='bbox 1185 2963 1219 3020; x_wconf 90' lang='lat' dir='ltr'>et</span> 
     </span>
     <span class='ocr_line' id='line_1_27' title="bbox 110 3053 1219 3136; baseline 0.003 -18"><span class='ocrx_word' id='word_1_228' title='bbox 110 3055 242 3131; x_wconf 89' lang='lat' dir='ltr'>merita,</span> <span class='ocrx_word' id='word_1_229' title='bbox 257 3053 292 3116; x_wconf 94' lang='lat' dir='ltr'>in</span> <span class='ocrx_word' id='word_1_230' title='bbox 307 3072 518 3136; x_wconf 87' lang='lat' dir='ltr'>quocumque</span> <span class='ocrx_word' id='word_1_231' title='bbox 544 3053 760 3136; x_wconf 87' lang='lat' dir='ltr'>reperiantur,</span> <span class='ocrx_word' id='word_1_232' title='bbox 785 3055 973 3120; x_wconf 87' lang='lat' dir='ltr'>mercedem</span> <span class='ocrx_word' id='word_1_233' title='bbox 1001 3058 1219 3122; x_wconf 89' lang='lat' dir='ltr'>beatitudinis</span> 
     </span>
     <span class='ocr_line' id='line_1_28' title="bbox 109 3156 1397 3253; baseline 0.005 -30"><span class='ocrx_word' id='word_1_234' title='bbox 109 3166 268 3223; x_wconf 88' lang='lat' dir='ltr'>aeternae</span> <span class='ocrx_word' id='word_1_235' title='bbox 283 3165 509 3239; x_wconf 89' lang='lat' dir='ltr'>sequuturam.</span> <span class='ocrx_word' id='word_1_236' title='bbox 534 3156 645 3221; x_wconf 89' lang='lat' dir='ltr'>Immo</span> <span class='ocrx_word' id='word_1_237' title='bbox 661 3179 739 3223; x_wconf 91' lang='lat' dir='ltr'>vero</span> <span class='ocrx_word' id='word_1_238' title='bbox 765 3157 798 3222; x_wconf 90' lang='lat' dir='ltr'>in</span> <span class='ocrx_word' id='word_1_239' title='bbox 822 3159 1097 3225; x_wconf 88' lang='lat' dir='ltr'>calamitosorum</span> <span class='ocrx_word' id='word_1_240' title='bbox 1112 3182 1219 3244; x_wconf 86' lang='lat' dir='ltr'>genus</span> <span class='ocrx_word' id='word_1_241' title='bbox 1244 3179 1279 3253; x_wconf 65' lang='grc' dir='ltr'>γ)</span> <span class='ocrx_word' id='word_1_242' title='bbox 1296 3190 1397 3244; x_wconf 71' lang='lat' dir='ltr'>propen-</span> 
     </span>
     <span class='ocr_line' id='line_1_29' title="bbox 108 3257 1399 3362; baseline 0.005 -38"><span class='ocrx_word' id='word_1_243' title='bbox 108 3260 309 3344; x_wconf 90' lang='lat' dir='ltr'>propensior</span> <span class='ocrx_word' id='word_1_244' title='bbox 326 3259 391 3324; x_wconf 90' lang='lat' dir='ltr'>Dei</span> <span class='ocrx_word' id='word_1_245' title='bbox 408 3261 512 3344; x_wconf 89' lang='lat' dir='ltr'>ipsius</span> <span class='ocrx_word' id='word_1_246' title='bbox 527 3261 658 3326; x_wconf 90' lang='lat' dir='ltr'>videtur</span> <span class='ocrx_word' id='word_1_247' title='bbox 673 3261 828 3327; x_wconf 89' lang='lat' dir='ltr'>voluntas</span> <span class='ocrx_word' id='word_1_248' title='bbox 844 3286 853 3327; x_wconf 75' lang='grc' dir='ltr'><strong>ι</strong></span> <span class='ocrx_word' id='word_1_249' title='bbox 869 3263 987 3329; x_wconf 83' lang='lat' dir='ltr'>beatos</span> <span class='ocrx_word' id='word_1_250' title='bbox 1004 3264 1092 3328; x_wconf 90' lang='lat' dir='ltr'>enim</span> <span class='ocrx_word' id='word_1_251' title='bbox 1112 3266 1219 3331; x_wconf 74' lang='lat' dir='ltr'>lusus</span> <span class='ocrx_word' id='word_1_252' title='bbox 1245 3257 1399 3362; x_wconf 53' lang='lat' dir='ltr'>Zss‘sspjss</span> 
     </span>
     <span class='ocr_line' id='line_1_30' title="bbox 111 3364 1398 3468; baseline 0.002 -37"><span class='ocrx_word' id='word_1_253' title='bbox 111 3365 306 3431; x_wconf 74' lang='lat' dir='ltr'>CHRISTUS</span> <span class='ocrx_word' id='word_1_254' title='bbox 324 3375 495 3448; x_wconf 88' lang='lat' dir='ltr'>nuncupat</span> <span class='ocrx_word' id='word_1_255' title='bbox 504 3385 667 3448; x_wconf 89' lang='lat' dir='ltr'>pauperes</span> <span class='ocrx_word' id='word_1_256' title='bbox 681 3364 738 3450; x_wconf 88' lang='lat'><strong>(⁵):</strong></span> <span class='ocrx_word' id='word_1_257' title='bbox 751 3367 869 3432; x_wconf 87' lang='lat' dir='ltr'>invitat</span> <span class='ocrx_word' id='word_1_258' title='bbox 887 3378 1100 3451; x_wconf 90' lang='lat' dir='ltr'>peramanter</span> <span class='ocrx_word' id='word_1_259' title='bbox 1116 3370 1158 3433; x_wconf 91' lang='lat' dir='ltr'>ad</span> <span class='ocrx_word' id='word_1_260' title='bbox 1175 3389 1220 3448; x_wconf 88' lang='lat' dir='ltr'>se,</span> <span class='ocrx_word' id='word_1_261' title='bbox 1243 3364 1398 3468; x_wconf 39' lang='lat' dir='ltr'>&amp;mm</span> 
     </span>
     <span class='ocr_line' id='line_1_31' title="bbox 111 3468 1437 3556; baseline 0.005 -22"><span class='ocrx_word' id='word_1_262' title='bbox 111 3469 222 3534; x_wconf 88' lang='lat' dir='ltr'>solatii</span> <span class='ocrx_word' id='word_1_263' title='bbox 234 3489 362 3547; x_wconf 83' lang='lat' dir='ltr'>caussa,</span> <span class='ocrx_word' id='word_1_264' title='bbox 373 3469 574 3553; x_wconf 91' lang='lat' dir='ltr'>quicumque</span> <span class='ocrx_word' id='word_1_265' title='bbox 585 3472 617 3535; x_wconf 91' lang='lat' dir='ltr'>in</span> <span class='ocrx_word' id='word_1_266' title='bbox 631 3468 744 3534; x_wconf 88' lang='lat' dir='ltr'>labore</span> <span class='ocrx_word' id='word_1_267' title='bbox 756 3471 823 3536; x_wconf 91' lang='lat' dir='ltr'>sint</span> <span class='ocrx_word' id='word_1_268' title='bbox 835 3493 874 3536; x_wconf 91' lang='lat' dir='ltr'>ac</span> <span class='ocrx_word' id='word_1_269' title='bbox 887 3471 978 3538; x_wconf 91' lang='lat' dir='ltr'>luctu</span> <span class='ocrx_word' id='word_1_270' title='bbox 991 3470 1032 3556; x_wconf 83' lang='lat'>(⁶)</span> <span class='ocrx_word' id='word_1_271' title='bbox 1048 3499 1055 3538; x_wconf 77' lang='grc' dir='ltr'><strong>ι</strong></span> <span class='ocrx_word' id='word_1_272' title='bbox 1071 3473 1220 3539; x_wconf 88' lang='lat' dir='ltr'>infirmos</span> <span class='ocrx_word' id='word_1_273' title='bbox 1246 3485 1299 3527; x_wconf 57' lang='lat' dir='ltr'>ko*</span> <span class='ocrx_word' id='word_1_274' title='bbox 1433 3469 1437 3476; x_wconf 80' lang='grc'><strong>’</strong></span> 
     </span>
     <span class='ocr_line' id='line_1_32' title="bbox 111 3573 1398 3686; baseline 0.004 -47"><span class='ocrx_word' id='word_1_275' title='bbox 111 3584 146 3639; x_wconf 90' lang='lat' dir='ltr'>et</span> <span class='ocrx_word' id='word_1_276' title='bbox 160 3574 285 3638; x_wconf 89' lang='lat' dir='ltr'>iniuria</span> <span class='ocrx_word' id='word_1_277' title='bbox 294 3581 437 3638; x_wconf 89' lang='lat' dir='ltr'>vexatos</span> <span class='ocrx_word' id='word_1_278' title='bbox 451 3573 685 3655; x_wconf 90' lang='lat' dir='ltr'>complectitur</span> <span class='ocrx_word' id='word_1_279' title='bbox 696 3575 835 3640; x_wconf 89' lang='lat' dir='ltr'>caritate</span> <span class='ocrx_word' id='word_1_280' title='bbox 860 3575 1051 3658; x_wconf 88' lang='lat' dir='ltr'>praecipua.</span> <span class='ocrx_word' id='word_1_281' title='bbox 1068 3575 1219 3660; x_wconf 85' lang='lat' dir='ltr'>Quarum</span> <span class='ocrx_word' id='word_1_282' title='bbox 1310 3639 1339 3686; x_wconf 76' lang='lat' dir='ltr'>o</span> <span class='ocrx_word' id='word_1_283' title='bbox 1352 3639 1398 3686; x_wconf 46' lang='lat' dir='ltr'><strong><em>m</em></strong></span> 
     </span>
     <span class='ocr_line' id='line_1_33' title="bbox 111 3640 1398 3770; baseline 0.002 -27"><span class='ocrx_word' id='word_1_284' title='bbox 111 3678 307 3762; x_wconf 85' lang='lat' dir='ltr'>cognitione</span> <span class='ocrx_word' id='word_1_285' title='bbox 323 3697 431 3742; x_wconf 89' lang='lat' dir='ltr'>rerum</span> <span class='ocrx_word' id='word_1_286' title='bbox 448 3677 544 3742; x_wconf 90' lang='lat' dir='ltr'>facile</span> <span class='ocrx_word' id='word_1_287' title='bbox 560 3677 591 3740; x_wconf 91' lang='lat' dir='ltr'>in</span> <span class='ocrx_word' id='word_1_288' title='bbox 607 3677 785 3742; x_wconf 90' lang='lat' dir='ltr'>fortunatis</span> <span class='ocrx_word' id='word_1_289' title='bbox 795 3679 1140 3762; x_wconf 89' lang='lat' dir='ltr'>deprimiturtumens</span> <span class='ocrx_word' id='word_1_290' title='bbox 1151 3683 1220 3747; x_wconf 92' lang='lat' dir='ltr'>ani·</span> <span class='ocrx_word' id='word_1_291' title='bbox 1247 3640 1398 3770; x_wconf 48' lang='lat' dir='ltr'>vigintim-</span> 
     </span>
     <span class='ocr_line' id='line_1_34' title="bbox 112 3764 1475 3866; baseline 0.005 -20"><span class='ocrx_word' id='word_1_292' title='bbox 112 3803 197 3860; x_wconf 86' lang='lat' dir='ltr'>mus,</span> <span class='ocrx_word' id='word_1_293' title='bbox 212 3782 247 3846; x_wconf 91' lang='lat' dir='ltr'>in</span> <span class='ocrx_word' id='word_1_294' title='bbox 261 3781 469 3846; x_wconf 85' lang='lat' dir='ltr'>aerumnosis</span> <span class='ocrx_word' id='word_1_295' title='bbox 481 3781 646 3846; x_wconf 86' lang='lat' dir='ltr'>demissus</span> <span class='ocrx_word' id='word_1_296' title='bbox 658 3781 843 3848; x_wconf 86' lang='lat' dir='ltr'>extollitur:</span> <span class='ocrx_word' id='word_1_297' title='bbox 855 3783 951 3848; x_wconf 84' lang='lat' dir='ltr'>alteri</span> <span class='ocrx_word' id='word_1_298' title='bbox 962 3784 1004 3848; x_wconf 88' lang='lat' dir='ltr'>ad</span> <span class='ocrx_word' id='word_1_299' title='bbox 1016 3783 1221 3866; x_wconf 89' lang='lat' dir='ltr'>facilitatem,</span> <span class='ocrx_word' id='word_1_300' title='bbox 1246 3764 1358 3864; x_wconf 43' lang='lat' dir='ltr'>wlff?</span> <span class='ocrx_word' id='word_1_301' title='bbox 1372 3833 1398 3866; x_wconf 80' lang='lat' dir='ltr'>a·</span> <span class='ocrx_word' id='word_1_302' title='bbox 1470 3795 1475 3804; x_wconf 85' lang='lat'>&#39;</span> 
     </span>
     <span class='ocr_line' id='line_1_35' title="bbox 111 3878 1398 3985; baseline 0.005 -35"><span class='ocrx_word' id='word_1_303' title='bbox 111 3885 206 3951; x_wconf 91' lang='lat' dir='ltr'>alteri</span> <span class='ocrx_word' id='word_1_304' title='bbox 225 3886 269 3950; x_wconf 92' lang='lat' dir='ltr'>ad</span> <span class='ocrx_word' id='word_1_305' title='bbox 286 3885 486 3950; x_wconf 87' lang='lat' dir='ltr'>modestiam</span> <span class='ocrx_word' id='word_1_306' title='bbox 498 3885 684 3950; x_wconf 89' lang='lat' dir='ltr'>flectuntur.</span> <span class='ocrx_word' id='word_1_307' title='bbox 695 3885 752 3952; x_wconf 89' lang='lat' dir='ltr'>Sic</span> <span class='ocrx_word' id='word_1_308' title='bbox 761 3888 913 3969; x_wconf 91' lang='lat' dir='ltr'>cupitum</span> <span class='ocrx_word' id='word_1_309' title='bbox 930 3888 1106 3970; x_wconf 89' lang='lat' dir='ltr'>superbiae</span> <span class='ocrx_word' id='word_1_310' title='bbox 1121 3889 1221 3955; x_wconf 89' lang='lat' dir='ltr'>inter·</span> <span class='ocrx_word' id='word_1_311' title='bbox 1248 3878 1398 3985; x_wconf 50' lang='lat' dir='ltr'>&#39;Imm‘</span> 
     </span>
     <span class='ocr_line' id='line_1_36' title="bbox 112 3987 1222 4072; baseline 0.006 -19"><span class='ocrx_word' id='word_1_312' title='bbox 112 3989 237 4055; x_wconf 87' lang='lat' dir='ltr'>vallum</span> <span class='ocrx_word' id='word_1_313' title='bbox 257 3987 398 4054; x_wconf 88' lang='lat' dir='ltr'>efficitur</span> <span class='ocrx_word' id='word_1_314' title='bbox 413 3989 554 4066; x_wconf 90' lang='lat' dir='ltr'>brevius,</span> <span class='ocrx_word' id='word_1_315' title='bbox 574 4009 634 4053; x_wconf 89' lang='lat' dir='ltr'>nec</span> <span class='ocrx_word' id='word_1_316' title='bbox 650 3989 829 4055; x_wconf 88' lang='lat' dir='ltr'>difficulter</span> <span class='ocrx_word' id='word_1_317' title='bbox 840 3990 1075 4072; x_wconf 90' lang='lat' dir='ltr'>impetrabitur</span> <span class='ocrx_word' id='word_1_318' title='bbox 1088 4005 1125 4059; x_wconf 93' lang='lat' dir='ltr'>ut</span> <span class='ocrx_word' id='word_1_319' title='bbox 1134 3997 1222 4060; x_wconf 92' lang='lat' dir='ltr'>ordi·</span> 
     </span>
    </p>
   </div>
   <div class='ocr_carea' id='block_1_11' title="bbox 113 4092 1222 4178">
    <p class='ocr_par' dir='ltr' id='par_1_11' title="bbox 113 4092 1222 4178">
     <span class='ocr_line' id='line_1_37' title="bbox 113 4092 1222 4178; baseline 0.01 -22"><span class='ocrx_word' id='word_1_320' title='bbox 113 4093 164 4159; x_wconf 91' lang='lat' dir='ltr'>nis</span> <span class='ocrx_word' id='word_1_321' title='bbox 180 4095 367 4177; x_wconf 87' lang='lat' dir='ltr'>utriusque,</span> <span class='ocrx_word' id='word_1_322' title='bbox 377 4093 498 4158; x_wconf 87' lang='lat' dir='ltr'>iunctis</span> <span class='ocrx_word' id='word_1_323' title='bbox 511 4094 617 4157; x_wconf 90' lang='lat' dir='ltr'>amice</span> <span class='ocrx_word' id='word_1_324' title='bbox 637 4092 777 4172; x_wconf 86' lang='lat' dir='ltr'>dextris,</span> <span class='ocrx_word' id='word_1_325' title='bbox 799 4094 1000 4178; x_wconf 89' lang='lat' dir='ltr'>copulentur</span> <span class='ocrx_word' id='word_1_326' title='bbox 1024 4097 1222 4169; x_wconf 83' lang='lat' dir='ltr'>voluntates</span> 
     </span>
    </p>
   </div>
   <div class='ocr_carea' id='block_1_12' title="bbox 111 4267 1223 4482">
    <p class='ocr_par' dir='ltr' id='par_1_12' title="bbox 111 4267 1223 4482">
     <span class='ocr_line' id='line_1_38' title="bbox 146 4267 1223 4337; baseline 0.005 -21"><span class='ocrx_word' id='word_1_327' title='bbox 146 4283 167 4318; x_wconf 86' lang='lat'>1.</span> <span class='ocrx_word' id='word_1_328' title='bbox 180 4269 282 4322; x_wconf 65' lang='lat' dir='ltr'>Mattio„</span> <span class='ocrx_word' id='word_1_329' title='bbox 295 4277 360 4320; x_wconf 78' lang='lat' dir='ltr'>xxtt.</span> <span class='ocrx_word' id='word_1_330' title='bbox 371 4282 407 4328; x_wconf 80' lang='lat' dir='ltr'>4o</span> <span class='ocrx_word' id='word_1_331' title='bbox 418 4291 448 4303; x_wconf 93' lang='lat'>-</span> <span class='ocrx_word' id='word_1_332' title='bbox 459 4282 479 4314; x_wconf 86' lang='lat'>2.</span> <span class='ocrx_word' id='word_1_333' title='bbox 491 4267 516 4318; x_wconf 90' lang='lat' dir='ltr'>S.</span> <span class='ocrx_word' id='word_1_334' title='bbox 528 4269 599 4327; x_wconf 77' lang='lat' dir='ltr'>Greg.</span> <span class='ocrx_word' id='word_1_335' title='bbox 613 4268 698 4327; x_wconf 71' lang='lat' dir='ltr'>Magn.</span> <span class='ocrx_word' id='word_1_336' title='bbox 711 4269 736 4314; x_wconf 90' lang='lat' dir='ltr'>in</span> <span class='ocrx_word' id='word_1_337' title='bbox 748 4267 840 4328; x_wconf 81' lang='lat' dir='ltr'>Evang.</span> <span class='ocrx_word' id='word_1_338' title='bbox 853 4267 924 4315; x_wconf 81' lang='lat' dir='ltr'>Hom.</span> <span class='ocrx_word' id='word_1_339' title='bbox 939 4269 962 4314; x_wconf 86' lang='lat' dir='ltr'>X</span> <span class='ocrx_word' id='word_1_340' title='bbox 972 4283 996 4318; x_wconf 90' lang='lat' dir='ltr'>n.</span> <span class='ocrx_word' id='word_1_341' title='bbox 1009 4285 1030 4329; x_wconf 90' lang='lat'>7.</span> <span class='ocrx_word' id='word_1_342' title='bbox 1043 4297 1074 4306; x_wconf 95' lang='lat'><em>-</em></span> <span class='ocrx_word' id='word_1_343' title='bbox 1083 4287 1104 4333; x_wconf 82' lang='lat'>3.</span> <span class='ocrx_word' id='word_1_344' title='bbox 1118 4275 1148 4320; x_wconf 90' lang='lat' dir='ltr'>ll</span> <span class='ocrx_word' id='word_1_345' title='bbox 1159 4276 1223 4337; x_wconf 66' lang='lat' dir='ltr'>Cor„</span> 
     </span>
     <span class='ocr_line' id='line_1_39' title="bbox 116 4339 1222 4407; baseline 0.009 -21"><span class='ocrx_word' id='word_1_346' title='bbox 116 4351 155 4396; x_wconf 85' lang='lat'>111,</span> <span class='ocrx_word' id='word_1_347' title='bbox 169 4343 190 4388; x_wconf 85' lang='lat'>8.</span> <span class='ocrx_word' id='word_1_348' title='bbox 203 4367 234 4376; x_wconf 89' lang='lat'><em>-</em></span> <span class='ocrx_word' id='word_1_349' title='bbox 244 4356 265 4398; x_wconf 82' lang='lat'>4</span> <span class='ocrx_word' id='word_1_350' title='bbox 279 4340 371 4394; x_wconf 74' lang='lat' dir='ltr'>Mara,</span> <span class='ocrx_word' id='word_1_351' title='bbox 382 4351 419 4395; x_wconf 83' lang='lat' dir='ltr'>vt,</span> <span class='ocrx_word' id='word_1_352' title='bbox 431 4355 451 4400; x_wconf 82' lang='lat'>9.</span> <span class='ocrx_word' id='word_1_353' title='bbox 465 4365 495 4374; x_wconf 94' lang='lat'><em>-</em></span> <span class='ocrx_word' id='word_1_354' title='bbox 505 4351 526 4400; x_wconf 80' lang='lat'>5.</span> <span class='ocrx_word' id='word_1_355' title='bbox 541 4341 641 4394; x_wconf 65' lang='lat' dir='ltr'>Metto,</span> <span class='ocrx_word' id='word_1_356' title='bbox 653 4351 679 4394; x_wconf 87' lang='lat' dir='ltr'>v,</span> <span class='ocrx_word' id='word_1_357' title='bbox 691 4355 721 4400; x_wconf 85' lang='lat'>3;</span> <span class='ocrx_word' id='word_1_358' title='bbox 732 4339 804 4388; x_wconf 79' lang='lat' dir='ltr'>Beati</span> <span class='ocrx_word' id='word_1_359' title='bbox 809 4347 926 4402; x_wconf 78' lang='lat' dir='ltr'>pauperes</span> <span class='ocrx_word' id='word_1_360' title='bbox 936 4342 1034 4400; x_wconf 75' lang='lat' dir='ltr'>spiriru.</span> <span class='ocrx_word' id='word_1_361' title='bbox 1048 4369 1077 4380; x_wconf 91' lang='lat'><strong>—</strong></span> <span class='ocrx_word' id='word_1_362' title='bbox 1087 4347 1107 4393; x_wconf 88' lang='lat'>6.</span> <span class='ocrx_word' id='word_1_363' title='bbox 1123 4348 1222 4407; x_wconf 71' lang='lat' dir='ltr'>March„</span> 
     </span>
     <span class='ocr_line' id='line_1_40' title="bbox 111 4416 1151 4482; baseline 0.008 -18"><span class='ocrx_word' id='word_1_364' title='bbox 111 4429 152 4475; x_wconf 80' lang='lat' dir='ltr'>xl,</span> <span class='ocrx_word' id='word_1_365' title='bbox 165 4419 195 4466; x_wconf 74' lang='lat'>2⁸</span> <span class='ocrx_word' id='word_1_366' title='bbox 209 4433 214 4472; x_wconf 82' lang='lat'>;</span> <span class='ocrx_word' id='word_1_367' title='bbox 231 4416 314 4464; x_wconf 82' lang='lat' dir='ltr'>Venite</span> <span class='ocrx_word' id='word_1_368' title='bbox 322 4417 358 4462; x_wconf 86' lang='lat' dir='ltr'>ad</span> <span class='ocrx_word' id='word_1_369' title='bbox 365 4431 401 4464; x_wconf 76' lang='lat' dir='ltr'>me</span> <span class='ocrx_word' id='word_1_370' title='bbox 410 4431 496 4471; x_wconf 77' lang='lat' dir='ltr'>omnes,</span> <span class='ocrx_word' id='word_1_371' title='bbox 507 4417 552 4476; x_wconf 84' lang='lat' dir='ltr'>qui</span> <span class='ocrx_word' id='word_1_372' title='bbox 572 4418 688 4465; x_wconf 77' lang='lat' dir='ltr'>laboratis</span> <span class='ocrx_word' id='word_1_373' title='bbox 697 4423 720 4464; x_wconf 89' lang='lat' dir='ltr'>et</span> <span class='ocrx_word' id='word_1_374' title='bbox 727 4419 822 4466; x_wconf 80' lang='lat' dir='ltr'>onerati</span> <span class='ocrx_word' id='word_1_375' title='bbox 831 4418 894 4474; x_wconf 81' lang='lat' dir='ltr'>estis,</span> <span class='ocrx_word' id='word_1_376' title='bbox 906 4424 930 4465; x_wconf 84' lang='lat' dir='ltr'>et</span> <span class='ocrx_word' id='word_1_377' title='bbox 938 4433 977 4480; x_wconf 77' lang='lat' dir='ltr'>ego</span> <span class='ocrx_word' id='word_1_378' title='bbox 988 4423 1095 4482; x_wconf 78' lang='lat' dir='ltr'>reficiam</span> <span class='ocrx_word' id='word_1_379' title='bbox 1105 4438 1151 4472; x_wconf 88' lang='lat' dir='ltr'>vos.</span> 
     </span>
    </p>
   </div>
   <div class='ocr_carea' id='block_1_13' title="bbox 0 0 1604 4874">
    <p class='ocr_par' dir='ltr' id='par_1_13' title="bbox 0 0 1604 4874">
     <span class='ocr_line' id='line_1_41' title="bbox 0 0 1604 4874; baseline 0 0"><span class='ocrx_word' id='word_1_380' title='bbox 0 0 1604 4874; x_wconf 95' lang='lat' dir='ltr'> </span> 
     </span>
    </p>
   </div>
  </div>
 </body>
</html>
