3194 4872
438 377 488 426 ns
516 377 637 428 ussus
664 375 864 427 anvuxrna.
1157 369 1201 436 23

1086 499 1204 508 --.-...-

123 563 260 644 possidear
275 564 329 646 (1);
343 564 424 646 ipsis
436 563 587 646 proprias
604 565 700 628 sedes
720 573 754 628 et
766 563 916 647 ephebea
932 533 1093 638 condidit,
1103 570 1204 642 atque
1233 571 1382 646 „ecelinus

130 669 242 750 regulas,
257 670 290 732 in
303 687 399 731 sacro
414 667 611 750 praesertim
628 666 781 732 Concilio
796 665 995 730 Tridentino
1008 663 1060 746 (2),
1075 663 1203 746 sapien·
1272 653 1338 710 ’337-

130 771 182 834 tiae
190 773 295 854 plenas
322 771 545 855 praescripsit,
564 781 602 834 ut
616 771 673 834 hoc
695 770 864 854 collegium
889 769 957 833 Dei
976 768 1204 832 ministrorum

129 885 287 956 perpetuum
295 875 513 940 seminarium
522 876 568 939 sit
576 875 627 958 (3).
640 875 776 939 Alicubi
789 873 925 958 quidem
939 873 1106 956 quaedam
1117 871 1206 938 latae

131 989 193 1043 sunt
206 982 374 1064 ualeatque
390 980 490 1063 leges,
513 999 599 1062 quae
622 981 673 1043 sin
696 980 807 1044 minus
830 979 1028 1063 impediunt,
1051 978 1205 1042 intertur-

132 1081 197 1146 bant
209 1086 380 1166 quominus
401 1095 540 1167 uterque
552 1084 659 1147 clerus
674 1103 735 1147 sua
750 1091 872 1166 sponte
888 1082 1059 1161 confletur,
1081 1087 1207 1166 suaque

130 1187 278 1270 disciplina
305 1191 506 1254 instituatur.
534 1189 607 1252 Nos
634 1188 697 1251 hac
714 1189 748 1252 in
771 1207 815 1264 re,
846 1206 932 1269 quae
959 1175 1044 1252 tanti
1071 1181 1221 1252 interest'
1330 1269 1356 1282 ..

131 1294 392 1382 quantiinteresse
408 1293 559 1356 maxime
580 1300 702 1374 potest,
713 1293 799 1356 sicut
821 1291 913 1370 alias,
933 1292 981 1355 ita
1001 1312 1090 1356 nunc
1112 1311 1208 1376 opor·
1235 1285 1384 1390 ,-„'J'-ss'},'{'⁸,·²„„

130 1403 187 1459 tere
212 1399 445 1474 existimamus,
473 1397 676 1468 sententiam
704 1396 864 1461 Nostram
888 1404 1003 1478 aperte
1030 1394 1151 1478 eloqui,
1176 1408 1210 1461 et
1230 1391 1354 1450 pedienda.

129 1500 279 1582 omniqua
301 1520 480 1583 possumus
496 1501 626 1564 ratione
647 1501 699 1562 ius
715 1499 886 1564 Ecclesiae
903 1509 1057 1563 sanctum
1071 1498 1209 1562 inviola-

128 1611 246 1684 tumque
260 1604 409 1667 retinere.
437 1603 609 1668 Ecclesiae
624 1603 790 1680 nimirum,
817 1603 942 1686 quippe
958 1622 1045 1684 quae
1068 1601 1210 1666 societas
1357 1675 1361 1684 Ι

128 1705 164 1773 sit
174 1726 284 1789 genere
301 1727 364 1772 suo
379 1707 534 1790 perlecta,
560 1708 611 1772 ius
638 1708 789 1771 nativum
811 1717 866 1794 est
885 1707 1029 1790 cogendi
1046 1706 1209 1770 instruen·
1252 1675 1385 1780 suffigi?

126 1810 212 1892 dique
235 1814 345 1895 copias
371 1831 458 1888 suas,
485 1819 643 1875 nocentes
660 1811 795 1888 nemini,
818 1809 971 1893 plurimis
997 1808 1210 1887 auxiliantes,
1232 1795 1337 1898 ζξζζξξ’“
1352 1807 1385 1838 ⁵*

126 1914 151 1976 in
166 1915 293 1996 pacifico
306 1935 412 1998 regno
426 1915 517 1998 quod
533 1913 634 1979 saluti
650 1915 788 1979 humani
804 1915 935 1997 generis
967 1914 1077 1980 IESUS
1095 1913 1207 1979 CHRI-

124 2031 201 2084 STUS
221 2021 360 2083 interris
377 2019 538 2084 fundavit.
870 2105 871 2112 ἵ

160 2125 264 2192 Clerus
293 2138 406 2192 autem
438 2117 630 2191 concredita
655 2126 719 2192 sibi
734 2125 843 2190 officia
853 2128 982 2210 integre
998 2125 1148 2208 prolecto
1174 2135 1209 2188 et

123 2231 270 2295 cumulate
307 2231 469 2314 explebit,
503 2231 568 2309 ubi,
605 2251 718 2295 curam
758 2231 936 2314 Episcopis
962 2229 1208 2304 adhibentibus,

122 2334 209 2399 talem
231 2337 365 2400 esacris
381 2335 567 2400 seminariis
590 2335 802 2418 disciplinam
826 2336 947 2399 mentis
972 2334 1142 2416 animique
1164 2333 1208 2395 sit
1234 2317 1316 2420 3¹:2¹,ss
1348 2317 1387 2422 αξ,

122 2448 230 2517 nactus,
242 2438 376 2522 qualem
406 2439 553 2520 dignitas
583 2437 759 2503 sacerdotii
790 2437 961 2502 christiani
977 2437 1097 2518 etipse
1124 2445 1207 2500 tem·
1245 2435 1377 2503 versurum

1259 2509 1360 2538 semma·

121 2561 223 2620 porum
239 2562 436 2626 morumque
451 2562 566 2606 cursus
582 2544 735 2625 requirit;
757 2563 834 2606 eum
852 2542 979 2606 scilicet
994 2550 1127 2623 oportet
1148 2542 1207 2605 do·
1234 2554 1308 2606 num,
1326 2552 1385 2598 rum

121 2647 230 2710 ctrinae
259 2647 366 2724 laude,
392 2657 435 2724 et,
461 2647 551 2730 quod
582 2657 683 2728 caput
708 2656 767 2722 est,
792 2666 924 2710 summa
947 2646 1046 2710 laude
1076 2645 1208 2710 virtutis
1233 2614 1317 2658 Μ’·

120 2751 276 2828 excellere,
292 2760 329 2814 ut
340 2749 472 2813 animos
483 2749 657 2814 hominum
675 2750 830 2814 conciliet
846 2751 908 2814 sibi
921 2759 1022 2832 atque
1045 2749 1078 2812 in
1095 2749 1207 2812 obser-

119 2853 250 2916 vantiam
267 2853 423 2918 adducat.
1234 2907 1325 2958 cm,
1337 2881 1382 2951 m

155 2957 336 3022 Christiana
366 2956 539 3039 sapientia,
567 2977 632 3040 qua
648 2956 722 3020 luce
745 2956 883 3021 mirifica
899 2957 1058 3034 abundat,
1074 2957 1107 3020 in
1136 2977 1205 3021 om·
1234 2967 1327 3034 raaudi.
1345 2979 1381 3034 su-

118 3062 196 3126 nium
211 3060 313 3125 oculis
330 3061 434 3125 niteat
452 3080 587 3124 necesse
602 3071 663 3139 est,
678 3071 717 3124 ut
731 3062 877 3126 tenebris
903 3061 1105 3139 inscientiae,
1121 3081 1206 3144 quae
1233 3033 1322 3143 3¹1¹}th
1344 3040 1382 3070 Μ’

116 3175 158 3228 est
185 3164 333 3248 religioni
350 3165 499 3228 maxime
515 3164 659 3242 inimica,
671 3165 839 3247 dispulsis,
854 3165 977 3229 veritas
993 3165 1094 3248 longe
1125 3165 1205 3229 late·
1319 3245 1323 3254 Ι
1366 3245 1371 3254 ,

116 3287 171 3351 que
184 3289 217 3332 se
246 3268 374 3351 pandat
396 3276 430 3332 et
441 3267 580 3332 feliciter
595 3268 796 3334 dominetur.
810 3305 854 3318 -
870 3268 982 3334 Etiam
1014 3269 1204 3334 refellantur
1232 3249 1382 3361 ἴξὲἶζζῇζαζζῖ

115 3381 233 3454 oportet
248 3381 281 3436 et
304 3371 534 3436 convellantur
550 3391 675 3436 errores
700 3372 910 3456 multiplices,
937 3372 1004 3454 qui,
1027 3373 1079 3436 vel
1112 3373 1204 3455 igno·
1230 3363 1323 3474 Zff‘
1340 3377 1381 3408 W·

116 3477 209 3542 rentia
223 3475 275 3542 vel
291 3477 507 3561 improbitate
522 3477 572 3540 vel
590 3477 825 3560 praeiudicatis
849 3477 1062 3558 opinionibus
1086 3481 1206 3551 exorti,

116 3593 229 3646 mentes
258 3581 433 3646 hominum
450 3601 603 3664 perverse
618 3589 762 3643 avocant
776 3601 796 3643 a
812 3581 952 3644 veritate
975 3581 1150 3659 catholica,
1171 3593 1205 3645 et
1237 3595 1370 3685 alme

114 3685 270 3768 quoddam
300 3684 422 3748 animis
447 3683 617 3748 fastidium
646 3684 717 3746 eius
754 3693 944 3766 aspergunt.
976 3684 1053 3748 Hoc
1084 3661 1239 3748 munusL
1361 3675 1366 3686 '

113 3808 319 3870 permagnum
347 3787 437 3869 quod
454 3796 506 3850 est
519 3785 688 3850 exhortari
702 3786 737 3849 in
752 3787 900 3850 doctrina
915 3807 1008 3866 sana,
1031 3798 1063 3852 et
1083 3789 1207 3870 eos'qur'

112 3892 322 3955 contradicunt
329 3911 469 3973 arguere
477 3890 530 3974 (4),
539 3891 581 3954 ad
594 3890 745 3954 ordinem
760 3891 905 3972 pertinet
915 3892 1136 3968 sacerdotum,
1147 3893 1204 3973 qui

114 3995 247 4078 legitime
273 3995 461 4059 habuerunt
483 4015 503 4058 a
535 3993 669 4058 Christo
694 3994 843 4058 Domino
874 3995 1078 4077 impositum,
1101 4014 1203 4077 quum

113 4101 213 4164 divina
228 4099 282 4164 ille
298 4108 466 4182 potestate
481 4098 609 4163 dimisit
634 4099 676 4162 ad
693 4108 811 4180 gentes
827 4099 997 4162 universas
1013 4099 1204 4163 docendas:

114 4201 226 4267 Eurrtes
241 4203 274 4268 in
290 4203 451 4267 ruendum
475 4203 674 4280 universum,
690 4203 877 4285 praedicate
897 4201 1101 4284 evangelium
1117 4206 1208 4268 omni

116 4340 166 4348 μω..

140 4431 157 4462 1.
169 4415 229 4463 Sese.
241 4429 278 4474 ²3·
291 4417 321 4461 de
329 4415 436 4468 reform,
449 4429 469 4462 c.
480 4417 514 4462 18.
528 4439 558 4448 -
568 4429 589 4462 2.
604 4416 639 4463 lb.
653 4440 683 4450 -
692 4429 713 4475 3.
724 4417 760 4462 lb.
773 4438 803 4450 -
813 4431 834 4474 4.
847 4416 905 4470 Tit,
920 4430 940 4468 1,
954 4431 975 4476 9.
