3310 4868
520 367 572 416 An
599 366 797 418 EPISCOPOS
826 363 1049 414 HIBERNIAE.
1272 363 1338 434 123

231 573 301 618 non
317 571 512 616 concessum
529 551 744 634 susciperent.
760 585 804 594 —
820 550 950 614 Recens
967 549 1068 632 igitur
1083 548 1254 615 decretum
1271 571 1338 614 non
1425 573 1456 618 ²4

231 656 272 720 iis
287 654 389 721 debet
415 663 547 737 praeter
572 655 765 738 opinionem
781 653 962 718 accidisse:
991 674 1032 718 eo
1048 653 1099 717 vel
1117 653 1233 736 magis,
1247 656 1339 737 quod
1390 619 1487 718 'iiiii

231 759 438 842 vosmetipsi,
454 757 674 822 Venerabiles
687 759 830 836 Fratres,
844 778 935 822 anno
952 770 1205 835 MDCCCLXXXI,
1222 758 1340 822 Dubli·

232 885 314 930 num
330 863 535 945 congregati,
551 861 685 928 Clerum
702 871 735 925 et
752 861 914 944 populum
940 881 1058 936 cavere
1074 861 1225 940 iussistis,
1239 882 1340 945 quae-

231 987 377 1051 cumque
389 974 500 1030 essent
512 968 620 1032 ordini
633 966 768 1050 publico
778 966 951 1030 caritative
963 966 1138 1042 contraria,
1152 967 1339 1033 cuiusmodi
1368 991 1403 1036 aa
1442 991 1519 1038 recn-

233 1073 292 1137 illa
306 1079 393 1148 sunt,
418 1071 507 1136 nolle
532 1073 622 1154 quod
651 1073 721 1136 iure
745 1072 909 1135 debeatur
937 1071 1084 1148 reddere,
1100 1071 1199 1135 nolle
1225 1075 1341 1140 reddi:
1369 1055 1520 1168 ‘'jss'ffiff

232 1197 421 1260 personam,
436 1176 488 1239 vel
505 1176 595 1240 bona
610 1177 805 1259 cuiusquam
834 1175 978 1239 violare:
1001 1174 1141 1258 legibus,
1169 1177 1221 1241 vel
1238 1180 1340 1244 etiam
1367 1167 1521 1274 {ffi‘ffl'h'

232 1283 282 1358 iis,
296 1281 354 1364 qui
369 1280 552 1363 fungantur
568 1301 706 1344 munere
728 1280 873 1363 publico,
888 1280 956 1342 vim
973 1300 1163 1362 opponere:
1191 1283 1225 1346 in
1250 1283 1340 1348 clan-
1421 1264 1428 1276 ’

231 1387 365 1451 destina
382 1385 517 1449 foedera
533 1385 631 1463 coire,
646 1395 679 1450 et
696 1396 805 1450 cetera
831 1385 963 1468 generis
979 1384 1138 1450 eiusdem.
1156 1385 1254 1469 Quae
1269 1388 1342 1470 qui-

231 1489 310 1554 dem
338 1497 527 1571 praecepta,
554 1488 655 1571 plena
690 1489 869 1572 aequitatis
898 1489 1114 1571 maximeque
1140 1500 1344 1573 opportuna,

232 1590 370 1655 laudata
387 1590 495 1654 Nobis
510 1611 550 1655 ac
566 1593 708 1674 probata
724 1603 812 1656 sunt.

278 1693 507 1758 Nihilominus
522 1715 598 1759 cum
616 1697 760 1779 populus
776 1695 963 1760 inveterato
973 1695 1197 1778 cupiditatum
1214 1698 1342 1762 feruore

233 1806 441 1862 transversus
457 1808 637 1881 raperetur,
653 1821 713 1864 nec
730 1801 886 1864 deessent
896 1800 953 1882 qui
964 1820 1069 1864 novas
1085 1803 1237 1883 quotidie
1253 1803 1342 1867 iaces

232 1901 463 1979 admoverent,
478 1903 717 1982 intelleximus,
733 1913 913 1988 praecepta
929 1903 1049 1988 requiri
1070 1905 1178 1988 magis
1193 1905 1343 1984 definita,
1412 1925 1518 1996 Loquen-

232 2025 336 2089 quam
352 2025 439 2089 quae
450 2007 635 2089 generatim
653 2009 696 2072 de
711 2007 839 2071 iustitia
854 2017 887 2070 et
903 2007 1042 2072 caritate
1058 2009 1343 2073 retinendaantea
1383 1985 1503 2088 {2252}

232 2109 443 2174 dederamus.
470 2111 543 2174 Pati
569 2110 643 2175 Nos
670 2111 872 2193 prohibebat
896 2109 1052 2188 officium,
1079 2120 1131 2177 tot
1158 2115 1342 2178 catholicos
1386 2103 1501 2208 Ρζζξξζξὶ

231 2213 396 2292 homines,
411 2234 554 2296 quorum
565 2215 675 2280 Nobis
690 2225 742 2280 est
755 2215 787 2279 in
806 2215 922 2297 primis
937 2216 1119 2280 commissa
1137 2217 1237 2293 salus,
1252 2219 1341 2280 viam
1469 2199 1477 2217 ¹

232 2318 386 2384 insistere
400 2317 619 2402 praecipitem
636 2327 670 2383 et
685 2318 858 2394 lubricam,
886 2338 972 2400 quae
997 2320 1039 2383 ad
1067 2321 1266 2384 evertendas
1292 2344 1343 2390 res

231 2422 346 2507 potius
357 2423 501 2499 duceret,
516 2442 618 2504 quam
632 2424 676 2487 ad
690 2423 839 2486 miserias
850 2422 1127 2486 sublevandas.-
1140 2424 1227 2488 Rem
1241 2427 1344 2508 igitur
1368 2423 1519 2519 querengo,

230 2547 278 2592 ex
294 2527 434 2590 veritate
450 2527 619 2590 aestimari
636 2537 792 2610 oportet:
816 2527 1034 2609 animumque
1059 2527 1152 2592 illum
1177 2530 1340 2600 Nostrum
1368 2491 1510 2602 amm

230 2633 267 2694 in
283 2651 325 2694 eo
340 2631 415 2714 ipso
430 2631 566 2694 decreto
585 2631 751 2695 Hibernia
776 2643 994 2714 recognoscat
1011 2643 1183 2698 amantem
1206 2637 1268 2716 sui,
1282 2659 1342 2722 op·
1367 2602 1508 2707 caim,

228 2746 391 2819 tataeque
398 2735 612 2818 prosperitati
625 2746 877 2818 congruentem,
889 2737 966 2818 quia
976 2757 1113 2800 caussae
1124 2743 1343 2821 quantumvis

230 2846 341 2907 iustae
357 2839 439 2902 nihil
454 2848 524 2903 tam
542 2839 648 2916 obest,
663 2861 765 2922 quam
782 2841 814 2902 vi
831 2850 865 2902 et
882 2839 1008 2904 iniuriis
1025 2861 1098 2904 esse
1114 2841 1300 2924 defensam.

280 2945 376 3008 Haec
392 2962 478 3023 quae
493 2942 669 3007 scribimus
693 2943 735 3006 ad
755 2963 824 3020 vos,
839 2942 1058 3006 Venerabiles
1076 2943 1219 3022 Fratres,
1236 2947 1341 3030 magi-

228 3049 334 3114 sterio
349 3057 460 3112 vestro
490 3047 654 3111 Hibernia
679 3056 868 3130 cognoscat.
893 3045 1083 3112 Concordia
1099 3049 1341 3114 sententiarum

229 3163 268 3218 et
282 3151 507 3227 voluntatum,
535 3159 572 3213 ut
595 3159 738 3232 oportet,
763 3150 970 3227 coniunctos,
995 3171 1055 3214 nec
1072 3153 1183 3214 vestra
1199 3160 1343 3230 tanturn,

229 3259 350 3322 sedet
377 3254 502 3319 Nostra
528 3255 728 3319 auctoritate
755 3255 865 3333 tultos,
894 3253 1036 3318 multum
1064 3275 1125 3318 vos
1140 3254 1342 3320 confidimus
1394 3275 1518 3320 unamve

229 3369 492 3443 assequuturos:
508 3358 590 3424 illud
608 3360 797 3441 praecipue,
813 3368 851 3423 ut
877 3359 1100 3441 cupiditatum
1124 3360 1284 3424 tenebrae
1300 3382 1342 3424 ne
1379 3335 1506 3438 'iffi-2³2⁸,

229 3463 360 3529 diutius
374 3462 495 3527 tollant
506 3463 665 3527 iudicium
678 3463 756 3539 veri,
767 3462 982 3545 maximeque
993 3462 1216 3526 concitatores
1226 3463 1341 3545 populi
1374 3452 1522 3522 Μαάθ·

230 3575 360 3632 temere
375 3587 412 3630 se
427 3565 547 3630 secisse
574 3566 754 3648 poeniteat.
780 3564 866 3629 Cum
895 3564 991 3629 multi
1019 3566 1095 3642 sint,
1114 3565 1171 3648 qui
1187 3564 1230 3628 ad
1248 3567 1342 3629 dese·
1368 3511 1519 3640 mcxiii

230 3671 337 3735 reoda
352 3669 463 3734 officia
478 3669 530 3734 vel
547 3670 733 3734 certissima
749 3669 908 3753 aucupari
919 3675 1054 3734 eaus'sas
1065 3671 1252 3747 videantur,
1263 3670 1343 3732 date
1370 3634 1422 3676 Μ’

229 3792 380 3856 operam,
398 3783 435 3837 ut
450 3773 494 3836 de
502 3773 535 3837 vi
548 3773 619 3837 eius
635 3773 760 3838 decreti
778 3772 888 3837 nullus
910 3773 1116 3856 relinquatur
1128 3771 1342 3854 ambiguitati

232 3875 335 3942 locus.
353 3876 551 3961 Intelligant
566 3878 721 3956 universi,
735 3896 810 3940 eam
838 3896 974 3940 omnem
996 3877 1170 3952 rationem,
1196 3894 1343 3957 quaene

230 3979 448 4046 adhiberetur
474 3981 720 4058 interdiximus,
744 3979 895 4044 adhiberi
923 3981 1061 4044 omnino
1086 3999 1152 4043 non
1179 3979 1343 4043 licere.-

232 4083 409 4149 Honestas
438 4084 601 4149 utilitates
628 4085 768 4149 honeste
794 4093 966 4168 quaerant,
991 4083 1280 4166 potissimumque,
1305 4092 1342 4147 ut
1387 4091 1519 4162 Jurajufre

229 4187 432 4253 christianos
457 4189 563 4266 decet,
590 4189 749 4252 incolumi
775 4188 901 4252 iustitia
917 4196 1019 4270 atque
1033 4186 1226 4250 obedientia
1243 4188 1341 4253 Sedis
1367 4154 1519 4256 iiiiii.

230 4291 473 4376 Apostolicae:
501 4291 621 4375 quibus
648 4293 681 4356 in
707 4291 885 4356 virtutibus
912 4290 1077 4355 Hibernia
1092 4289 1230 4373 quidem
1247 4293 1341 4356 omni

229 4407 386 4479 tempore
402 4395 558 4460 solatium
577 4396 673 4459 simul
689 4406 722 4458 ct
738 4396 841 4459 animi
855 4394 955 4456 robur
970 4393 1105 4457 invenit.

1403 931 1520 992 Appellat
1596 949 1600 963 ι
