3336 4870
472 717 529 776 Ad
543 719 855 798 archiepiscopos
872 729 910 784 et
934 727 1137 803 Episcopos
1158 729 1433 790 foederatarum

582 886 776 946 Amerleae
791 893 1094 962 septentrionalis
1112 895 1320 972 civitatum,

411 1010 439 1153 f}
471 1049 577 1133 Qun,
600 1033 924 1118 uu1vsn's1ras
953 1059 1288 1123 wnsffluorou
1316 1061 1436 1125 con·

814 1222 1088 1284 STITUITUR.

286 1531 301 1574 7
585 1493 705 1559 AGNI
724 1495 833 1560 Nobis
860 1497 974 1580 gaudii
995 1517 1148 1563 caussam
1165 1497 1262 1565 affert
1278 1504 1427 1568 studium
1450 1527 1499 1570 ve·

233 1575 357 1687 Mfgssgff
396 1489 584 1867 Q
605 1607 721 1677 strum,
733 1619 801 1683 quo
817 1600 860 1664 ad
876 1600 1061 1665 catholicae
1078 1603 1213 1686 pietatis
1238 1604 1499 1674 incolumitatem

556 1705 647 1788 prad
678 1713 863 1769 vestrarum
903 1705 1106 1770 dioecesium
1143 1706 1306 1773 utilitates
1339 1714 1499 1777 curandas

236 1787 351 1908 ,222ngss
605 1807 807 1885 incumbitis,
823 1817 857 1872 et
873 1809 1067 1892 praesertim
1092 1811 1134 1874 ad
1151 1812 1319 1894 praesidia
1345 1816 1500 1897 paranda,

216 1906 293 1952 ΨΜ
304 1908 370 1953 ¹⁰7⁶·
396 1915 518 2000 quibus
535 1923 645 1978 rectae
660 1912 864 1977 institutioni
880 1922 952 1980 tum
965 1913 1161 1978 clericorum
1179 1925 1250 1980 turn
1268 1916 1374 1981 laicae
1391 1919 1498 1984 iuven·

215 1967 369 2071 mm·
396 2020 486 2098 tutis,
502 2039 541 2084 ac
557 2019 729 2083 doctrinae
741 2017 774 2082 in
790 2019 883 2082 omni
899 2017 1113 2085 scientiarum
1130 2021 1316 2086 divinarum
1335 2033 1370 2088 et
1385 2025 1497 2088 huma·

217 2085 261 2128 vat.
282 2085 366 2132 Anser.
822 2121 829 2136 .

216 2148 326 2201 septas.
396 2144 514 2192 narum
545 2143 666 2207 genere
681 2123 724 2186 ad
753 2120 830 2186 fider
856 2140 1008 2186 normam
1035 2124 1220 2188 tradendae
1240 2124 1442 2192 consulatur.
1458 2165 1498 2178 -

395 2229 626 2313 Quamobrem
658 2235 832 2310 pergratae
864 2225 972 2289 Nobis
991 2228 1179 2292 extiterunt
1209 2228 1340 2294 litterae
1370 2241 1497 2296 vestrae

393 2343 540 2398 exeunte
556 2333 725 2417 superiore
741 2351 832 2396 anno
847 2331 889 2394 ad
909 2329 981 2394 Nos
997 2332 1107 2408 datae,
1122 2331 1245 2415 quibus
1273 2332 1383 2399 Nobis
1400 2336 1496 2419 signi·

392 2437 498 2503 ficatis
516 2438 619 2521 Lycei
636 2437 750 2520 magni
766 2455 823 2500 seu
842 2435 1081 2502 Universitatis
1097 2437 1294 2516 studiorum,
1304 2441 1357 2503 cui
1368 2441 1403 2504 in
1420 2441 1497 2504 urbe

238 2605 259 2650 G
294 2605 312 2651 d
391 2543 618 2628 Washington
641 2543 844 2607 excitandae
867 2560 1004 2624 operam
1031 2541 1130 2619 datis,
1154 2541 1202 2606 ita
1228 2553 1390 2626 coeptum
1415 2563 1497 2628 opus

214 2619 292 2734 aa?
308 2607 367 2736 3?ss
390 2643 531 2711 feliciter
546 2645 735 2728 procedere,
751 2654 788 2709 ut
799 2645 842 2708 ad
862 2645 1043 2710 tradendas
1059 2646 1123 2709 hoc
1150 2665 1240 2710 anno
1261 2647 1294 2710 in
1317 2667 1352 2710 re
1369 2649 1495 2714 theolo-

212 2724 367 2831 {misia
390 2750 465 2834 gica
481 2751 659 2826 doctrinas,
675 2749 790 2812 omnia
805 2749 871 2813 iam
888 2747 975 2812 curis
997 2750 1116 2813 vestris
1134 2749 1195 2814 rite
1210 2750 1278 2814 sint
1292 2763 1495 2835 comparata,

213 2843 364 2961 gljfflff'a·
390 2875 429 2919 ac
460 2876 480 2918 a
506 2853 700 2919 Venerabili
726 2852 842 2917 Fratre
871 2851 998 2916 Ioanne
1023 2853 1143 2918 Keane
1169 2853 1341 2938 Episcopo
1368 2856 1492 2921 titulari

393 2959 535 3024 lassensi
549 2959 697 3024 eiusdem
716 2956 820 3040 Lycei
836 2967 1073 3041 rectore,quem
1091 2959 1134 3022 ad
1152 2957 1224 3023 Nos
1238 2959 1492 3037 misistis,liben·

390 3071 441 3128 ter
456 3073 583 3128 statuta
597 3082 637 3127 ac
662 3062 751 3145 leges
778 3069 908 3126 vestrae
925 3061 1164 3126 Universitatis
1188 3063 1396 3146 excepimus,
1411 3084 1493 3148 quas

237 3208 365 3278 ujusnges
390 3167 535 3231 Nostrae
555 3166 747 3230 auctoritati
772 3174 806 3229 et
829 3165 952 3229 iudicio
967 3165 1162 3230 subiecistis.
1180 3164 1259 3249 Qua
1283 3168 1316 3231 in
1345 3188 1380 3232 re
1402 3169 1491 3233 omni

211 3268 257 3314 ’ἰδ’
268 3275 363 3374 affl·
390 3270 489 3334 laude
503 3269 739 3352 dignissimum
756 3267 942 3332 iudicamus
958 3269 1136 3332 consilium
1157 3279 1315 3347 vestrum,
1331 3271 1389 3355 qui
1405 3289 1492 3335 anno

209 3341 237 3432 ἷῖ
261 3342 363 3458 ⁰:532ss
388 3373 572 3438 centesimo
586 3373 631 3438 ab
646 3373 873 3437 ecclesiastica
888 3373 1072 3436 hierarchia
1087 3373 1162 3437 istic
1174 3373 1358 3439 constituta
1376 3395 1490 3440 monu-

207 3447 364 3564 imni}-
388 3487 539 3542 mentum
555 3498 594 3541 ac
608 3477 804 3542 memoriam
815 3485 1011 3559 perpetuam
1022 3477 1069 3563 rei
1081 3476 1369 3560 auspicatissimae
1383 3475 1489 3542 fausta

208 3565 360 3677 ssffm'ffi'
389 3583 626 3649 Universitatis
642 3592 773 3646 vestrae
799 3580 1011 3646 dedicatione
1036 3590 1183 3645 statuere
1197 3579 1403 3648 decrevistis.
1419 3581 1489 3644 Nos

385 3689 500 3771 itaque
525 3707 603 3750 cura
633 3682 809 3749 confestim
835 3693 992 3768 suscepta
1019 3683 1179 3766 explendi
1204 3685 1301 3748 iuxta
1326 3683 1489 3748 desideria

385 3800 503 3866 vestra,
520 3789 610 3872 leges
637 3786 874 3854 Universitatis
899 3797 1030 3851 vestrae
1049 3785 1091 3850 ad
1113 3785 1187 3851 Nos
1202 3785 1334 3863 allatas
1351 3785 1487 3851 delectis

386 3895 421 3962 S.
437 3895 474 3960 E.
498 3895 537 3958 R
555 3891 789 3959 Cardinalibus
814 3912 833 3956 e
855 3911 950 3954 sacro
975 3889 1115 3955 consilio
1142 3889 1325 3954 christiano
1355 3891 1488 3956 nomine

384 4000 605 4084 propagando
617 3998 869 4082 cognoscendas
884 4005 918 4060 et
933 3994 1177 4078 expendendas
1197 3997 1436 4070 commisimus,
1452 4002 1486 4057 ut

384 4102 427 4166 de
442 4103 481 4165 iis
497 4103 540 4166 ad
558 4101 630 4166 Nos
646 4120 707 4165 sua
724 4099 847 4164 iudicia
871 4098 1038 4164 referrent.
1049 4135 1093 4148 -
1109 4098 1208 4163 Nunc
1224 4119 1340 4165 eorum
1357 4109 1485 4164 senten-

384 4209 440 4272 tiis
464 4209 507 4272 ad
535 4207 608 4271 Nos
632 4203 762 4280 delatiS,
788 4203 861 4267 Nos
885 4201 1168 4284 postulationibus
1192 4203 1312 4267 vestris
1347 4203 1484 4268 libenter

233 4317 334 4366 aueum
386 4318 580 4386 annuentes,
606 4315 734 4373 statuta
755 4325 793 4370 ac
821 4305 910 4388 leges
939 4305 1177 4371 Universitatis
1197 4314 1328 4371 vestrae
1352 4324 1410 4390 per
1424 4303 1483 4366 has

203 4377 359 4497 maii]
384 4412 512 4476 litteras
539 4412 737 4476 auctoritate
771 4409 897 4475 Nostra
923 4409 1115 4494 probamus,
1139 4409 1316 4494 eidemque
1353 4405 1483 4491 propria
