3140 4866
433 333 504 406 272
672 333 794 388 annus
813 321 835 352 “
853 335 1003 388 nounur
1022 335 1282 400 rouruucss„

254 517 350 616 ”m
307 513 373 556 ’θ’
374 509 406 558 ²¹³
430 511 607 580 Catholico
627 513 792 580 Antistite
811 511 954 598 gratiam
978 521 1012 578 et
1026 515 1295 580 communionem
1311 511 1471 596 Apostoiiese

252 641 301 688 ou
254 583 363 676 m„
431 615 530 684 Sedis
569 617 716 684 habente
752 616 999 702 excipiendum,
1035 617 1123 698 Tibi,
1157 616 1359 684 Venerabilis
1391 615 1472 685 Frater

429 721 691 787 destinavimus:
725 742 765 788 ac
794 722 958 798 volumus,
986 730 1025 787 ut
1053 721 1125 806 ipse
1156 723 1308 788 Antistes
1336 719 1401 784 Tibi
1422 719 1470 780 illud

428 825 578 910 assignet
589 825 686 890 iuxta
697 825 838 890 sormam
851 827 1100 910 praescriptam,
1114 847 1215 910 quam
1233 827 1352 892 idcirco
1364 843 1416 887 una
1427 841 1471 886 cun

427 928 562 995 Nostris
588 928 680 994 hisce
706 928 843 995 Litteris
866 929 1049 994 transmitti
1074 931 1315 1008 mandavimus,
1340 929 1472 1012 pariterque

424 1031 589 1110 volumus,
599 1041 636 1098 ut
651 1031 741 1098 idem
757 1031 911 1098 Antistes
928 1054 949 1098 a
963 1029 1024 1111 Te,
1039 1033 1165 1098 Nostro
1180 1042 1215 1099 et
1228 1033 1391 1098 Romanae
1400 1029 1472 1094 Eceie

425 1137 495 1202 siae
510 1139 657 1215 nomine,
672 1136 843 1206 fidelitatis
851 1137 986 1202 debitae
997 1137 1132 1203 solitum
1143 1138 1287 1220 accipiat
1297 1140 1472 1202 iunnenun

427 1245 523 1308 iuxta
539 1241 682 1308 sormam
709 1243 833 1326 pariter
846 1239 1022 1306 definitam
1046 1251 1081 1306 et
1101 1261 1262 1307 unacum
1279 1243 1364 1307 hisce
1385 1237 1473 1304 Litteris

424 1347 728 1412 transmittendam.
745 1345 901 1412 Ceterum
912 1365 979 1410 noo
995 1355 1048 1412 est
1062 1367 1120 1410 cur
1136 1366 1332 1411 moneamus
1346 1345 1396 1421 Te,
1405 1343 1472 1406 Vene-

424 1449 537 1515 rabilis
569 1449 695 1528 Frater,
721 1451 754 1514 in
786 1447 893 1514 Pallio
918 1467 963 1512 ex
993 1449 1107 1514 ovium
1138 1448 1213 1514 iana
1237 1458 1392 1514 contexto
1414 1463 1472 1510 oren

423 1556 602 1640 designari,
628 1577 729 1641 quam
746 1557 854 1622 bonus
878 1556 996 1622 Pastor
1017 1555 1229 1623 oberrantem
1252 1559 1320 1622 suis
1336 1555 1473 1640 impositas

422 1659 570 1724 humeris
600 1661 633 1724 in
664 1659 753 1725 ovile
782 1661 926 1738 reduxit,
946 1667 980 1724 et
1007 1659 1085 1726 inde
1118 1661 1327 1744 Episcopum
1352 1653 1474 1724 admoneri

421 1783 557 1828 ornnem
574 1763 637 1828 sibi
648 1764 797 1830 dandam
810 1785 882 1830 esse
893 1783 1038 1848 operam,
1051 1773 1097 1844 ut,
1109 1765 1154 1829 ad
1162 1763 1243 1830 boni
1255 1765 1394 1830 Pastoris
1402 1779 1474 1826 eren·

420 1867 524 1952 pium,
536 1868 727 1933 deerrantes
739 1867 790 1933 sui
802 1869 912 1953 gregis
921 1888 1010 1947 oves,
1025 1867 1180 1951 luporum
1196 1871 1323 1952 praeda
1332 1889 1370 1934 ne
1378 1867 1444 1940 fiant
1451 1865 1473 1926 si

422 1971 547 2040 Christi
563 1971 676 2037 caulas
703 1971 866 2039 traducat.
893 1971 932 2037 Id
948 1971 1162 2038 concedimus
1178 1983 1282 2057 atque
1306 1971 1476 2055 indulgenus

422 2077 720 2144 nonobstantibus
743 2074 1049 2143 constitutionibus
1073 2085 1108 2142 et
1128 2076 1400 2144 ordinationibus
1417 2076 1475 2158 Ape

424 2183 552 2249 stolicis
568 2182 753 2266 ceterisque
776 2181 949 2246 contrariis
963 2181 1238 2265 quibuscumque.
1257 2183 1381 2250 Datum
1390 2183 1477 2245 Romae

422 2289 515 2374 apud
533 2287 696 2354 Sanctum
721 2287 866 2365 Petrum,
897 2285 960 2350 sub
991 2285 1109 2350 Anuio
1139 2286 1330 2368 Piscatoris,
1357 2288 1403 2352 die
1424 2279 1475 2347 Xi'i

424 2391 500 2456 Iulii
526 2389 893 2468 MDCCCLXXXIX,
916 2388 1134 2456 Pontificatus
1159 2390 1278 2456 Nostri
1305 2392 1401 2458 Anno
1416 2384 1478 2452 Deci·

421 2515 478 2562 mo
500 2497 656 2563 secundo.

821 2613 886 2678 Pro
902 2611 1052 2678 Domino
1069 2613 1167 2682 Card.
1185 2615 1424 2682 Ledochowski.

788 2733 817 2785 F.
835 2731 1048 2785 ARCHIEPUS
1064 2732 1289 2789 SELEUCIEN.
1304 2731 1447 2788 subsstis
