3250 4876
189 420 241 470 DE
259 421 446 472 COLLEGlO
465 420 710 472 BOHEMORUM
730 421 772 472 IN
792 420 893 474 URBE
912 419 1132 474 CONDENDO.
1196 422 1215 496 5

103 585 279 668 religionis
294 585 464 671 impensas
478 587 671 663 constituto,
688 589 721 652 in
738 589 888 673 singulos
915 589 1069 654 alumnos
1096 610 1216 674 suppe-
1312 611 1326 644 1

103 690 247 769 ditatur,
263 689 336 754 Nos
351 701 522 774 praeterea
538 693 738 758 auctoritate
764 695 890 758 Nostra
905 693 1092 758 addicimus
1109 694 1217 758 Bohe-
1250 657 1393 768 'Azbbblss

104 814 242 859 morum
259 794 401 878 collegio
410 805 444 860 et
460 795 492 860 in
509 808 709 881 perpetuum
727 797 942 862 attribuimus
959 798 1084 863 reditus
1100 819 1218 863 omnes
1353 867 1358 880 ‚

103 909 143 963 et
160 897 242 978 iura,
256 918 343 982 quae
357 899 478 963 domus
502 909 580 964 sunt
596 920 617 964 a
633 899 756 968 Caroio
779 901 830 965 IV
858 901 1042 966 Bohemiae
1066 902 1160 984 Rege
1184 913 1217 967 et
1243 869 1400 975 emim

107 1003 345 1066 Romanorum
364 1002 571 1086 Imperatore
587 1003 619 1066 in
637 1003 820 1086 hospitium
838 1005 1064 1070 Bohemorum
1081 1007 1114 1070 in
1129 1007 1219 1084 urbe,
1244 988 1385 1092 ’ᾖξ”ὶωξζζ

107 1103 445 1172 vicoCaesar-inorum
460 1105 539 1171 oiim
556 1109 724 1188 conditae,
749 1109 792 1176 ad
818 1111 908 1193 quod
931 1130 1037 1193 genus
1067 1110 1222 1194 pertinet,
1246 1105 1281 1212 gis
1299 1106 1402 1212 'xliii‘

109 1219 188 1274 tum
216 1228 328 1273 annua
358 1210 500 1292 pecunia
527 1210 767 1276 Barberiniana
805 1221 1012 1276 scutatorum
1044 1213 1220 1275 nummum
1244 1231 1363 1286 guantur.

109 1313 284 1395 snaginta
298 1312 407 1378 eidem
438 1313 585 1397 hospitio
600 1313 723 1398 legata,
747 1324 820 1379 tum
851 1335 984 1379 summa
1013 1324 1221 1379 scutatorum

110 1419 290 1482 nummum
305 1415 514 1500 durentorum
537 1440 558 1482 a
579 1415 756 1482 Pontificio
777 1417 905 1482 Nostro
920 1417 1087 1483 datariatu
1103 1416 1223 1482 annuis

109 1519 333 1601 pensionibus
342 1519 570 1603 persolvenda

155 1619 244 1686 Cum
261 1641 359 1705 porro
375 1623 559 1687 rationibus
584 1622 630 1686 rei
655 1621 827 1688 familiaris
843 1622 987 1707 collegii,
1001 1623 1221 1708 amplioribus

105 1727 270 1792 subsidiis
284 1726 412 1791 consuli
427 1737 582 1809 oportere
612 1725 848 1810 intelligamus,
864 1729 897 1792 in
914 1727 1001 1792 hanc
1016 1749 1087 1793 rem
1103 1746 1221 1792 omnes

107 1851 198 1916 quas
213 1849 391 1914 possumus
407 1850 503 1894 curas
519 1830 608 1894 ultro
630 1829 849 1908 conferemus,
863 1832 946 1896 nihil
964 1833 1157 1898 dubitantes
1180 1832 1224 1896 de
1286 1890 1403 1936 Caurum

103 1934 284 1998 communi
300 1933 483 1998 Bohemiae
498 1933 702 1998 Antistitum
718 1932 751 1998 in
768 1954 838 1999 rem
855 1936 1010 2001 eamdem
1027 1937 1149 2014 studio,
1164 1939 1222 2020 qui
1250 1948 1386 2018 rueramus

104 2039 216 2122 probe
243 2049 366 2103 norunt
395 2047 559 2120 quantam
584 2037 768 2104 utilitatum
796 2051 946 2123 segetem
962 2040 1045 2104 haec
1061 2041 1223 2106 clericalis
1249 2009 1404 2113 miliari

106 2144 240 2209 ordinis
255 2141 422 2227 palaestra
437 2141 471 2206 in
488 2142 569 2207 urbe
585 2143 778 2221 constituta,
793 2142 874 2226 ipsis
898 2145 932 2207 in
956 2165 1038 2227 agro
1054 2145 1224 2212 dominico
1250 2127 1401 2246 Zjssffl

113 2247 307 2312 excolendo
322 2245 466 2311 allatura
478 2247 530 2312 sit.

160 2351 260 2416 Certa
296 2359 410 2415 autem
441 2359 475 2413 et
505 2348 682 2432 explorata
714 2369 774 2434 spe
806 2351 972 2429 ducimur,
996 2351 1225 2422 adnitentibus

118 2453 363 2538 Episcoporum
379 2453 475 2530 curis,
486 2452 576 2537 piam
593 2453 828 2519 liberalitatem
845 2456 1068 2539 copiosiorum
1082 2477 1101 2519 e
1117 2455 1225 2520 Bohe-

117 2559 190 2622 mia
204 2557 324 2622 civium
340 2557 416 2624 huic
432 2557 569 2621 salutari
595 2557 687 2640 operi
719 2576 787 2620 non
803 2555 1005 2636 defuturam,
1020 2559 1064 2622 ad
1079 2561 1170 2642 quod
1187 2559 1224 2624 li·

112 2661 298 2727 beralitatis
322 2681 429 2746 genus
452 2660 617 2743 optimum
634 2681 812 2744 quemque,
826 2661 892 2726 Dei
916 2661 1043 2744 gloriae
1067 2663 1227 2740 studium,

111 2766 287 2850 religionis
302 2785 397 2830 amor
406 2776 440 2830 et
453 2763 580 2847 patriae
591 2764 714 2828 caritas
725 2764 808 2830 satis
823 2764 1009 2832 hortantur.
1063 2773 1069 2786 '

155 2871 255 2936 Haec
271 2868 435 2946 volumus,
448 2866 627 2936 statuimus
643 2876 745 2949 atque
760 2868 934 2948 edicimus
957 2869 1175 2936 decernentes
1189 2880 1225 2936 ut

112 2957 182 3040 hae
196 2977 328 3042 litterae
344 2975 489 3040 Nostrae
505 2969 620 3036 firmae
636 2982 805 3054 rataeque,
822 2973 869 3038 uti
886 2984 975 3051 sunt,
993 2973 1041 3038 ita
1056 2973 1090 3039 in
1113 2985 1226 3058 poste·

107 3100 187 3144 rum
204 3087 443 3163 permaneant:
459 3075 588 3141 irritum
604 3083 718 3138 autem
735 3084 768 3139 et
784 3075 885 3140 inane
911 3075 1061 3141 futurum
1076 3077 1225 3142 decemi-

118 3203 204 3260 mus.
214 3185 243 3248 si
255 3183 336 3267 quid
346 3202 446 3265 super
454 3179 718 3260 hisaquoquam
744 3177 924 3262 contigerit
940 3179 1120 3246 attentari:
1151 3199 1229 3245 con·

113 3287 226 3350 trariis
244 3286 514 3370 quibuscumque
526 3278 828 3349 nonobstantibus.

159 3387 290 3454 Datum
322 3389 453 3453 Romae
477 3384 567 3466 apud
600 3383 634 3449 S.
660 3383 796 3450 Petrum
827 3387 890 3452 sub
919 3387 1022 3452 anulo
1054 3387 1230 3451 Piscatoris

104 3495 170 3559 die
189 3513 201 3559 1
232 3493 377 3558 ianuarii
398 3495 490 3572 1890,
507 3486 726 3554 pontificatus
742 3489 856 3554 Nostri
872 3511 963 3555 anno
978 3490 1189 3556 duodecimo.

568 3677 614 3742 M.
631 3673 748 3742 Cano.
768 3673 1144 3742 LEDOCHOWSKI.

558 4005 805 4278 tilla
