3172 4874
317 383 367 434 DE
382 381 502 434 STATU
522 380 726 434 ECCLESlAE
745 381 816 432 PER
834 379 975 432 ORBEM.
1125 381 1196 450 219

94 571 206 636 animo
223 574 333 638 minus
353 592 517 657 suspenso
537 582 571 638 et
591 573 696 638 anxio
711 592 784 636 esse
804 572 987 654 coepimus,
1002 592 1078 636 cum
1095 591 1197 655 quae·
1252 575 1346 669 JU'NH

93 675 170 740 dam
197 697 284 761 quae
309 697 328 740 e
354 697 389 741 re
403 677 568 743 catholica
592 685 679 754 sunt,
695 675 827 760 publice
849 677 984 740 decreta
1008 695 1081 741 esse
1097 675 1129 738 in
1157 695 1198 740 ea
1265 671 1354 760 ¹³9¹·-

92 780 226 862 regione
250 782 447 846 noverimus.
463 819 507 832 -
523 780 660 847 Certum
686 789 799 844 tamen
815 778 925 844 Nobis
951 788 1002 845 est
1017 780 1109 844 omni
1132 799 1197 864 ope

92 881 150 946 niti
167 893 204 946 ut
228 883 370 967 inceptis
396 885 543 950 secunda
570 885 775 948 incrementa
790 881 1032 964 respondeant;
1054 903 1197 968 eamque

90 985 122 1050 in
149 1006 217 1051 rem
246 988 384 1054 minime
398 987 593 1054 dubitamus
618 998 692 1052 tum
719 985 887 1051 sacrorum
914 977 1104 1066 AntistiteS,
1123 997 1195 1053 tum

89 1091 203 1158 fideles
219 1115 356 1178 operam
382 1115 477 1161 suam
504 1095 689 1160 Nobiscum
704 1093 895 1158 collaturos.
915 1093 1047 1158 Interea
1063 1101 1196 1176 gratum

88 1207 150 1274 est,
162 1199 260 1263 vobis
275 1195 472 1282 significare,
488 1219 592 1264 novas
607 1207 751 1282 quatuor
767 1197 973 1281 episcopales
990 1199 1086 1262 sedes
1105 1198 1195 1280 apud

90 1299 304 1366 Brasilienses
320 1303 386 1366 iam
408 1322 481 1366 esse
497 1302 705 1379 constitutas,
721 1301 842 1385 quibus
869 1309 903 1364 et
927 1299 1010 1364 alias
1035 1301 1067 1364 in
1085 1309 1196 1384 poste-

89 1421 162 1465 rum
179 1403 394 1482 adiiciendas,
409 1404 485 1469 Deo
500 1404 657 1488 propitio,
671 1404 870 1469 curabimus.

133 1506 249 1570 Novas
277 1509 401 1591 pariter
426 1508 626 1592 episcopalis
642 1507 816 1574 ministerii
842 1507 938 1570 sedes
963 1505 996 1569 in
1013 1505 1197 1569 Mexicana
1223 1535 1370 1584 Marma

1234 1611 1284 1641 anu
1294 1605 1372 1657 respu-

89 1609 277 1691 Republica
303 1613 452 1678 excitare
476 1614 510 1676 in
536 1609 651 1676 animo
677 1620 736 1678 est.
765 1613 829 1676 Pro
844 1619 986 1692 paterno
1013 1609 1139 1675 Nostro
1162 1609 1195 1672 in
1221 1611 1284 1701 {Hm
1305 1659 1373 1702 mu

88 1733 162 1778 eam
189 1715 302 1779 studio
326 1715 542 1782 vehementer
570 1726 738 1800 optamus,
764 1724 802 1781 ut
828 1715 1001 1780 Mexicani
1032 1715 1121 1780 cives
1151 1733 1195 1778 ex
1220 1717 1372 1834 mehgi·

87 1816 128 1880 iis
145 1818 252 1896 malis,
266 1839 353 1902 quae
370 1820 548 1903 impiorum
565 1819 737 1886 foederum
750 1819 904 1885 homines
919 1820 952 1882 in
966 1838 1032 1895 eos,
1050 1821 1099 1885 uti
1111 1827 1146 1884 et
1161 1819 1195 1884 in
1213 1835 1325 1895 fruetur.

87 1920 171 1986 alios
195 1923 348 2005 populos,
371 1925 539 2003 invexere,
565 1926 707 2007 sospites
731 1933 915 2007 emergant,
938 1923 1081 2008 Deoque
1110 1923 1196 1988 bene

85 2025 231 2104 iuvante,
246 2028 288 2092 ad
306 2029 482 2110 pristinum
509 2027 694 2096 catholicae
721 2025 797 2092 fidei
814 2027 1015 2112 pietatisque
1039 2029 1196 2113 splendo-

87 2149 157 2193 rem
174 2140 358 2214 assurgant.

132 2233 230 2298 Haec
256 2234 362 2313 vobis,
387 2234 605 2300 Venerabiles
630 2233 774 2310 Fratres,
799 2253 941 2317 quorum
974 2234 1112 2300 interest
1143 2255 1195 2299 res

84 2337 258 2404 Ecclesiae
274 2337 379 2402 laetas
394 2339 592 2404 adversasve
601 2357 813 2422 cognoscere,
822 2345 998 2421 perspecta
1008 2347 1041 2401 et
1058 2338 1194 2421 cognita

82 2458 158 2504 esse
173 2439 349 2506 voluimus.

130 2541 287 2608 Ceterum
304 2553 486 2628 antequam
502 2547 545 2610 ad
570 2565 675 2611 novas
699 2544 945 2628 Episcoporum
961 2544 1194 2628 cooptationes

83 2645 268 2725 veniamus,
299 2648 461 2714 adlecturi
492 2650 525 2713 in
561 2649 807 2733 amplissimum
843 2649 1005 2717 Ordinem
1045 2659 1192 2715 vestrum

83 2767 200 2814 sumus
225 2751 310 2816 duos
328 2755 426 2831 viros,
440 2773 526 2837 quos
546 2755 591 2819 ob
606 2754 741 2838 egregia
763 2755 865 2818 animi
882 2754 1074 2837 ingeniique
1096 2774 1194 2819 oma·

84 2863 209 2930 menta,
224 2855 258 2918 in
285 2858 498 2923 demandatis
525 2857 718 2923 muneribus
735 2857 899 2922 obeundis
922 2856 1131 2942 diligentiam
1159 2869 1194 2923 et

83 2955 196 3036 fidem,
212 2960 471 3046 devinctamque
486 2962 706 3046 Apostolicae
730 2961 812 3028 Sedi
836 2961 1044 3027 voluntatem
1068 2983 1107 3026 ac
1123 2974 1191 3030 stu·

82 3061 177 3124 dium
190 3060 317 3129 honore
327 3065 460 3149 collegii
476 3067 576 3130 vestri
592 3067 713 3150 dignos
722 3066 923 3131 censuimus.

131 3165 159 3227 li
176 3177 290 3230 autem
307 3168 598 3238 sunt:A1.0181US
616 3171 796 3248 ROTELLI,
813 3169 1096 3253 Archiepiscopus
1112 3171 1191 3234 titu-
1246 3200 1301 3245 0„
1311 3199 1370 3246 m·

83 3268 162 3334 laris
180 3270 428 3352 Pharsaliensis,
443 3277 631 3340 ordinarius
647 3255 780 3340 'Noster
802 3286 836 3339 et
857 3274 1076 3359 Apostolicae
1093 3273 1191 3340 Sedis
1217 3259 1354 3365 {fimf

83 3369 234 3438 Nuntius
245 3377 335 3456 apud
350 3376 608 3460 Rempublicam
619 3377 1049 3458 Gallicam3ANT0N1Usn
1061 3377 1191 3442 PAULO

82 3475 279 3556 GRUSCHA,
290 3480 573 3568 Archiepiscopus
583 3483 786 3548 Viennensis
798 3485 831 3548 in
844 3484 992 3567 Imperio
1001 3481 1191 3550 Austriaco.

458 3585 549 3669 Quid
562 3587 658 3652 vobis
670 3588 820 3653 videtur?

127 3683 342 3751 Auctoritate
357 3689 471 3772 itaque
486 3691 729 3774 omnipotentis
741 3693 815 3770 Dei,
830 3703 1023 3757 sanctorum
1040 3691 1191 3775 Aposto-

80 3790 192 3853 lorum
222 3790 309 3855 Petri
334 3800 368 3855 et
394 3793 498 3871 Pauli,
522 3803 556 3858 et
582 3793 716 3874 Nostra,
740 3816 893 3860 creamus
919 3805 953 3860 et
977 3795 1191 3878 publicamus

82 3891 119 3960 S.
132 3893 172 3957 R.
190 3895 231 3958 E.
248 3895 463 3976 Presbyteros
480 3897 675 3964 Cardinales

347 4001 539 4068 An01sruu
557 4005 726 4070 Rorsncr

346 4107 564 4174 Aurou1uu
580 4125 605 4173 n
622 4110 750 4174 Pnuuo
767 4109 950 4175 Gnuscun

128 4207 215 4273 Cum
229 4209 546 4292 dispensationibus,
560 4212 835 4294 derogationibus
851 4224 885 4279 et
901 4213 1059 4280 clausulis
1077 4233 1189 4278 neces·

80 4310 178 4376 sariis
205 4319 238 4372 et
262 4313 470 4392 opportunis.
496 4311 535 4377 In
564 4313 710 4378 Nomine
736 4314 843 4380 Patris
867 4326 903 4398 »ξι
933 4325 967 4380 et
994 4315 1071 4380 Filii
1096 4329 1132 4401 ἦ.
1156 4325 1191 4380 et

83 4414 231 4498 Spiritus
246 4425 282 4497 »ξι
298 4415 422 4482 Sancti.
438 4415 561 4483 Amen.
