3336 4870
255 581 380 630 America-

230 657 272 689 nos
281 643 315 688 ad
325 641 380 688 lidr-

246 703 370 748 talliatam

228 775 284 822 erga
294 775 381 808 nouum

231 823 374 868 institutum

252 881 364 927 adhorta-

409 373 478 422 222
597 370 778 424 sersroun
811 357 830 387 ‘⁶
850 377 973 428 MAGNI
1003 376 1113 429 uoms
1140 377 1275 430 onunu
1294 413 1314 439 „

406 549 472 614 tiae
488 551 658 616 curriculis
670 571 792 616 navare
801 571 938 636 operam
955 552 1069 617 velint.
1084 590 1127 604 -
1143 551 1312 637 Quoniam
1330 574 1407 620 vero
1426 555 1504 620 haec

406 671 529 736 magna
545 654 731 719 studiorum
746 655 957 722 Universitas
974 676 1039 720 non
1059 658 1160 722 modo
1176 659 1219 723 ad
1234 660 1361 741 patriae
1381 670 1505 726 vestrae

406 756 508 820 decus
531 759 721 840 augendum
750 759 903 840 pertinet,
920 760 978 824 sed
1000 759 1118 824 uberes
1144 770 1178 825 et
1196 761 1358 826 salutares
1385 760 1504 827 fructus

407 868 479 925 tum
496 862 538 924 ad
556 880 658 926 sanae
673 863 847 928 doctrinae
859 863 1146 947 propagationem,
1162 874 1235 930 tum
1261 868 1304 932 ad
1327 867 1507 932 catholicae

282 945 331 994 Μ’·
406 965 543 1047 pietatis
559 967 763 1049 praesidium
780 967 964 1052 pollicetur,
980 964 1051 1033 iure
1066 967 1274 1048 confidimus,
1290 969 1508 1036 Americanos
1628 1057 1629 1060 Ἴ

228 1731 381 1837 narr

407 1066 522 1134 fideles
538 1089 600 1154 pro
621 1071 672 1135 sui
694 1071 928 1155 magnitudine
948 1073 1062 1150 animi,
1077 1091 1158 1137 suae
1179 1073 1389 1139 liberalitatis
1404 1095 1510 1158 opem,

407 1173 450 1237 ad
466 1185 625 1258 coeptum
648 1195 734 1258 opus
755 1175 932 1259 splendide
949 1173 1201 1261 perficiendum,
1215 1177 1396 1242 desiderari
1421 1199 1442 1243 a
1456 1200 1508 1243 vo·

406 1277 457 1343 bis
481 1299 548 1343 non
563 1299 731 1362 passuros.
743 1279 937 1346 Constituta
953 1290 1066 1346 autem
1085 1301 1144 1364 per
1155 1281 1216 1346 has
1227 1282 1370 1348 Nostras
1386 1283 1509 1348 litteras

406 1383 634 1458 Universitate
650 1383 961 1467 Washingtoniensi
998 1385 1176 1451 indicimus
1196 1405 1238 1450 ne
1262 1387 1305 1450 ad
1327 1387 1394 1451 alia
1416 1388 1508 1451 huius

405 1487 537 1570 generis
552 1488 705 1552 instituta
720 1489 922 1570 procedatur
936 1488 1127 1553 inconsulta
1144 1487 1233 1555 Sede
1249 1489 1458 1574 Apostolica.
1469 1527 1510 1540 -

408 1593 503 1656 Haec
515 1611 602 1674 quae
613 1590 705 1656 hisce
721 1592 839 1658 litteris
860 1591 1102 1658 declaravimus
1118 1604 1152 1658 et
1178 1594 1425 1672 constituimus,
1442 1617 1509 1679 per-

406 1696 523 1780 spicuo
537 1705 738 1778 argumento
750 1695 821 1760 t'ore
835 1697 930 1760 vobis
954 1695 1156 1761 arbitramur
1181 1697 1283 1762 studii
1304 1707 1338 1762 et
1353 1697 1508 1762 sollicitu-

406 1799 494 1864 dinis
510 1819 577 1882 qua
600 1799 770 1875 afficimur,
786 1809 824 1864 ut
843 1799 950 1882 gloria
965 1809 1000 1864 et
1021 1799 1223 1882 prosperitas
1241 1799 1429 1864 catholicae
1441 1800 1509 1864 reli-

405 1904 515 1988 gionis
530 1903 563 1967 in
595 1902 659 1968 ista
686 1903 820 1986 regione
837 1905 869 1967 in
897 1903 970 1967 dies
1001 1904 1109 1986 magis
1136 1913 1306 1986 augeatur.
1333 1903 1509 1970 Caeterum

406 2010 518 2075 Deum
534 2007 832 2074 clementissimum
848 2029 869 2072 a
881 2027 949 2092 quo
970 2027 1072 2073 omne
1087 2009 1204 2072 datum
1220 2009 1387 2091 optimum
1405 2017 1440 2072 et
1455 2009 1511 2074 do-

407 2134 486 2182 num
518 2111 703 2197 perlectum
727 2112 879 2178 dimanat
921 2113 1073 2196 impense
1109 2131 1276 2196 rogamus,
1298 2124 1334 2176 ut
1355 2112 1510 2195 incoepta

407 2228 517 2284 vestra
531 2216 679 2281 secundo
695 2217 852 2300 laetoque
863 2217 956 2282 exitu
968 2217 1011 2280 ad
1027 2216 1215 2281 animorum
1228 2225 1417 2282 vestrorum
1433 2225 1509 2280 vota

407 2321 564 2400 fortunet,
580 2321 681 2404 idque
701 2328 738 2385 ut
760 2318 899 2384 feliciter
926 2319 1102 2402 contingat
1117 2317 1352 2402 Apostolicam
1378 2317 1513 2382 benedi-

406 2427 552 2491 ctionem
569 2426 717 2489 sincerae
734 2423 879 2489 Nostrae
894 2423 1083 2489 dilectionis
1095 2434 1216 2489 testem
1233 2423 1303 2501 tibi,
1318 2423 1442 2488 dilecte
1452 2421 1512 2486 Fili

407 2532 539 2608 Noster,
554 2529 724 2612 vobisque,
739 2528 958 2593 Venerabiles
982 2529 1010 2592 F
1012 2537 1124 2603 ratres,
1140 2537 1173 2592 et
1187 2527 1342 2592 universo
1359 2527 1460 2594 Clero
1475 2545 1512 2590 ac

405 2633 689 2717 fidelibus,quibus
701 2632 942 2714 praesidetis‚in
955 2632 1143 2716 auspicium¹
1152 2632 1304 2697 omniurn
1315 2631 1508 2697 caelestium

407 2759 582 2804 munerum
596 2737 810 2822 peramanter
825 2739 857 2802 in
870 2738 1020 2803 Domino
1035 2737 1253 2822 impertimus.

453 2841 580 2906 Datum
617 2841 747 2906 Romae
773 2842 864 2924 apud
898 2839 931 2908 S.
965 2841 1100 2905 Petrum
1132 2842 1186 2906 die
1217 2857 1236 2921 7
1279 2840 1393 2905 Martii
1423 2841 1514 2920 1889.

408 2947 450 3012 D.
476 2945 630 3010 Thomae
670 2944 834 3030 Aquinati
872 2965 974 3022 sacra,
1003 2942 1223 3010 Pontificatus
1270 2944 1386 3008 Nostri
1425 2962 1520 3008 anno-

407 3049 616 3115 duodecimo

800 3201 896 3269 Lao
925 3203 986 3267 rr.
1013 3201 1115 3266 xm.
1145 3171 1150 3196 ⁴
