3172 4874
427 408 498 480 150
613 409 794 460 mussona
813 397 833 424 ‘¹
855 409 1107 462 nnasccauunr
1129 411 1300 464 saunrum
1319 444 1338 474 ,,

243 589 395 696 gang?
421 585 513 647 muni
541 582 715 648 hominum
740 582 847 649 sainte
873 583 916 648 ad
945 581 1058 648 Deum
1080 581 1250 650 effundere
1265 602 1332 648 non
1358 581 1489 648 intermit·

242 708 304 754 snm
341 715 395 766 pm·
421 687 532 764 timus,
557 705 617 750 nec
633 685 827 751 dubitamus
849 687 968 751 eadem
985 707 1046 751 vos
1075 687 1151 753 Deo
1167 687 1200 753 in
1219 687 1490 768 solemnibusque

239 768 309 886 {22¹⁵
348 769 396 814 “I
420 791 524 854 acturi
540 790 619 854 estis
635 789 861 868 oblatur0s‚ab
876 790 949 872 ipso
961 789 1172 874 postulantes
1189 800 1228 858 ut
1238 789 1489 876 quemadmodum

421 893 453 958 S.
471 891 622 976 Gregorii
649 893 766 976 Magni
782 893 930 972 consilio,
959 892 1082 974 labore,
1109 894 1301 960 constantia
1317 893 1489 979 publicnmm

419 997 582 1062 malorum
612 997 661 1062 vis
687 1007 721 1063 et
736 997 900 1063 acerbitas
925 999 996 1062 eius
1023 1007 1136 1064 aetate
1161 1001 1294 1076 resedit,
1318 1001 1366 1065 ita
1390 997 1488 1064 adversi

417 1099 547 1179 fluctus,
562 1101 683 1185 quibus
699 1120 789 1166 nunc
805 1102 990 1166 miserrime
1006 1101 1150 1168 iactatur
1167 1103 1320 1168 Ecclesia
1335 1112 1369 1168 et
1377 1103 1490 1167 humana

416 1205 567 1284 societas,
582 1203 654 1269 viro
666 1204 923 1270 sanctissimoin
940 1206 1041 1270 caelis
1056 1203 1264 1290 suffragante
1276 1207 1489 1291 conquiescant

418 1308 494 1373 Hac
510 1329 570 1392 spe
586 1309 685 1374 erecti
696 1309 811 1374 omnia
826 1310 936 1375 fausta
953 1309 1017 1394 piis
1027 1309 1235 1376 solemnibus
1250 1311 1374 1395 quibus
1386 1325 1490 1394 operam

415 1411 503 1476 datis
530 1411 729 1490 ominamur,
756 1422 789 1477 et
815 1411 1050 1496 Apostolicam
1076 1413 1348 1480 benedictionem
1378 1414 1491 1476 siucerae

415 1515 605 1580 dilectionis
618 1516 764 1580 Nostrae
780 1523 901 1582 testem
929 1517 1000 1595 tibi,
1023 1517 1236 1584 Venerabilis
1252 1513 1371 1584 Fra'ter
1394 1517 1493 1592 Noster,

416 1618 588 1702 vobisque,
608 1619 721 1685 dilecti
738 1617 806 1698 filii,
820 1621 961 1704 singuiis
986 1621 1150 1686 universis
1165 1632 1380 1705 peramanter
1399 1622 1428 1686 iu
1442 1619 1491 1684 Dn-

418 1723 510 1788 mino
527 1723 749 1806 impertimus.

461 1827 590 1892 Datum
618 1827 750 1893 Romae
776 1829 866 1915 apud
890 1829 923 1896 S.
948 1829 1083 1895 Petrum
1106 1830 1161 1895 die
1185 1849 1224 1895 10
1243 1831 1412 1898 Februarii
1435 1831 1490 1908 1391

419 1929 637 1996 Pontificatus
656 1929 771 1998 Nostri
789 1953 879 1998 anno
896 1934 1029 2000 decimo
1044 1935 1153 2000 tertio.

1146 2097 1242 2166 LEO
1260 2099 1326 2164 ΡΡ.
1343 2097 1435 2164 XIII.
