3336 4870
463 341 532 427 256
561 357 657 407 urrr.
686 355 814 408 arose.
846 344 866 371 ‘⁴
886 353 1058 407 usurario
1084 355 1229 406 urvmru
1257 355 1544 416 PROVIDENT1AE„

459 543 542 610 rent,
557 533 728 598 haberent.
745 533 790 596 Et
806 533 943 615 quidem
960 531 1011 598 vel
1029 553 1088 617 per
1102 533 1164 597 hos
1177 533 1249 598 dies
1258 533 1374 598 oblata
1388 533 1548 598 saecularis

459 636 682 701 solemnitatis
692 636 912 701 celebrandae
923 637 1102 702 occasione
1114 637 1207 702 Deus
1217 637 1370 702 homines
1385 639 1548 702 admouere

284 738 437 856 uagum?
459 741 543 805 velle
564 740 705 818 videtur,
724 749 761 804 ut
789 742 949 824 recipiant
975 761 1011 805 se
1037 742 1080 806 ad
1107 743 1228 807 Issuu
1253 741 1463 821 Cunrsuuu,
1482 752 1513 806 et
1532 741 1548 803 ii

283 858 331 926 tec
358 857 432 916 serta.
459 845 664 938 praesertim,
682 845 738 928 qui
749 843 903 909 laborant
918 855 952 909 et
968 847 1098 910 onerati
1110 857 1197 926 sunt,
1213 847 1246 911 in
1261 868 1356 912 sacro
1371 847 1477 913 Corde
1490 849 1549 911 eius

283 920 435 1034 dmn-
461 949 632 1014 munimen
649 960 765 1012 contra
782 948 899 1012 salutis
910 969 989 1013 suae
1004 950 1118 1015 hostes
1135 959 1168 1014 et
1181 951 1272 1033 pacis
1288 952 1548 1036 tranquillitatem

283 1037 435 1153 ’ἰῇ-ζώῃ
460 1055 636 1138 requirant.
664 1053 839 1118 Eiusmodi
867 1073 946 1117 vero
970 1053 1012 1118 ad
1041 1055 1109 1120 Cor
1131 1057 1281 1120 divinum
1309 1057 1547 1122 christianorum

282 1154 431 1260 sssltmj
460 1177 611 1222 accessus
628 1156 676 1219 uti
693 1157 732 1220 iis
748 1155 902 1220 salutaris
927 1166 978 1222 est
993 1157 1083 1222 vitae
1099 1160 1146 1222 ita
1163 1160 1250 1226 IESU
1268 1168 1383 1243 gratus
1399 1171 1433 1226 et
1448 1179 1548 1243 accep-

459 1272 521 1326 tus.
545 1261 745 1343 Praecipuus
769 1261 858 1324 enim
877 1259 976 1324 huius
1001 1261 1109 1326 cultus
1131 1261 1205 1326 linis
1232 1263 1289 1328 ille
1309 1272 1369 1340 est,
1385 1265 1548 1328 scilioetut

458 1365 580 1449 ingrati
590 1365 693 1430 animi
709 1365 834 1428 crimen
850 1372 921 1428 tam
938 1365 1131 1431 hominibus
1146 1387 1326 1431 commune
1336 1368 1459 1432 debitis
1467 1367 1548 1433 obse·

458 1471 536 1554 quii,
551 1469 674 1534 amoris
690 1478 724 1532 et
740 1469 875 1552 pietatis
888 1465 1005 1532 officiis
1017 1468 1174 1552 expietur
1184 1479 1217 1533 et
1234 1469 1328 1534 Deus
1340 1491 1400 1553 per
1417 1469 1548 1537 Sanctis·

457 1575 578 1638 simum
611 1572 678 1637 Cor
715 1573 801 1638 lusu
836 1573 984 1637 humano
1015 1573 1128 1656 generi
1160 1573 1317 1656 placetur.
1349 1573 1549 1658 Quapropter

457 1678 615 1742 studeant
635 1699 753 1742 omnes
777 1677 948 1741 christiani
974 1677 1242 1742 amantissimum
1260 1677 1326 1742 Cor
1350 1679 1445 1755 illud,
1459 1697 1549 1762 quan-

457 1793 529 1846 tum
547 1791 697 1864 possunt,
712 1781 906 1859 redamare;
926 1782 1085 1844 studeant
1104 1781 1193 1845 idem
1210 1783 1242 1845 in
1260 1791 1356 1847 tanta
1372 1792 1549 1866 temporum

457 1886 634 1969 iniquitate
652 1907 717 1950 non
730 1885 832 1950 modo
842 1884 1006 1968 neglectu,
1016 1887 1075 1949 sed
1087 1885 1214 1950 iniuriis
1232 1887 1333 1950 etiam
1348 1897 1382 1951 et
1400 1884 1550 1970 nequiori-

456 1992 519 2055 bus
549 1991 699 2074 quotidie
736 1989 873 2054 ausibus
903 1989 1105 2068 lacessitum,
1135 1991 1278 2073 supplici
1309 2000 1413 2073 atque
1447 1988 1550 2054 bumili

456 2095 687 2160 obsecratione
699 2093 801 2157 lenire
815 2115 822 2172 ;
838 2093 997 2157 studeant
1012 2093 1136 2157 scelera
1153 2095 1288 2176 pietate,
1304 2095 1483 2160 maledicta
1499 2093 1551 2176 piis

296 2209 432 2270 Adaugen·
457 2199 621 2276 laudibus,
633 2205 865 2280 contemptum
882 2217 995 2260 amore
1011 2199 1202 2279 rependere.
1214 2199 1287 2262 Nos
1300 2219 1389 2277 vero,
1401 2207 1550 2282 quantum

280 2271 339 2316 dum
382 2272 431 2315 cul·
459 2305 466 2319 .
591 2302 597 2317 .
735 2302 743 2316 .
772 2303 779 2317 .
980 2303 986 2315 .
1022 2301 1030 2318 .
1186 2303 1193 2317 .

280 2335 332 2376 tu„
346 2331 431 2374 turela-
457 2323 490 2368 m
508 2303 616 2367 Nobrs
634 2311 694 2379 est,
710 2301 791 2365 mhrl
809 2311 1116 2384 praetermittrmus,
1131 2312 1168 2366 ut
1185 2323 1217 2364 m
1236 2302 1345 2368 lausto
1360 2303 1427 2367 hoc
1443 2309 1550 2366 eventu

281 2390 427 2499 '‘arg-ff·
457 2415 619 2490 augeatur
633 2405 890 2469 christianorum
917 2405 1025 2488 pietas
1040 2415 1075 2468 et
1101 2405 1318 2469 saluberrima
1335 2405 1457 2472 Cordis
1474 2405 1549 2468 lEsu

290 2507 423 2612 ‚ffss'jgss'm
457 2511 573 2593 religio
582 2509 793 2592 provehatur,
802 2528 906 2591 quum
923 2509 1129 2592 praesertim,
1141 2509 1217 2573 Deo
1233 2509 1374 2585 volente,
1393 2510 1479 2573 adeo
1494 2507 1550 2571 iam

278 2627 339 2672 votis
398 2641 430 2671 ce·
456 2626 555 2679 aucta
579 2625 613 2678 et
636 2612 833 2678 confirmata
860 2613 913 2690 sit,
936 2621 973 2676 ut
999 2611 1031 2674 in
1059 2632 1099 2676 ea
1114 2612 1316 2695 praesidium
1343 2621 1378 2675 et
1407 2613 1549 2676 columen

278 2685 342 2736 dens,
360 2685 431 2731 decer·
517 2720 569 2735 .,
705 2720 712 2734 .
801 2721 808 2732 .
960 2716 968 2731 .
1081 2717 1088 2732 .

294 2759 420 2802 ,ΜΨ
456 2720 655 2784 christianae
669 2719 869 2802 reipublicae
879 2739 945 2782 non
960 2727 1128 2780 immerrto
1140 2716 1550 2801 collocetur.Quamobrem

293 2808 413 2921 mm„
455 2845 558 2909 quum
572 2826 760 2908 complures
781 2843 948 2888 sacrorum
966 2823 1158 2899 Antistites,
1175 2823 1291 2888 Clerus
1306 2832 1341 2886 et
1357 2821 1500 2905 populus
1514 2841 1550 2882 ex

455 2931 612 3006 omnibus
626 2931 717 2994 orbis
740 2939 902 2992 terrarum
928 2927 1079 3010 partibus
1104 2927 1272 3008 supplices
1295 2927 1338 2989 ad
1356 2925 1431 2991 Nos
1447 2943 1551 3009 preces

455 3033 674 3110 admoverint,
691 3044 727 3097 ut
743 3033 864 3096 festum
883 3031 1095 3098 Sacrosancti
1113 3030 1233 3094 Cordis
1247 3030 1334 3096 IEsU
1352 3030 1397 3093 ad
1415 3027 1550 3112 superio-

455 3159 524 3202 rem
553 3138 797 3200 ecclesiasticae
829 3136 983 3218 liturgiae
1013 3135 1112 3198 ritum
1145 3135 1284 3198 evehere
1310 3133 1462 3212 velimus,
1489 3129 1551 3193 Nos

456 3242 538 3305 moti
563 3241 664 3304 etiam
694 3239 852 3322 exemplo
883 3258 1090 3303 summorum
1123 3237 1322 3301 Pontificum
1347 3238 1549 3303 decessorum

456 3347 669 3424 Nostrorum,
693 3344 893 3408 nominatim
921 3342 1110 3408 Innocentii
1137 3341 1220 3420 Xll,
1247 3341 1432 3408 Clementis
1459 3343 1552 3416 Xlll,

457 3456 506 3518 Pii
524 3455 574 3518 Vl
594 3463 626 3518 et
644 3453 693 3518 Pii
723 3453 785 3529 IX,
800 3452 946 3533 benigne
970 3449 1035 3532 piis
1051 3469 1166 3513 eorum
1192 3452 1317 3532 optatis
1344 3451 1551 3516 adnuendum

454 3558 654 3622 censuimus.
685 3554 806 3637 Quare,
837 3554 927 3636 quod
959 3552 1086 3616 bonum
1117 3551 1332 3634 faustumque
1362 3553 1405 3616 sit
1437 3553 1552 3636 populo

455 3660 638 3724 christiano
654 3669 687 3722 et
706 3657 805 3722 SSmi
822 3655 941 3721 Cordis
959 3656 1047 3720 IESU
1065 3654 1168 3719 cultui
1185 3656 1388 3733 benevertat,
1411 3656 1549 3740 Aposto-

454 3764 518 3828 lica
548 3763 747 3827 auctoritate
779 3761 914 3839 Nostra,
943 3769 1122 3844 perrogata
1149 3760 1251 3824 etiam
1279 3758 1551 3844 Congregationis

313 3877 400 3946 sputu
456 3868 488 3933 S.
507 3868 547 3932 R.
564 3867 603 3932 E.
620 3863 849 3931 cardinalium
873 3863 973 3927 sacris
998 3864 1116 3928 ritibus
1140 3863 1274 3926 tuendis
1293 3852 1549 3946 praepositorum

279 3936 429 4040 adsulllllm
455 3969 630 4047 sententia,
662 3969 754 4034 Sacri
786 3967 904 4032 Cordis
937 3968 1025 4032 IESU
1056 3965 1178 4030 festum
1209 3967 1254 4030 ad
1284 3969 1384 4032 ritum
1414 3965 1549 4050 duplicis

303 4053 409 4112 ‘²¹‘le
454 4073 582 4156 primae
599 4072 722 4148 classis,
738 4071 810 4134 sine
834 4069 1012 4148 octavam
1034 4071 1189 4137 universa
1210 4069 1362 4136 Ecclesia
1377 4070 1548 4140 evehimus

276 4112 429 4182 primoeclas-

279 4185 430 4290 2233?
454 4178 581 4258 absque
606 4186 718 4238 tamen
746 4185 927 4256 praecepto
942 4173 1101 4238 audiendi
1129 4174 1269 4238 Missam
1286 4183 1320 4240 et
1347 4197 1368 4240 a
1382 4173 1547 4239 servilibus

279 4289 324 4340 lit
369 4290 429 4346 auin
455 4280 655 4356 abstinendi,
671 4279 762 4342 nulla
777 4279 867 4342 iacta
884 4279 1070 4342 mutatione
1086 4276 1190 4340 relate
1205 4279 1248 4341 ad
1265 4299 1332 4356 eos,
1344 4279 1400 4362 qui
1415 4274 1546 4359 amplio-

278 4349 432 4465 mill&
456 4381 547 4444 ribus
563 4402 606 4444 ex
622 4380 719 4443 huius
746 4381 966 4463 Apostolicae
988 4381 1086 4447 Sedis
1113 4381 1245 4445 indulto
1260 4383 1407 4465 gaudent
1423 4377 1543 4464 privile·
