3230 4874
375 393 420 468 52
494 389 711 448 succurro
729 377 751 410 ‘⁴
772 387 915 456 urroua
933 389 1134 444 seueram
1150 389 1336 444 cour-rom
1353 423 1372 454 .‚

375 607 467 652 mum
487 583 723 654 beneficiorum
736 583 864 651 sontem
884 583 1059 650 voluntate
1080 583 1274 669 repudiare?
1290 583 1468 667 Siquidem.

374 691 424 758 uti
446 709 547 776 saepe
569 687 770 767 monuimus,
791 687 1007 754 vehementer
1027 697 1140 756 ermnt
1161 687 1229 773 qui,
1254 697 1369 771 spreto
1384 705 1469 770 prae·

373 797 547 862 teritorum
570 803 762 879 temporum
785 791 988 871 testimonio,
1011 793 1055 858 ad
1085 795 1344 878 prosperitatem
1370 793 1468 878 impe·

373 899 497 964 riorum
513 907 547 963 et
562 897 736 962 civitatum
752 917 893 981 magnas
907 895 1031 963 babere
1047 895 1234 962 Ecclesiam
1244 897 1472 982 opportunita-

372 1014 424 1070 tes
446 1011 581 1086 negant
602 1003 677 1068 Nec
697 1022 778 1068 sane
792 1002 1026 1082 dubitandum,
1053 1002 1161 1068 multa
1175 1011 1279 1085 atque
1295 1003 1420 1068 idonea
1441 1001 1471 1066 in

373 1105 604 1191 praesentibus
634 1104 731 1170 malis
757 1104 914 1170 adiutura
937 1104 1094 1182 remedia,
1120 1106 1148 1169 si
1171 1104 1287 1172 divina
1304 1104 1473 1171 Ecclesiae

372 1209 477 1274 virtus
492 1217 606 1294 posset
618 1208 652 1274 in
669 1209 816 1293 privatos
832 1209 1050 1293 populosque,
1075 1209 1198 1274 amotis
1214 1208 1473 1294 impedimentis,

253 1331 349 1376 caure
373 1313 518 1380 influere.
544 1347 588 1360 -
610 1311 737 1380 Verum
768 1314 811 1380 ad
842 1333 902 1378 voa
932 1313 1023 1396 quod
1040 1322 1180 1398 spectat,
1204 1313 1319 1379 dilecti
1336 1311 1405 1392 filii.
1425 1321 1473 1378 ert

194 1389 347 1496 5ηῇὛῇ
373 1435 461 1480 nunc
472 1416 609 1500 quidem
625 1415 716 1500 quod
732 1415 828 1482 vobis
850 1415 1037 1480 laetemur:
1052 1415 1155 1483 lrabet
1180 1419 1272 1482 enim
1293 1415 1471 1484 Germania

192 1507 324 1614 msam.
371 1530 482 1585 vestra
496 1540 566 1605 quo
590 1522 708 1586 sedare
734 1521 910 1586 diuturnos
940 1518 1015 1585 illos
1038 1531 1147 1586 metus
1177 1531 1211 1588 et
1235 1521 1475 1587 sollicitudines

371 1625 527 1710 pristinas
543 1625 718 1708 possimus.
734 1625 902 1690 Nimirum
918 1645 964 1690 ex
987 1625 1028 1689 iis
1042 1625 1258 1708 opinionibus
1273 1637 1308 1691 ct
1340 1623 1476 1690 infensis

370 1725 510 1811 legibus,
524 1746 612 1810 quae
635 1717 897 1792 dimicationem
913 1737 1108 1811 genuerant,
1138 1725 1208 1792 fieri
1240 1728 1409 1814 quaedam
1435 1725 1475 1789 ad

371 1829 515 1896 veriores
535 1831 717 1896 sententias
738 1831 912 1898 inclinatio
936 1831 1007 1896 visa
1021 1841 1082 1898 est.
1098 1829 1249 1898 Consilia
1265 1833 1339 1915 ipsa
1364 1827 1476 1896 multis

371 1934 522 2020 partibus
537 1934 685 2021 pacifica,
700 1956 787 2020 quae
802 1944 862 2020 p'er
883 1935 945 2002 hos
967 1945 1156 2020 postremos
1179 1936 1395 2020 praevaluere
1422 1955 1477 1998 an·

372 2059 443 2119 nos,
458 2039 577 2106 eodem
593 2039 827 2106 existimamus
852 2059 1068 2124 progressura
1098 2059 1209 2118 cursu,
1239 2050 1276 2104 ut
1305 2039 1477 2104 Ecclesiae

372 2144 471 2210 liceat
485 2165 506 2209 a
521 2143 707 2228 praeteritis
722 2143 970 2210 calamitatibus
994 2145 1128 2229 penitus
1152 2145 1322 2228 respirare.
1347 2143 1379 2206 N
1382 2141 1479 2208 ibilo·

197 2231 351 2350 ww
375 2249 484 2315 minus
503 2249 641 2314 minime
652 2249 844 2314 desistimus
866 2249 1029 2334 respicere
1043 2271 1114 2328 vos,
1128 2251 1241 2316 dilecti
1257 2249 1316 2314 filii
1338 2274 1345 2314 :
1378 2258 1481 2333 atque

196 2351 257 2454 ᾖε
270 2349 349 2454 Egssj
376 2353 409 2420 in
424 2353 477 2418 bis
493 2354 574 2438 ipsis
588 2353 849 2431 difficultatibus,
874 2375 962 2438 quae
987 2353 1061 2418 Nos
1085 2354 1242 2420 obsident
1264 2353 1367 2432 domi,
1396 2353 1479 2416 nihil
1595 2391 1596 2418 r

197 2481 243 2572 {a
252 2467 349 2586 itesam:
375 2477 454 2522 cura
469 2458 648 2541 studioque
664 2457 789 2522 maiore
804 2457 857 2522 vel
873 2457 1066 2541 expetimus
1082 2457 1133 2522 vel
1151 2456 1352 2536 laboramus,
1378 2476 1481 2540 quam

200 2601 260 2634 ran.
376 2571 413 2626 ut
436 2561 469 2626 in
487 2561 689 2628 Germaniae
704 2561 825 2627 finibus
840 2562 1021 2646 tranquilla
1052 2563 1225 2628 Ecclesiae
1251 2563 1388 2628 libertas
1403 2580 1481 2626 cum

376 2666 553 2732 securitate
578 2667 670 2731 salva
688 2667 740 2732 sit.
756 2665 908 2750 Sperare,
926 2687 1012 2750 quae
1026 2667 1190 2750 cupimus,
1206 2667 1317 2752 plures
1344 2686 1484 2732 caussae

377 2771 514 2836 iubent:
530 2769 693 2836 celsitudo
708 2770 813 2836 animi
835 2781 937 2854 atqua
959 2773 1111 2854 aequitas
1133 2773 1336 2836 serenissimi
1371 2771 1483 2854 Impe-

377 2874 521 2938 ratoris:
558 2875 748 2940 constantia
769 2873 925 2951 virorum,
962 2875 1018 2958 qui
1042 2875 1238 2958 praesertim
1263 2875 1296 2938 in
1322 2873 1484 2957 legumla-

378 2987 498 3055 torum,
519 2986 618 3043 coetu
640 2997 701 3062 pro
735 2977 861 3042 iuribus
900 2977 1071 3043 Ecclesiae
1103 2979 1162 3044 diu
1189 2988 1224 3043 et
1246 2988 1382 3043 strenue
1403 2997 1484 3044 con·

378 3083 540 3146 tendunt:
564 3080 742 3146 concordia
763 3081 924 3159 omnium,
947 3089 1115 3166 quotquot
1137 3081 1218 3146 estis
1248 3081 1281 3144 in
1300 3079 1484 3146 Germania

379 3183 544 3252 catholici.

258 3309 358 3356 aurat
424 3289 496 3355 Nos
527 3289 702 3354 interima
732 3298 914 3372 conspectu
945 3297 979 3354 et
1004 3289 1139 3374 egregia
1169 3288 1344 3355 voluntate
1372 3296 1484 3352 vestra

198 3369 335 3488 ssssssffi
380 3415 482 3461 suave
493 3393 694 3479 percipimus
709 3391 876 3471 solatium,
902 3393 1003 3476 idque
1018 3402 1115 3457 tanto
1130 3393 1238 3476 magis
1268 3403 1304 3456 et
1328 3401 1483 3475 optatum

203 3488 356 3594 mg?
380 3509 414 3562 et
425 3507 663 3581 opportunum,
677 3505 805 3579 quanto
821 3493 894 3560 Nos
908 3494 1079 3561 acerbiora
1090 3505 1252 3580 premunt
1272 3493 1306 3557 in
1327 3503 1399 3558 tam
1409 3493 1483 3557 diu·

379 3612 479 3666 turna
504 3603 625 3666 iurium
650 3599 869 3684 Apostolicae
893 3598 991 3666 Sedis
1007 3598 1198 3665 violatione.
1216 3599 1337 3683 Itaque
1348 3605 1482 3683 gratum
1519 3655 1523 3664 .
1595 3643 1597 3690 3

381 3707 474 3770 vobis
490 3706 641 3769 animum
666 3703 861 3787 profitemur
876 3713 1016 3786 paterna
1041 3723 1118 3770 cum
1143 3703 1381 3768 benevolentia
1404 3720 1482 3766 con·

379 3807 537 3885 iunctum,
584 3817 685 3892 atquc
731 3808 902 3891 auspicem
943 3808 1135 3873 divinorum
1172 3825 1350 3872 munerum
1389 3803 1482 3872 vobis
1595 3823 1597 3832 ⁴

379 3919 413 3974 et
450 3910 583 3975 familiis
620 3909 748 3990 vestris,
784 3910 980 3994 cunctisque
1017 3933 1037 3976 e
1083 3909 1268 3978 Germania
1308 3905 1481 3973 catholicis

381 4014 612 4097 Apostolicam
636 4013 903 4080 benedictionem
925 4023 1139 4098 peramanter
1161 4013 1383 4098 impertimus.
