3336 4870
145 411 360 465 ncuocusro
380 401 400 430 ‘¹
414 415 679 468 auncrssruuu
698 415 917 468 coucamuu
936 415 1113 468 vasrnuu
1129 449 1149 478 „
1180 412 1250 481 249

143 587 327 652 novissimo
350 597 463 654 autem
487 601 648 672 tempore,
671 609 747 654 cum
764 611 809 654 ex
836 590 936 655 variis
963 591 1120 674 Europae
1149 589 1252 670 parti·
1279 606 1420 676 maganus

142 691 206 754 bus
222 691 255 754 in
280 691 431 756 civitates
456 692 624 775 principes
651 713 783 768 summa
807 693 982 758 voluntate
1009 692 1253 764 convenissent,
1277 667 1428 783 „fflr‘ln

142 793 240 858 utilia
255 795 353 858 rebus
377 796 612 860 communibus
637 797 775 861 consilia
791 799 877 861 inter
897 817 933 861 se
958 795 1119 874 collaturi,
1147 793 1252 858 nostis
1276 797 1428 894 fflen‘ff

141 903 305 976 quantam
332 903 463 978 partem
489 895 733 978 cogitationum
758 905 793 961 et
819 917 974 962 curarum
1010 916 1144 962 suarum
1171 894 1252 961 Sedi

141 997 364 1080 Apstolicae
390 999 576 1064 tribuerint.
600 999 753 1065 lamvero
780 1001 871 1084 quod
895 1011 1105 1078 censuerunt,
1125 1001 1167 1064 ad
1195 1016 1252 1063 cu·

141 1100 356 1166 stodiendam
387 1102 578 1185 Apostolici
622 1105 768 1168 muneris
795 1105 829 1168 in
867 1104 1030 1169 Pontifice
1062 1105 1250 1169 libertatem

143 1205 232 1268 civili
247 1208 436 1290 principatu
450 1227 523 1272 esse
534 1228 629 1292 opus,
642 1211 827 1274 sententias
838 1229 915 1274 suas
927 1211 970 1273 ad
984 1210 1178 1292 exemplum
1191 1208 1251 1272 do·
1275 1201 1428 1262 suassaiu-

142 1311 335 1395 ctrinasque
345 1313 443 1379 Sedis
453 1314 681 1397 Apostolicae‚
691 1326 729 1380 ut
745 1335 889 1398 aequum
900 1311 979 1392 erat,
991 1314 1250 1378 conformarunt.
1276 1266 1428 1366 litimi-

142 1414 245 1498 Quod
268 1426 380 1481 autem
397 1417 591 1484 enitendum
609 1418 672 1482 sibi
700 1420 792 1484 omni
818 1421 947 1484 ratione
966 1418 1116 1502 legitima
1138 1418 1250 1481 decre·
1275 1381 1428 1488 iiiam*

140 1530 271 1598 verunt,
303 1530 398 1585 utre
421 1523 496 1604 ipsa
523 1522 682 1586 Pontifex
704 1524 737 1586 in
763 1523 952 1587 libertatem
980 1522 1129 1588 debitam
1157 1521 1251 1586 resti·

140 1632 264 1702 tuetur,
284 1627 353 1689 iure
377 1645 439 1689 suo
458 1627 509 1690 usi
536 1635 624 1704 sunt,
651 1647 789 1691 caussae
805 1628 1016 1702 iustissimae,
1033 1646 1120 1710 quae
1136 1626 1250 1690 catho-

140 1728 281 1793 licorum
292 1731 444 1794 omnium
460 1732 649 1795 communis
665 1733 818 1813 putanda
833 1744 892 1807 est,
909 1733 1015 1797 tutela
1032 1741 1195 1814 suscepta.
1208 1767 1253 1778 -

142 1833 209 1898 Pro
241 1854 308 1917 qua
343 1854 461 1900 caussa
496 1835 570 1900 Nos
603 1835 741 1919 quidem
766 1838 916 1902 maxime
939 1847 973 1902 et
995 1845 1075 1900 ante
1097 1836 1191 1914 alios,
1213 1846 1252 1900 ut

138 1938 314 2016 debemus,
338 1939 395 2004 diu
412 1959 675 2023 propugnamus,
690 1942 733 2004 ab
749 1946 855 2024 eaque
871 1941 1082 2018 vindicanda,
1098 1942 1145 2007 ita
1162 1941 1250 2004 adsit

138 2042 306 2124 propitius
320 2043 424 2120 Deus,
445 2063 506 2108 nec
529 2043 758 2128 longinquitas
774 2046 935 2128 temporis
952 2045 1034 2122 Nos,
1058 2065 1167 2128 neque
1182 2044 1251 2109 ulla

138 2143 377 2210 difficultatum
395 2148 595 2230 magnitudo
610 2147 800 2214 deterrebit.

185 2248 271 2326 lam,
287 2257 323 2313 ut
339 2251 549 2332 propositum
571 2270 805 2333 exsequamur,
832 2251 987 2334 adlegere
1004 2251 1037 2312 in
1060 2249 1249 2340 Collegium
1291 2253 1426 2324 navicur-

436 2354 444 2369 ,
602 2355 611 2370 ,
792 2355 799 2370 ,
1060 2354 1068 2368 ,
1210 2354 1218 2369 ,
1274 2314 1370 2360 urnales
1415 2327 1428 2358 e

138 2362 289 2418 vestrum
315 2353 522 2418 decrevrmus
546 2353 733 2438 Episcopos
757 2355 884 2438 aliquot
909 2375 954 2418 ex
980 2353 1099 2431 Gallia,
1124 2353 1250 2436 Belgio,
1302 2372 1395 2443 Gallia,

1305 2433 1388 2490 Belgio

139 2457 315 2531 Bohemia,
343 2457 470 2541 pietate
495 2458 714 2542 doctrinaque
747 2460 1011 2536 commendatos,
1040 2459 1097 2541 qui
1123 2459 1156 2522 in
1189 2477 1251 2521 sua
1292 2467 1407 2536 poma

139 2563 284 2645 quisque
299 2561 444 2627 dioecesi
454 2563 940 2628 administrandaluculentum
951 2564 1113 2628 virtutum
1124 2562 1251 2644 episco·
1290 2555 1414 2598 ΜΨ·

137 2667 270 2750 palium
287 2667 409 2732 dedere
424 2669 615 2751 specimen:
631 2669 711 2732 item
728 2669 814 2732 duos
829 2667 1011 2732 Antistites
1025 2666 1251 2749 Urbanos,qui

139 2793 200 2854 per
222 2771 332 2835 varios
349 2791 522 2836 munerum
540 2773 664 2856 gradus
686 2772 889 2836 laudabilem
904 2791 1042 2854 operam
1059 2770 1140 2836 Sedi
1156 2769 1251 2852 Apo·

139 2874 284 2940 stolicae
295 2875 354 2939 diu
371 2885 543 2939 navarunt.
558 2875 587 2939 li
603 2885 717 2940 autem
734 2886 812 2941 sunt

140 3157 143 3164 p
232 3083 469 3149 Faaucrscus
500 3084 631 3148 Maura
656 3085 844 3162 R1cunno,
866 3084 1154 3170 Archiepiscopus¹

278 3186 492 3251 Parisiensis:
790 3180 796 3195 '

233 3398 419 3461 lossruus
442 3395 650 3461 Acruaous
675 3397 845 3476 Foucou‚
870 3396 1153 3480 Archiepiscopus

277 3500 513 3584 Lugdunensis
528 3525 535 3565 :

231 3707 395 3773 AMATUS
433 3708 580 3772 V1CTOR
618 3706 823 3784 GUILBERT]
867 3708 1149 3790 Archiepiscopus

279 3811 527 3893 Burdigalensis
540 3835 547 3876 :

234 4017 384 4083 Puraus
401 4017 632 4083 Lanasurus
647 4017 853 4095 Goossuus
869 4017 1151 4099 Archiepiscopus

279 4121 530 4188 Mechliniensis
546 4149 554 4188 ι

235 4331 471 4396 Fraucrscus
490 4332 720 4398 Pnuccnuus
744 4331 1014 4406 Senoausonu,
1030 4329 1149 4395 Archi-

277 4434 452 4518 episcopus
470 4435 664 4518 Prageusis:
