3194 4872
385 377 431 448 74
643 381 824 432 anscote
854 369 874 396 ‘⁴
898 380 939 432 tu
965 379 1144 433 onomius
1171 413 1191 444 ‚,

382 583 559 649 Timotheo
575 602 655 647 suo:
674 581 873 664 Quicumque
883 591 963 646 sunt
975 580 1036 645 sub
1050 583 1125 664 iuga
1138 581 1236 658 servi,
1246 581 1392 645 dominos
1405 601 1472 646 snos

381 687 473 752 omni
487 687 602 752 honore
615 685 731 768 dc'gnos
744 683 970 750 arbitrentur:
979 685 1039 768 qui
1051 685 1283 768 autcmfidcles
1292 685 1411 750 habent
1427 685 1472 749 do·

383 793 495 868 minos,
510 813 571 856 nen
580 799 792 867 contemnant,
806 789 885 872 quia
892 791 1024 870 fratres
1038 797 1124 867 sunt,
1135 789 1196 853 sed
1203 791 1311 874 magis
1324 789 1472 865 serviant,

382 897 461 980 quia
463 893 577 979 fideles
590 904 670 959 sunt
678 906 708 958 et
728 893 846 970 dt'lecti,
858 893 917 975 qui
935 891 1078 976 beneficii
1092 893 1270 976 partr‘cq'oes
1290 903 1375 958 sunt.
1390 893 1477 958 Haec

383 999 454 1062 doce
468 1006 500 1062 et
522 985 688 1063 cxlcortare
702 997 752 1080 (¹).
769 996 849 1061 Tito
873 997 995 1080 pariter
1012 997 1192 1074 mandavit,
1210 998 1344 1062 doceret
1371 1017 1475 1062 servos

383 1103 525 1168 dominis
538 1103 606 1166 suis
619 1100 766 1166 subditos
779 1121 853 1178 esse,
876 1099 911 1164 in
928 1100 1077 1164 omnibus
1084 1101 1255 1183 placentes,
1270 1121 1332 1166 non
1357 1111 1474 1166 contra·

383 1209 529 1284 arcentes,
541 1205 819 1284 nonsraudantss,
830 1204 936 1269 sedin
959 1203 1216 1289 omnibusfidern
1241 1203 1356 1270 bonam
1378 1216 1474 1270 osten-

383 1313 500 1389 dentes,
512 1319 550 1374 ut
571 1308 750 1374 doctrinam
771 1307 955 1376 Salvataris
979 1309 1085 1373 nostri
1097 1309 1165 1374 Dei
1185 1319 1300 1374 ornent
1322 1311 1356 1374 in
1379 1311 1475 1375 omni-

386 1416 444 1480 bus
459 1415 472 1499 (
489 1414 510 1498 ).
534 1449 577 1462 -
593 1411 645 1475 llli
660 1432 738 1476 vero
754 1411 831 1476 fidei
847 1411 1046 1477 christianae
1061 1414 1160 1496 prisci
1183 1413 1336 1496 discipuli
1357 1415 1477 1496 optime

385 1518 630 1591 intellexerunt,
653 1533 694 1580 ex
710 1515 768 1580 tali
784 1515 958 1580 hominum
975 1517 1119 1580 fraterna
1135 1519 1168 1581 in
1185 1515 1318 1582 Christo
1338 1519 1477 1602 aequali·

385 1633 456 1689 tate
467 1619 548 1684 nihil
561 1619 740 1684 admodum
757 1620 800 1683 de
809 1619 979 1702 obsequio,
994 1621 1036 1684 de
1051 1619 1187 1698 honore,
1203 1621 1245 1686 de
1262 1619 1431 1699 fidelitate,
1441 1623 1477 1686 de

385 1725 502 1790 ceteris
518 1721 642 1798 officiis,
657 1723 775 1802 quibus
792 1723 835 1786 ad
861 1723 1016 1787 dominos
1032 1732 1231 1801 tenerentur,
1246 1743 1354 1806 neque
1380 1723 1476 1787 minoi
1587 1791 1588 1798 ,

387 1848 493 1911 neque
514 1824 636 1888 remitti
650 1845 658 1902 ;
673 1824 748 1888 inde
764 1835 876 1891 autem
900 1844 966 1889 non
989 1845 1092 1890 unum
1117 1825 1274 1909 consequi
1298 1827 1433 1903 bonum,
1446 1835 1478 1888 ut
1587 1869 1588 1904 ,

386 1933 504 1994 eadem
520 1929 676 1992 nimirum
692 1925 797 1992 officia
812 1938 846 1994 et
869 1929 1009 1994 certiora
1025 1938 1145 2005 essent,
1159 1939 1194 1993 et
1220 1929 1343 1993 leviora
1369 1927 1478 1992 fierent
1587 1971 1588 1980 η

386 2045 486 2118 atque
512 2031 626 2096 suavia
648 2029 691 2093 ad
712 2031 944 2110 exercendum,
969 2040 1004 2096 et
1031 2031 1248 2096 fructuosiora
1274 2032 1317 2095 ad
1342 2031 1475 2115 gloriam

386 2135 639 2220 promerendam
655 2132 838 2200 caelestem.
856 2133 911 2200 Sic
927 2135 1016 2199 enim
1044 2135 1189 2200 dominis
1215 2136 1431 2200 reverentiam
1446 2146 1475 2198 et

386 2243 546 2306 honorem
562 2237 734 2302 habebant
747 2244 916 2320 tamquam
935 2238 974 2301 iis
1000 2237 1191 2302 hominibus
1203 2241 1260 2322 qui
1285 2240 1476 2304 auctoritate

389 2346 462 2424 Dei,
477 2365 498 2410 a
512 2363 579 2429 quo
601 2341 710 2407 omnis
740 2349 886 2423 potestas
901 2343 1079 2421 derivatur,
1091 2343 1274 2427 pollerent;
1301 2363 1368 2408 non
1395 2343 1476 2427 apud

236 2456 362 2502 verorum·
388 2450 477 2534 ipsos
488 2465 670 2531 poenarum
683 2453 792 2509 metus
802 2456 857 2511 aut
867 2445 1079 2510 consiliorum
1091 2447 1214 2512 astutia
1225 2457 1259 2512 et
1268 2447 1478 2512 incitamenta

206 2517 363 2621 ii‘ia'i‘ii'
388 2553 569 2618 utilitatum
604 2548 770 2624 valebant,
800 2550 858 2612 sed
881 2551 1084 2615 conscientia
1117 2549 1227 2630 officii,
1252 2552 1302 2616 vis
1327 2553 1473 2616 caritatis

210 2635 293 2680 ctrina
317 2635 361 2678 eol·

212 2693 308 2752 afim,
315 2706 361 2738 ,φ
386 2657 542 2722 Vicissim
555 2655 597 2718 ad
610 2653 764 2718 dominos
774 2653 861 2717 iusta
870 2655 912 2720 ab
923 2653 1092 2738 Apostolo
1105 2655 1277 2736 spectabat
1287 2656 1476 2728 cohortatio,
1588 2705 1589 2738 ,

207 2756 362 2870 Jgt'ffjfm'gj
388 2771 425 2824 ut
439 2761 525 2823 bene
540 2757 636 2822 iactis
652 2774 821 2820 servorum
847 2757 988 2838 gratiam
1013 2757 1075 2840 ipsi
1098 2757 1222 2822 bonam
1247 2758 1477 2840 rependerent:

211 2868 363 2972 multoz&
388 2863 435 2928 Et
445 2883 508 2939 vos,
520 2858 653 2935 domini,
664 2857 776 2922 eadem
778 2858 886 2938 facite
900 2859 975 2939 illis,
998 2862 1195 2926 remittentes
1210 2862 1319 2926 minas
1330 2863 1477 2938 :scientes

208 2992 260 3044 pao
286 2999 362 3056 sema
386 2967 465 3050 quia
480 2975 512 3028 ct
527 2963 658 3028 illorum
672 2971 816 3025 etvcstcr
828 2961 990 3030 Dominus
1000 2975 1049 3029 est
1057 2965 1092 3028 in
1113 2965 1219 3043 caelis,
1233 2975 1265 3030 et
1272 2975 1476 3048 personamm

207 3059 268 3150 ,mn-'¹'
291 3045 361 3091 ΕΜ
386 3069 519 3152 acceptio
530 3086 593 3130 non
608 3074 656 3129 est
665 3063 756 3147 apud
762 3085 835 3128 cum
848 3063 908 3148 (3):
925 3067 1177 3145 considerarent,
1191 3069 1277 3133 sicut
1286 3089 1382 3132 servo
1396 3067 1474 3130 haud

388 3163 530 3257 aequum
561 3179 684 3234 sortem
710 3169 823 3233 dolere
849 3188 954 3246 suam,
977 3191 1080 3255 quum
1105 3171 1242 3236 libertus
1269 3171 1314 3236 sit
1341 3167 1476 3241 Domini,

388 3297 494 3360 neque
510 3277 589 3338 item
605 3274 732 3338 homini
749 3273 863 3351 libero,
878 3293 981 3356 quum
1000 3275 1124 3342 Christi
1143 3276 1191 3339 sit
1202 3297 1317 3340 servus
1327 3276 1379 3360 (4),
1389 3275 1476 3339 licere

388 3398 527 3460 usquam
544 3377 676 3458 spiritus
703 3375 819 3441 tollere
841 3377 1047 3461 superbeque
1068 3379 1239 3461 imperare.
1259 3380 1298 3443 ln
1324 3399 1392 3462 quo
1413 3383 1476 3441 erat

388 3481 531 3547 dominis
558 3489 781 3562 praeceptum,
797 3489 834 3544 ut
849 3481 917 3544 suis
933 3480 995 3562 ipsi
1017 3481 1050 3546 in
1067 3482 1168 3546 servis
1194 3483 1364 3547 hominem
1381 3499 1474 3564 agno-

386 3591 515 3647 scerent
530 3583 830 3665 convenienterque
841 3583 997 3662 colerent,
1009 3603 1115 3667 neque
1131 3583 1214 3648 alios
1229 3605 1250 3648 a
1264 3604 1300 3647 se
1313 3594 1436 3658 natura,
1447 3588 1476 3643 et

387 3705 499 3751 secum
515 3705 612 3767 pares
635 3683 793 3767 religione
808 3705 1050 3770 conservosque
1065 3687 1109 3752 ad
1133 3687 1321 3752 communis
1346 3683 1475 3752 Domini

389 3791 605 3854 maiestatem.
615 3825 658 3836 —-
669 3789 746 3852 lstis
758 3800 827 3853 tam
843 3789 941 3854 rectis
953 3788 1089 3872 legibus,
1105 3791 1319 3874 maximeque
1335 3790 1427 3855 iactis
1438 3787 1474 3852 ad

225 3938 281 3996 Qua
289 3939 354 3984 aaa·
389 3903 498 3976 partes
512 3891 769 3956 conformandas
798 3892 966 3956 societatis
981 3892 1194 3967 domesticae.
1212 3913 1247 3958 re
1271 3895 1344 3977 ipsa
1370 3909 1475 3976 parue-

214 3998 253 4042 1¹¹⁸
274 3997 361 4048 dmi·
389 4009 464 4062 runt
481 3997 646 4080 Apostoli.
676 3996 811 4078 Insigne
827 3997 920 4060 Pauli
947 3998 1149 4080 exemplum,
1164 4008 1202 4064 ut
1218 3998 1295 4064 iecit
1323 3997 1379 4063 ille
1407 3997 1474 4062 scri-

211 4057 309 4114 primus
343 4069 363 4100 e·

175 4143 177 4148 -
208 4116 257 4173 gn,
283 4114 363 4160 onst·
389 4099 520 4182 psitque
540 4097 700 4163 benevole
721 4118 782 4180 pro
803 4098 973 4178 onesimo,
989 4120 1084 4164 servo
1101 4100 1303 4166 Philemonis
1324 4101 1476 4184 fugitivo:

213 4186 362 4277 mai?
389 4221 486 4283 quem
504 4202 634 4265 adeum
651 4202 791 4266 remittit
805 4201 867 4266 hac
895 4205 1079 4285 peramanti
1104 4206 1412 4270 commendatione:
1431 4200 1474 4265 Tr

420 4419 546 4474 1.1Tlm..
559 4431 595 4474 vr,
606 4435 650 4469 oa
660 4434 719 4467 -a
732 4421 789 4474 Tit,
803 4431 831 4475 11,
844 4435 905 4480 9-10.
914 4436 970 4482 -3,
986 4422 1180 4484 IEphea,v1.p
1191 4439 1250 4482 -4
1265 4423 1350 4476 1Cor..
1359 4432 1404 4473 vn,
1413 4431 1446 4466 η
