3250 4876
308 359 529 412 ALLOCUTIO
558 348 579 376 “
597 359 867 413 TEMPESTIVUM
895 360 1121 425 QUODDAM„
1203 365 1274 434 303

160 538 296 616 tentias,
311 547 346 602 et
362 539 425 603 hoc
441 559 514 602 esse
530 557 665 621 prorsus
681 557 861 602 commune
883 539 1104 622 propositum,
1119 560 1276 606 exercere

161 661 239 706 eum
269 644 361 708 avita
391 643 552 726 religione
590 642 793 720 inimicitias,
824 663 1070 727 pravarumque
1108 654 1275 710 sectarum

161 747 320 829 auspiciis
335 756 371 812 et
394 749 498 813 ductu
524 755 634 812 totum
661 747 817 812 italorum
833 767 949 831 genus,
964 749 992 812 si
1009 747 1079 812 fieri
1094 761 1217 832 posset,
1233 750 1278 814 ab

163 850 335 916 Ecclesiae
350 852 533 934 complexu
549 850 716 916 divellere.
731 850 933 934 Compertas
961 850 1035 916 illas
1049 852 1192 931 habetis,
1207 853 1277 918 Ve-

160 955 326 1021 nerabiles
343 955 488 1034 Fratres,
504 955 623 1039 plenas
637 955 894 1038 importunitate
921 965 1024 1040 atque
1043 957 1185 1022 audacia
1201 976 1277 1021 sen·

160 1060 296 1126 tentias.
318 1060 551 1124 Romanorum
575 1057 776 1124 Pontificum
804 1059 837 1124 iu
855 1059 972 1126 urbem
997 1059 1144 1125 Romam
1169 1081 1277 1146 oppu-
1309 1083 1445 1152 prasermn

160 1183 267 1246 gnare
282 1165 354 1229 iura
369 1163 509 1247 placuit,
518 1164 704 1246 eademque
720 1182 827 1246 usque
841 1163 929 1228 adeo
942 1163 1102 1248 opinione
1119 1165 1278 1245 minuere,
1301 1147 1454 1247 “mpii''

163 1279 281 1332 utnon
294 1267 369 1352 plus
385 1267 509 1332 habere
523 1261 686 1332 momenti
698 1267 790 1332 dicta
802 1267 878 1346 sint,
890 1287 993 1350 quam
1005 1270 1095 1351 quod
1109 1269 1275 1353 regiarum
1302 1261 1454 1366 fflffrffi

163 1374 341 1437 domorum
358 1373 505 1438 rationes
521 1371 645 1436 babere
660 1371 814 1436 universe
829 1370 948 1437 solent.
964 1372 1066 1456 Quod
1093 1385 1206 1438 autem
1223 1384 1277 1439 est
1302 1335 1412 1426 Roriam

164 1477 275 1543 Nobis
299 1487 463 1561 ereptum,
477 1476 511 1541 id
537 1495 610 1540 esse
635 1476 731 1542 novis
758 1475 1006 1559 possessoribus
1036 1477 1133 1542 firmo
1159 1498 1276 1562 perpe·

164 1589 292 1662 tuoque
317 1580 387 1644 iure
411 1580 612 1663 quaesitum,
637 1579 734 1664 quasi
762 1579 854 1642 nasci
881 1580 932 1644 ius
959 1582 1061 1646 cxvi
1088 1581 1275 1665 iniuriaque

163 1684 281 1766 possit.
294 1721 339 1734 -
353 1683 649 1768 Supervacaneum
666 1683 819 1768 prolecto
833 1693 885 1748 est
901 1684 965 1748 hoc
990 1683 1065 1750 loco
1084 1687 1277 1750 meminisse

164 1787 281 1852 titulos
296 1788 436 1851 omnino
451 1787 647 1870 singulares,
659 1806 802 1870 quorum
818 1789 938 1852 caussa
953 1786 1060 1853 Sedes
1076 1787 1279 1872 Apostolica
1351 1817 1456 1864 Cam„

166 1892 218 1955 ius
233 1891 296 1954 sibi
312 1911 410 1955 suurn
427 1891 461 1954 in
480 1889 573 1957 Urbe
589 1890 749 1968 vindicat,
763 1891 957 1955 vindicabit.
974 1891 1102 1957 Pariter
1129 1893 1210 1957 nihil
1228 1903 1280 1958 est
1305 1877 1457 1982 ᾗζῇῗωῇξζ

170 2015 257 2079 opus
272 2005 427 2062 naturam
444 2015 708 2060 commemorare
724 1995 829 2059 civilis
846 2016 1061 2060 romanorum
1079 1995 1279 2062 Pontificum
1306 1995 1380 2042 Μ·
1505 1987 1507 1994 ⁴

169 2099 388 2183 principatus,
403 2100 471 2182 qui,
486 2118 561 2162 cum
578 2098 656 2162 illuc
672 2099 838 2182 pertineat
855 2109 891 2163 ut
902 2097 1094 2182 Apostolici
1106 2101 1281 2165 ministerii

171 2203 363 2268 libertatem
379 2202 649 2287 dignitatemque
664 2203 814 2267 debitam
830 2202 954 2268 efficaci
971 2204 1124 2268 custodia
1139 2213 1281 2280 tueatur,

171 2329 324 2374 caussam
349 2307 454 2372 habet
478 2308 542 2373 sibi
567 2308 665 2372 unice
691 2308 871 2390 propriam,
887 2309 1045 2391 idemque
1069 2309 1281 2373 acommuni

171 2413 302 2476 ratione
331 2412 581 2496 principatuum
607 2431 674 2476 non
702 2431 820 2494 parum
850 2410 971 2476 dill'ert
997 2411 1047 2475 At
1076 2430 1156 2476 vero
1185 2412 1281 2477 silere
1338 2438 1396 2486 Non
1406 2440 1459 2500 agr.

173 2517 312 2581 omnino
328 2537 438 2600 neque
452 2535 641 2600 possumus,
657 2534 765 2600 neque
789 2514 961 2594 debemus,
976 2536 1053 2580 cum
1080 2517 1114 2580 in
1130 2519 1281 2600 Aposto-
1308 2500 1460 2604 ‘'anagnu'‘

171 2621 271 2686 licam
299 2622 424 2689 Sedem
456 2623 539 2688 istos
568 2621 661 2686 velut
692 2631 870 2688 renovatos
900 2622 1046 2706 impetus
1070 2625 1121 2689 vis
1146 2624 1283 2689 inimica
1307 2617 1348 2722 j?
1357 2618 1458 2724 drjffufgj

171 2735 356 2791 convertat.
383 2725 437 2790 Eo
464 2725 515 2789 vel
543 2725 702 2803 maxime,
725 2726 815 2809 quod
844 2723 878 2788 in
908 2727 1178 2808 propugnatione
1203 2727 1283 2792 iuris
1306 2750 1361 2790 cra.

172 2831 290 2896 Nostri
307 2849 375 2895 non
392 2829 534 2894 tutelam
552 2830 598 2893 rei
614 2829 753 2894 alicuius
770 2828 921 2894 mortalis
938 2830 1046 2895 Nobis
1061 2833 1281 2914 proponimus

172 2937 237 3020 ipsi
263 2944 437 3020 tamquam
466 2933 578 3013 linem,
603 2936 661 3000 sed
690 2935 818 2998 maiora
844 2935 1010 3017 quaedam
1038 2945 1141 3020 atque
1162 2937 1283 3004 altiora

171 3049 374 3124 spectamus.
383 3039 553 3104 Videlicet
564 3037 665 3102 fidem
675 3037 891 3104 christianam
902 3040 1091 3103 conservari
1108 3039 1284 3124 integram,

173 3154 211 3209 ut
225 3153 371 3227 oportet,
385 3142 562 3207 volumus:
574 3143 646 3208 eius
661 3144 751 3207 enirn
768 3151 906 3208 vocatur
918 3142 952 3207 in
962 3143 1141 3208 discrimen
1158 3145 1284 3208 incolu-

174 3249 284 3326 mitas,
311 3248 451 3332 quando
474 3247 533 3330 qui
560 3247 687 3330 populo
705 3255 864 3330 praesunt
887 3247 948 3311 has
972 3257 1084 3330 partes
1111 3249 1285 3332 assignant

174 3351 387 3435 reipublicae,
416 3351 589 3416 vindicare
615 3351 784 3416 humanae
814 3351 937 3416 rationi
967 3351 1040 3416 sine
1070 3353 1183 3432 modo,
1212 3355 1285 3418 sine

174 3457 258 3540 lege,
274 3456 497 3538 principatum
513 3479 520 3519 :
536 3455 637 3538 quod,
654 3455 764 3518 missis
786 3454 996 3538 ambagibus,
1013 3455 1094 3520 nihil
1118 3468 1169 3521 est
1185 3457 1286 3534 aliud,

173 3576 277 3640 quam
304 3575 459 3639 respuere
484 3554 636 3619 funditus
660 3574 893 3638 quaecumque
918 3555 1031 3620 aDeo
1056 3558 1181 3622 tradita
1196 3565 1286 3633 sunt,

174 3659 341 3744 planeque
371 3661 415 3725 ab
447 3658 599 3723 Ecclesia
628 3659 823 3724 desciscere.
853 3659 975 3742 Itaque
1011 3679 1076 3724 non
1109 3660 1143 3725 id
1174 3663 1287 3743 agitur
1313 3683 1464 3758 implacabili

174 3775 307 3829 tantum
337 3775 375 3828 ut
406 3763 602 3846 religionem
633 3763 753 3828 civitas
784 3762 910 3827 nullam
949 3763 1073 3828 habeat
1110 3765 1288 3846 potiorem,
1312 3749 1373 3854 22²2
1394 3745 1465 3791 ‘⁰⁶³⁸'

175 3868 522 3953 aequabilitatemque
544 3867 625 3930 iuris
641 3867 803 3950 largiatur
818 3867 912 3931 nullo
927 3868 1121 3932 discrimine
1137 3868 1288 3951 singulis,

176 3974 212 4038 in
229 3994 297 4057 quo
323 3974 439 4057 iniqua
463 3981 497 4036 et
522 3991 655 4036 summe
672 3971 859 4054 perniciosa
883 3972 956 4054 ipsa
972 3971 1195 4054 aequabilitas
1218 3983 1289 4039 est:

178 4081 239 4146 sed
255 4079 418 4145 lacessere
443 4078 554 4162 placet
580 4077 783 4142 catholicum
807 4097 930 4146 nomen
954 4075 1088 4159 publica
1110 4078 1292 4142 denuncia-

179 4186 275 4250 tione
291 4183 381 4261 belli,
395 4193 429 4247 et
444 4201 522 4246 cum
538 4181 693 4264 pessimis
709 4181 799 4246 IESU
816 4179 977 4248 CHRISTI
994 4179 1137 4244 inimicis
1152 4182 1292 4246 consilia

180 4289 337 4371 viresque
363 4286 576 4368 coniungere.
592 4284 664 4350 Vix
690 4284 850 4351 credibile
876 4285 1039 4364 videatur,
1055 4285 1120 4350 huc
1147 4288 1294 4372 denique

181 4414 258 4459 esse
273 4400 481 4476 perventum,
497 4390 597 4475 idque
622 4390 655 4455 in
674 4391 837 4456 Italorum
853 4399 964 4475 gente,
979 4411 1067 4476 quae
1093 4393 1294 4458 christianae
