3310 4868
360 351 429 440 184
545 371 727 424 ssrsrota
755 357 776 388 “
794 371 862 422 ess
889 373 988 424 snus
1015 371 1222 426 nousssusr
1240 411 1262 440 „

353 553 489 636 spernit,
506 553 533 616 is
549 552 688 636 perinde
704 549 783 614 iacit
799 571 837 614 ac
853 550 880 612 si
897 550 1013 616 audiat
1036 551 1087 615 vel
1104 565 1239 635 spernat
1257 553 1459 620 CHRls'rth

289 675 299 698 ·
354 655 552 721 Dominum.
583 657 639 720 Ex
671 653 850 738 Episcopis
876 663 1009 718 constat
1039 675 1117 737 pars
1154 655 1325 721 Ecclesiae
1359 657 1460 739 longe

353 759 601 842 augustissima,
625 778 712 842 quae
736 758 893 821 nimirum
919 759 1017 822 docet
1044 778 1083 821 ac
1107 759 1192 842 regit
1214 759 1367 824 homines
1390 761 1460 824 iure

354 863 487 928 divino:
503 863 548 950 ob
572 883 715 946 eamque
738 881 809 925 rem
828 861 1031 944 quicumque
1057 861 1104 925 eis
1132 864 1274 942 resistat,
1289 863 1342 928 vel
1368 863 1460 927 dicto

354 967 495 1032 audiens
522 986 595 1031 esse
616 967 829 1050 pertinaciter
855 975 994 1040 recuset,
1009 965 1065 1029 ille
1087 967 1131 1030 ab
1159 966 1310 1032 Ecclesia
1327 967 1459 1050 longius

356 1071 481 1136 recedit
504 1069 557 1154 ().
580 1107 624 1120 -
650 1069 769 1154 Neque
795 1091 873 1134 vero
897 1069 1103 1134 continenda
1128 1071 1376 1154 obtemperatio
1401 1080 1460 1146 eet,

356 1177 450 1258 quasi
467 1174 597 1254 finibus,
615 1175 648 1239 in
665 1175 765 1239 rebus
780 1175 823 1239 ad
840 1172 940 1237 fidem
965 1173 1180 1238 christianam
1205 1175 1461 1257 pertinentibus,

355 1279 414 1342 sed
448 1279 555 1344 multo
586 1279 731 1362 amplius
764 1278 973 1362 proferenda,
996 1279 1152 1343 videlicet
1184 1279 1227 1341 ad
1251 1299 1303 1342 res
1332 1297 1460 1356 omues,

355 1403 585 1467 quascumque
615 1383 815 1466 episcopalis
845 1391 995 1464 potestas
1025 1382 1267 1466 complectitur.
1299 1383 1387 1450 Sunt
1414 1381 1461 1446 illi

213 1501 333 1548 nectarae
354 1485 491 1566 quidem
524 1487 557 1550 in
589 1487 716 1569 populo
746 1486 929 1550 christiano
960 1483 1037 1548 fidei
1068 1495 1205 1550 sanctae
1235 1485 1396 1570 magistri,
1426 1493 1461 1546 at

179 1573 297 1620 quousque
308 1573 331 1606 se
569 1594 576 1608 .
804 1580 811 1596 ·
1306 1593 1313 1606 .

198 1620 313 1666 ama„
355 1601 516 1675 praesunt
532 1602 634 1657 ettam
651 1603 825 1675 tamquam
843 1601 988 1656 rectores
1003 1602 1037 1657 et
1052 1593 1164 1670 duces,
1180 1602 1282 1675 atquc
1305 1601 1351 1656 rta
1367 1611 1461 1674 prae·

178 1679 331 1798 mma
355 1706 443 1774 sunt,
460 1705 497 1761 ut
519 1697 562 1762 de
587 1697 763 1761 hominum
791 1695 908 1774 salute,
922 1715 1008 1780 quos
1024 1696 1149 1762 habent
1172 1697 1285 1760 aDeo
1307 1697 1464 1773 creditos,

178 1798 291 1859 maner.
355 1802 418 1884 ipsi
436 1803 513 1867 Deo
528 1804 614 1868 ratio
629 1805 673 1867 sit
688 1803 733 1868 ab
749 1801 813 1866 illis
829 1803 1013 1886 aliquando
1029 1804 1209 1868 reddenda.
1226 1805 1328 1869 Unde
1345 1803 1463 1868 existit

355 1906 413 1970 illa
430 1907 523 1972 Pauli
540 1906 699 1990 Apostoli
712 1907 754 1971 ad
771 1907 970 1970 christianos
986 1907 1154 1972 hortatio:
1170 1907 1289 1972 obedite
1297 1908 1464 1992 praeposi·

355 2009 401 2072 tis
430 2009 549 2074 vestris
582 2019 614 2072 et
637 2010 795 2073 sribiacete
820 2010 893 2084 eis,·
924 2009 989 2092 ipsi
1016 2011 1104 2074 enim
1130 2010 1339 2092 pervigilant
1367 2009 1466 2094 qnasi

356 2115 516 2178 rationem
518 2126 582 2199 pro
597 2113 772 2177 animabus
786 2114 905 2178 vestras
921 2103 1110 2199 re'ddituri(
1128 2115 1149 2198 ).
1163 2153 1207 2165 —
1221 2116 1344 2201 Liquet
1358 2104 1463 2181 enim·

356 2238 435 2282 vero
447 2225 482 2282 et
494 2219 707 2300 perspicuum
724 2227 784 2295 est,
798 2217 967 2300 duplicem
984 2219 1159 2284 hominum
1173 2241 1244 2284 esse
1260 2221 1293 2283 in
1312 2220 1465 2284 Ecclesia

237 2362 332 2408 Munus
356 2323 519 2399 ordinem,
535 2320 678 2386 alterum
694 2321 738 2386 ab
753 2320 860 2386 altero
877 2334 996 2388 natura
1011 2342 1072 2387 sua
1092 2325 1298 2403 distinctum,
1313 2335 1465 2408 pastores

190 2421 317 2480 ‚tenusque
357 2435 390 2490 et
410 2445 558 2510 gregem,
574 2427 607 2490 id
624 2436 675 2489 est
691 2435 836 2488 rectores
863 2435 896 2490 et
924 2427 1182 2492 multitudinem.
1201 2427 1322 2491 Prioris
1338 2429 1465 2492 ordinis

179 2484 208 2530 in
224 2480 330 2528 Ecclesia

205 2541 308 2592 ordinis.
357 2549 479 2594 munus
506 2538 558 2594 est
582 2530 712 2606 docere,
727 2527 923 2612 gubernare,
940 2531 1102 2594 moderari
1130 2532 1219 2595 vitae
1242 2531 1464 2614 disciplinam,

176 2603 333 2662 perimeret
776 2629 783 2642 .
1043 2632 1050 2645 .
1445 2634 1453 2648 ,

177 2660 266 2722 mn,
282 2657 332 2718 nis.
357 2642 536 2714 praecepta
561 2628 664 2693 dare:
688 2628 824 2692 alterrus
854 2649 934 2692 vero
964 2629 1110 2694 officium
1137 2632 1283 2708 subesse,
1313 2633 1464 2714 obsequi,

173 2719 243 2782 Μ
358 2743 538 2819 praecepta
562 2733 665 2816 sequi,
686 2733 847 2796 honorem
876 2733 1043 2799 adhibere.
1061 2735 1161 2817 Quod
1187 2737 1224 2810 si,
1246 2738 1303 2820 qui
1327 2737 1464 2802 subesse

358 2839 492 2917 debent,
515 2846 627 2921 partes
652 2855 767 2900 eorum
785 2837 840 2919 qui
863 2849 940 2904 sunt
965 2840 1144 2922 superioris
1170 2840 1296 2904 ordinis
1321 2851 1465 2918 sumant,

359 2945 406 3009 illi
423 2963 489 3008 non
519 2943 622 3007 modo
648 2951 774 3006 temere
800 2951 834 3006 et
857 2942 976 3006 iniuria
1004 2943 1139 3021 faciunt,
1154 2945 1222 3021 sed,
1237 2955 1401 3028 quantum
1429 2945 1462 3008 in

359 3050 440 3132 ipsis
452 3057 512 3126 est,
527 3047 678 3110 ordinem
696 3046 740 3108 ab
750 3054 886 3109 auctore
903 3045 1074 3111 Ecclesiae
1086 3047 1163 3112 Deo
1173 3049 1464 3130 providentissime

195 3182 331 3288 fiper„
359 3153 581 3220 constitutum
596 3149 747 3214 funditus
759 3160 961 3232 pervertunt
978 3187 1021 3200 -—
1038 3150 1074 3216 Si
1091 3171 1170 3216 vero
1185 3152 1270 3217 forte
1285 3155 1463 3238 quisquam

193 3256 266 3302 usque
283 3255 324 3286 une
362 3260 369 3274 ·

182 3315 254 3347 „m
265 3301 335 3346 M„
360 3279 393 3323 rn
425 3260 499 3341 ipso
539 3257 784 3338 Episcoporum
815 3256 932 3320 ordine
963 3259 1145 3339 reperiatur
1175 3278 1241 3322 non
1273 3279 1354 3324 suae
1384 3259 1465 3324 satis

190 3361 334 3466 cmm
361 3381 489 3426 memor
513 3361 698 3444 dignitatis,
720 3358 778 3441 qui
806 3359 1001 3442 religionem
1029 3361 1129 3426 officii
1155 3362 1268 3444 aliqua
1294 3383 1340 3426 ex
1371 3374 1466 3446 parte

182 3479 336 3549 neseyjunctgs
361 3470 514 3534 videatur
529 3467 723 3542 deseruisse,
740 3465 822 3528 nihil
840 3467 902 3548 ipsi
914 3468 960 3530 ob
975 3487 1050 3531 eam
1066 3487 1219 3532 caussam
1239 3471 1283 3532 de
1299 3478 1467 3553 potestate

183 3543 335 3644 ‘militis'
361 3593 421 3637 sua
448 3572 645 3647 decederet;
674 3579 707 3632 et
735 3570 895 3652 quamdiu
921 3572 1192 3634 communionem
1218 3590 1295 3634 cum
1327 3591 1467 3636 romano

183 3657 336 3762 {ffffifssj
362 3674 525 3742 Pontifice
548 3672 730 3750 retinuerit,
746 3671 897 3754 proiecto
912 3695 956 3736 ex
978 3673 1049 3736 eius
1064 3674 1194 3738 ditione
1213 3675 1326 3738 liceret
1342 3676 1466 3738 nemini

184 3780 248 3828 ΜΠ
362 3778 610 3846 observantiam
634 3777 667 3839 in
689 3795 765 3839 eum
791 3787 892 3858 atque
912 3777 1140 3841 obedientiam
1166 3779 1324 3843 minuere.
1341 3777 1467 3843 Contra

185 3947 254 3993 quem
302 3949 337 3982 re-
362 3883 528 3968 inquirere
559 3883 591 3944 in
624 3892 698 3944 acta
727 3881 982 3963 Episcoporum,
1006 3901 1112 3964 eaque
1139 3885 1348 3964 redarguere,
1374 3883 1467 3948 nullo

186 3993 336 4114 almaq-
363 3989 465 4053 modo
480 3987 602 4050 attinet
617 3985 660 4048 ad
678 3985 845 4067 privatos:
862 4003 975 4048 verum
999 3987 1042 4048 ad
1058 4005 1116 4048 eos
1140 3988 1321 4049 dumtaxat
1337 3987 1468 4063 attinet,

185 4111 214 4164 rs,
240 4112 281 4157 seu
298 4127 337 4157 su.
362 4095 418 4176 qui
440 4111 535 4155 sacro
551 4091 583 4152 in
601 4089 718 4152 ordine
734 4088 798 4150 illis
819 4098 986 4169 potestate
1002 4091 1213 4166 antecedunt,
1229 4091 1408 4172 praecipue
1422 4090 1466 4152 ad

205 4170 316 4275 {affl-⁸,
363 4193 560 4260 Pontificem
590 4193 787 4260 maximum.
813 4191 939 4274 quippe
966 4193 1018 4255 cui
1046 4192 1236 4258 CHRISTUS
1263 4213 1330 4257 non
1362 4211 1468 4274 agnos

183 4291 224 4341 esi,

392 4436 411 4469 1.
430 4421 530 4473 Marth..
547 4431 625 4473 xvm,
640 4433 674 4477 17·
687 4432 748 4466 -a
767 4419 962 4476 Heb.,x111.17.
