3336 4870
1470 764 1477 777 Ο

264 1056 332 1101 1888-
431 1011 547 1248 OE
612 1055 944 1138 quinquagesimum,
974 1053 1135 1137 singulari
1166 1075 1303 1120 munere
1332 1058 1513 1125 beneficio·

259 1215 374 1276 msa
399 1097 586 1324 bjx-E
609 1178 674 1241 que
695 1158 823 1234 divino,
845 1157 1030 1221 incolumes
1054 1157 1194 1239 egimus,
1231 1171 1351 1242 sponte
1378 1165 1514 1247 respicit

217 1280 373 1336 gmuncor-
608 1281 703 1326 mens
719 1261 847 1326 Nostra
878 1261 1023 1344 spatium
1051 1263 1305 1345 praeteritorum
1339 1268 1516 1344 mensium,

221 1336 300 1380 datur
340 1348 374 1380 so·
487 1373 493 1386 .
733 1367 740 1381 ·
852 1368 859 1381 ·
928 1366 935 1382 ·
1084 1365 1091 1379 ·
1270 1369 1277 1381 ·

232 1393 368 1440 tenuitates
407 1371 657 1455 plurimumque
678 1375 782 1430 totius
803 1366 901 1430 huius
927 1365 1091 1429 intervalli
1113 1367 1345 1432 recordatione
1368 1369 1516 1435 delecta·

216 1453 374 1572 fflfff
406 1487 469 1542 tur.
484 1513 528 1526 -
545 1473 617 1538 Nec
643 1491 724 1536 sane
751 1470 986 1552 sinecaussa:
1007 1479 1148 1534 eventus
1175 1470 1275 1548 enirn,
1296 1475 1353 1555 qui
1376 1474 1420 1537 ad
1441 1475 1514 1540 Nos

198 1581 200 1586 ’
221 1577 376 1677 23:³33stss
404 1578 561 1664 privatim
579 1575 756 1652 attinebat,
772 1575 929 1656 idemque
956 1592 1017 1637 nec
1033 1592 1093 1655 per
1113 1592 1149 1636 se
1173 1593 1325 1657 magnus,
1340 1596 1402 1640 nec
1420 1577 1514 1642 novi·

221 1689 375 1760 ‘infrust-
408 1695 479 1750 tate
511 1680 683 1758 mirabilis,
714 1679 826 1754 studia
865 1686 979 1741 tamen
1011 1677 1186 1740 bominum
1218 1678 1381 1744 inusitato
1410 1683 1514 1746 modo

221 1751 375 1857 mm
406 1787 601 1864 commovit‚
621 1795 692 1849 tam
709 1781 894 1866 perspicuis
909 1780 1057 1846 laetitiae
1080 1781 1193 1863 signis,
1208 1790 1260 1846 tot
1279 1783 1513 1864 gratulationi·

409 1893 473 1958 bus
486 1890 684 1966 celebratus,
700 1896 737 1951 ut
754 1885 835 1950 nihil
852 1887 961 1968 optari
979 1887 1086 1949 maius
1099 1886 1273 1968 potuisset.
1287 1923 1330 1934 -
1347 1885 1445 1970 Quae
1461 1909 1515 1954 res

408 2007 499 2064 certe
523 2005 681 2082 pergrata
698 1993 806 2058 Nobis
826 2011 952 2075 perque
969 1993 1114 2056 iucunda
1131 1991 1274 2056 cecidit:
1290 1993 1348 2056 sed
1369 1997 1460 2078 quod
1478 1997 1513 2061 in

408 2123 448 2167 ea
465 2101 601 2186 plurimi
618 2099 847 2176 aestimamus,
862 2095 1063 2179 significatio
1077 2095 1290 2160 voluntatum
1304 2108 1364 2175 est,
1378 2099 1516 2182 religio-

410 2207 529 2290 nisque
550 2203 718 2269 liberrime
733 2209 857 2266 testata
873 2199 1072 2264 constantia.
1091 2198 1152 2262 llle
1167 2201 1256 2264 enim
1274 2201 1347 2264 Nos
1362 2204 1515 2288 undique

411 2309 630 2375 salutantium
659 2295 843 2371 concentus
859 2303 892 2366 id
919 2311 1034 2385 aperte
1061 2301 1270 2384 loquebatur,
1284 2325 1329 2367 ex
1353 2307 1515 2373 omnibus

406 2415 489 2479 locis
507 2423 636 2478 mentes
648 2420 751 2493 atque
767 2410 898 2472 animos
915 2407 947 2471 in
966 2405 1052 2472 IESU
1076 2406 1234 2473 CHRISTI
1250 2407 1423 2474 Vicarium
1439 2433 1516 2478 esse

405 2521 577 2585 intentos:
603 2526 654 2580 tot
681 2515 806 2598 passim
832 2511 1061 2597 prementibus
1087 2510 1193 2588 malis,
1212 2513 1245 2575 in
1272 2512 1514 2595 Apostolicam

407 2625 544 2700 Sedem,
558 2621 652 2687 velut
668 2621 701 2684 in
718 2619 836 2683 salutis
852 2637 1031 2701 perennem
1057 2617 1353 2701 incorruptumque
1372 2620 1516 2700 fontem,

298 2729 303 2738 “
411 2728 552 2793 fidenter
573 2725 728 2790 homines
744 2724 885 2788 intueri:
902 2731 934 2786 et
949 2721 1215 2805 quibuscumque
1230 2721 1262 2784 in
1279 2725 1347 2785 oris
1371 2725 1515 2790 catholi-

407 2853 484 2897 cum
502 2832 595 2915 viget
615 2848 748 2906 nomen,
764 2825 952 2891 Ecclesiam
980 2845 1166 2904 romanam,
1181 2828 1331 2890 omnium
1355 2829 1515 2896 ecclesia·

405 2955 478 3000 rum
491 2943 634 2998 matrem
648 2942 681 2996 et
698 2931 904 3014 magistram,
914 2928 977 2992 coli
988 2928 1233 3011 observarique,
1249 2931 1293 2992 ita
1311 2939 1348 2994 ut
1364 2951 1513 3016 aequum

248 3073 376 3133 om,
405 3048 466 3115 est,
481 3037 612 3102 ardenti
629 3036 742 3100 studio
758 3054 797 3098 ac
818 3052 951 3098 summa
966 3032 1153 3096 concordia.
1169 3069 1213 3082 -·
1241 3033 1306 3096 His
1325 3035 1368 3098 de
1384 3038 1514 3100 caussis

224 3137 287 3238 ’ξεί
306 3135 377 3238 ῑζζζξ
407 3162 467 3225 per
483 3141 671 3224 superiores
692 3156 824 3202 menses
852 3155 918 3198 non
947 3133 1050 3198 semel
1067 3134 1100 3196 in
1128 3133 1257 3199 caelum
1285 3139 1516 3219 suspeximus,

225 3267 278 3300 sum
318 3253 376 3311 egit,
411 3248 487 3312 Deo
503 3246 634 3331 optimo
659 3253 761 3326 atque
786 3238 969 3306 immortali
984 3238 1109 3322 gratias
1132 3239 1247 3316 acturi,
1262 3241 1352 3321 quod
1374 3251 1408 3305 et
1423 3241 1515 3308 hanc

225 3311 379 3429 mim
409 3353 519 3416 Nobis
544 3349 678 3414 vivendi
706 3365 850 3421 usuram,
875 3354 909 3408 et
934 3363 981 3420 ea,
1013 3362 1098 3426 quae
1129 3356 1394 3410 commemorata
1424 3357 1516 3426 sunt,

224 3431 378 3550 ἴξ’ξ’,.’ἕζῖἶ
409 3474 561 3520 curarum
593 3451 715 3516 solatia
752 3446 994 3532 benignissime
1030 3447 1219 3511 tribuisset:
1256 3467 1316 3530 per
1354 3449 1515 3532 idemque

224 3555 379 3668 “gmssc’ss‘
409 3569 552 3642 tempus,
567 3577 643 3621 cum
661 3575 734 3618 sese
754 3553 886 3618 occasio
913 3551 1016 3628 dedit,
1031 3561 1162 3633 gratam
1190 3549 1399 3617 voluntatem
1424 3553 1515 3616 Nos-

225 3682 282 3714 mm
316 3681 378 3712 accc·
410 3674 507 3740 tram,
523 3663 555 3725 in
574 3681 658 3744 quos
673 3659 863 3743 oportebat,
878 3654 1130 3721 declaravimus.
1147 3654 1247 3719 Nunc
1263 3676 1342 3719 vero
1357 3665 1515 3720 extrema

239 3732 360 3832 aim.
409 3766 489 3830 anni
515 3785 554 3830 ac
581 3761 785 3827 celebritatis
812 3780 972 3824 renovare
998 3760 1181 3822 admonent
1203 3760 1333 3842 accepti
1359 3758 1514 3823 beneficii

411 3869 628 3934 memoriam:
644 3875 746 3949 atque
771 3864 853 3928 illud
869 3873 1049 3948 peroptato
1072 3865 1249 3946 contingit,
1271 3875 1306 3928 ut
1324 3865 1513 3929 Nobiscum

408 3975 442 4036 in
461 3973 623 4037 iterandis
640 3971 715 4034 Deo
727 3969 843 4052 gratiis
855 3967 1004 4032 Ecclesia
1017 3977 1088 4032 tota
1101 3968 1298 4031 consentiat.
1315 3968 1422 4034 Simul
1432 3989 1514 4033 vero

411 4077 543 4158 expetit
574 4076 706 4139 animus
731 4092 790 4156 per
815 4070 875 4134 bas
900 4071 1028 4134 litteras
1053 4071 1185 4154 publice
1209 4073 1334 4147 testari,
1359 4073 1393 4136 id
1419 4073 1512 4156 quod

410 4178 562 4255 facimus,
576 4173 864 4260 quemadmodum
882 4183 932 4238 tot
948 4157 1111 4258 obsequii,
1125 4174 1354 4254 humanitatis,
1369 4187 1403 4240 et
1418 4194 1511 4240 amo·

412 4282 456 4345 ris
488 4280 682 4346 testimonia
713 4278 756 4343 ad
783 4277 955 4342 leniendas
982 4299 1077 4342 curas
1106 4279 1343 4362 molestiasque
1370 4279 1512 4344 Nostras

408 4383 642 4449 consolatione
658 4403 725 4448 non
752 4381 910 4447 mediocri
926 4381 1112 4454 valuerunt,
1134 4383 1181 4446 ita
1204 4403 1318 4447 eorum
1336 4393 1368 4447 et
1385 4403 1511 4448 memo·

222 967 374 1048 ascilam
397 949 473 1173 ΞΕ
572 951 794 1017 sXEUNTE
818 953 884 1015 iam
910 970 1010 1027 anno,
1034 970 1110 1015 cum
1153 952 1300 1018 natalem
1331 957 1511 1022 sacerdotii
