3250 4876
162 1352 313 1432 „cggm
339 1322 631 1466 bifflssUOD
648 1341 750 1402 opera
765 1319 795 1384 b.
813 1303 945 1384 Alberti
962 1318 1076 1402 magni
1102 1319 1277 1386 instituisti
1292 1321 1336 1386 de
1362 1325 1449 1388 inte·

206 1440 272 1499 1889·
488 1469 526 1694 E
547 1448 608 1511 gro
624 1427 732 1499 edere,
748 1431 922 1504 susceptus
948 1421 1008 1486 tibi
1034 1421 1172 1506 quidem
1196 1422 1291 1488 labor
1310 1436 1448 1492 estnon

200 1599 314 1662 Pontifex
547 1530 701 1612 exiguus,
741 1526 801 1589 sed
844 1525 1042 1602 fructuosus,
1079 1526 1268 1607 opinamur,
1309 1527 1449 1598 futurus,

162 1659 314 1704 laudatcon-

548 1633 765 1717 Quamquam
790 1629 879 1693 enirn
905 1639 983 1711 post
1010 1627 1143 1693 Alberti
1168 1638 1314 1695 aetatem
1344 1631 1448 1696 incre·

162 1719 248 1824 2¹¹?
264 1725 313 1823 (Ξῖ
340 1755 455 1810 menta
478 1741 583 1806 cuivis
599 1736 812 1800 scientiarum
829 1733 943 1815 generi
959 1733 1133 1816 complura
1148 1735 1262 1798 attulit
1277 1735 1360 1812 dies,
1375 1735 1450 1799 eius

162 1836 243 1940 Ἤ
253 1837 313 1940 ξξῇζ
338 1857 452 1912 tamen
470 1841 519 1905 vis
532 1851 565 1904 et
581 1837 678 1918 copia
694 1835 877 1910 doctrinae,
892 1853 979 1916 quae
996 1831 1163 1897 Thomam
1185 1834 1269 1899 aluit
1292 1835 1449 1918 Aquina-

157 1909 309 2014 ilem.
338 1952 478 2016 temet
508 1937 704 2021 aequalibus
730 1955 843 1999 eorum
871 1944 1062 2017 temporum
1091 1935 1252 2000 miraculo
1282 1934 1355 2014 fuit,
1378 1957 1447 2002 non

195 2064 313 2133 commer-
338 2056 449 2133 potest
466 2051 633 2108 vetustate
660 2040 729 2102 ulla
755 2057 1000 2102 consenescere.
1018 2038 1146 2122 Utique
1170 2039 1326 2104 videntur
1345 2041 1450 2105 hodie

162 2123 312 2230 magra:
338 2153 437 2219 nimis
453 2148 550 2215 multi
567 2165 691 2228 ponere
707 2143 832 2226 ingenii
858 2143 991 2206 laudem
1009 2143 1042 2206 in
1058 2142 1194 2206 fastidio
1215 2145 1449 2229 antiquitatis:

161 2241 313 2361 2223qussss
337 2257 396 2322 sed
412 2253 551 2320 omnino
568 2251 624 2314 illa
648 2257 699 2312 est
727 2243 987 2329 philosophandi
1004 2247 1090 2309 ratio
1114 2245 1255 2328 optima,
1270 2247 1450 2331 exquirere

162 2361 235 2406 ’¹⁰⁶⁸-
339 2359 534 2426 meditando
560 2375 657 2430 nova,
682 2355 815 2436 unaque
842 2349 941 2413 simul
971 2350 1173 2432 sapientiam
1201 2361 1351 2419 veterum
1377 2372 1448 2418 non

191 2491 261 2536 Nova
274 2505 311 2535 v..
338 2465 531 2546 relinquere.
547 2497 590 2510 -
607 2460 715 2541 Igitur
731 2455 898 2519 laboriosa
921 2455 1062 2519 maxImi
1083 2454 1145 2518 viri
1161 2454 1343 2532 volumina,
1357 2477 1449 2541 quae

163 2551 311 2596 artemon-
338 2565 419 2628 fient
435 2565 501 2627 iam
518 2559 682 2626 industria
695 2561 752 2622 tui
766 2555 906 2632 notiora,
916 2574 1073 2637 spargere
1085 2555 1192 2620 multo
1204 2555 1304 2620 latius
1318 2557 1450 2641 magni-

162 2621 311 2737 vesr'iniirzb
338 2668 490 2733 tudinem
518 2664 654 2730 luminis
681 2663 732 2728 sui
758 2680 858 2743 posse
872 2656 1084 2736 confidimus,
1104 2679 1220 2724 eorum
1245 2661 1449 2725 nominatim

176 2728 293 2832 ⁵⁰22?
337 2773 528 2848 commodo,
542 2770 600 2853 qui
628 2769 660 2831 in
687 2766 876 2830 divinarum
894 2783 1003 2827 rerum
1020 2763 1287 2828 humanarumve
1307 2766 1449 2830 scientia

208 2895 313 2940 orarum
338 2876 533 2959 diligentius
549 2871 730 2936 elaborent.
746 2867 892 2933 —Cum
914 2887 993 2930 vero
1015 2876 1075 2932 tua
1089 2867 1153 2931 ista
1177 2868 1282 2933 editio
1298 2869 1449 2950 auspicio

162 2954 316 3058 mm
338 2981 420 3045 satis
435 2979 525 3044 bono
542 2977 574 3040 in
592 2977 700 3038 lucem
718 2973 778 3038 tibi
792 2972 966 3055 proditura
980 2971 1143 3048 videatur,
1153 2973 1180 3034 si
1192 2971 1320 3036 Nostro
1333 2973 1449 3038 inscri-

162 3073 212 3178 {2⁶7²
226 3071 312 3118 ‘'aff‘'
338 3085 437 3149 batur
453 3081 599 3156 nomine,
611 3078 785 3159 Nobisque
797 3075 979 3152 dedicetur,
989 3075 1022 3138 id
1034 3073 1170 3156 quidem
1184 3071 1253 3138 fieri
1264 3095 1331 3138 non
1345 3074 1450 3138 modo

338 3209 405 3251 non
423 3203 625 3261 recusamur,
640 3183 698 3246 sed
715 3181 817 3244 etiam
834 3187 967 3260 gratum
992 3177 1180 3242 habemus:
1202 3179 1352 3242 maxime
1367 3178 1450 3260 quia

339 3291 463 3354 Noster
494 3289 527 3351 in
560 3287 744 3350 Doctorem
775 3280 979 3364 Angellcum
1012 3299 1106 3344 arnor
1136 3289 1233 3344 vetus
1258 3279 1301 3344 ab
1332 3299 1450 3344 amore

340 3392 489 3475 magistri
515 3391 586 3455 eius
607 3409 673 3451 non
699 3396 750 3450 est
776 3385 956 3449 diiunctus.
979 3383 1058 3448 Tibi
1086 3383 1230 3462 interim,
1245 3384 1367 3449 dilecte
1392 3383 1452 3458 lili,

338 3495 533 3559 caelestium
550 3509 725 3555 munerum
742 3487 911 3568 auspicem
929 3485 1164 3568 Apostolicam
1175 3485 1450 3551 benedictionem

339 3608 551 3682 peramanter
567 3598 600 3659 in
618 3595 770 3658 Domino
786 3592 1006 3674 impertimus.

334 3699 337 3706 ⁴
383 3699 511 3761 Datum
532 3695 662 3758 Romae
685 3693 774 3776 apud
792 3691 827 3756 S.
844 3691 977 3755 Petrum
1001 3689 1057 3754 die
1077 3707 1116 3754 10
1133 3690 1330 3755 Decembris
1358 3691 1455 3770 1889,

341 3795 559 3860 Pontificatus
577 3793 692 3858 Nostri
709 3811 799 3856 anno
814 3790 1026 3856 duodecimo.

876 3943 970 4010 LEO
997 3945 1059 4009 ΡΡ.
1084 3943 1187 4008 ΧΙΙΙ.
