3172 4874
327 383 378 434 DF.
392 383 676 436 UNlVERSlTATE
693 383 927 438 OTTAWENSI.
1112 389 1180 442 221

80 581 135 626 seu
150 559 408 624 constitutiones
432 559 657 624 universitatis
684 561 856 644 generales
883 572 918 626 et
932 562 1103 646 speciales
1125 583 1184 628 seu
1269 596 1299 630 η

78 683 226 748 proprias
238 661 433 728 facultatum
445 662 685 746 phrlosophrae
694 662 884 747 theologiae
894 685 933 729 ac
943 686 1023 730 runs
1033 687 1184 732 canonici
1239 638 1335 753 sffiss'ss'

79 765 185 833 Nobis
209 766 402 844 exhibuere,
425 767 526 832 enixe
549 767 770 850 adprecantes
797 778 833 832 ut
860 769 903 832 ad
934 790 1079 836 examen
1111 772 1184 838 illas
1245 805 1363 852 mg„

78 893 230 938 revocare
257 880 290 937 et
306 869 506 956 Apostolica
524 873 724 938 auctoritate
748 871 946 940 confirmare
961 875 1186 958 dignaremur.
1210 865 1362 994 ξ”ζωξζξῗξ

79 975 148 1042 Nos
164 984 288 1054 autem,
302 977 459 1041 omnibus
476 978 522 1042 rei
539 977 718 1041 momentis
733 986 865 1045 attento
880 998 919 1042 ac
939 981 1058 1045 sedulo
1072 983 1222 1047 studio
1205 983 1310 1102 [¹2ss

76 1081 247 1165 perpensis
263 1079 428 1146 cumVV.
446 1079 512 1146 FF.
528 1080 607 1145 NN.
624 1080 659 1148 S.
676 1081 773 1147 RE.
790 1081 1025 1148 cardinalibus
1041 1087 1184 1170 negotiis
1208 1103 1280 1160 pra
1301 1103 1361 1204 rago

75 1186 315 1269 propagandae
342 1182 418 1249 fidei
449 1183 658 1268 praepositis,
683 1194 861 1269 postquam
886 1187 1023 1269 praevio
1053 1164 1247 1265 maturom

74 1287 233 1350 examine
262 1293 388 1348 statuta
414 1293 449 1348 et
473 1284 729 1350 constitutiones
763 1286 950 1368 praedictas
974 1287 1018 1350 de
1044 1287 1184 1353 fratrum
1211 1279 1270 1332 sici.

74 1389 270 1453 eorumdem
305 1387 445 1452 consilio
478 1397 668 1471 opportune
698 1389 961 1467 emendavimus,
992 1389 1185 1454 memoratis

73 1492 228 1576 precibus
258 1492 473 1556 annuendum
508 1491 787 1562 existimavimus.
818 1489 933 1576 Quare
963 1491 1120 1558 omnibus
1152 1502 1186 1557 et

75 1595 214 1679 singulis
230 1595 351 1678 quibus
364 1595 508 1660 Nostrae
520 1594 584 1659 hae
596 1593 725 1660 litterae
737 1595 859 1674 lavent,
874 1595 1031 1679 peculiari
1043 1596 1185 1660 benevo-

73 1700 176 1764 lentia
203 1699 465 1782 complectentes
490 1709 524 1764 et
540 1720 560 1763 a
575 1699 748 1784 quibusvis
773 1700 1137 1765 excommunicationis
1153 1710 1188 1764 et

75 1805 252 1880 interdicti,
263 1803 403 1887 aliisque
415 1803 646 1869 ecclesiasticis
658 1805 815 1882 censuris,
828 1805 1004 1870 sententiis
1019 1817 1053 1870 et
1069 1805 1187 1888 poenis

74 1911 191 1992 quovis
209 1908 321 1986 modo,
336 1906 387 1972 vel
404 1909 522 1991 quavis
537 1909 580 1972 de
598 1929 716 1973 caussa
733 1910 818 1985 latis,
834 1910 861 1972 si
878 1928 961 1992 quas
977 1908 1063 1972 forte
1079 1908 1187 1972 incur·

75 2013 186 2090 rerint,
201 2012 300 2076 huius
315 2020 447 2078 tantum
464 2013 510 2077 rei
526 2012 634 2095 gratia
650 2011 863 2076 absolventes
879 2023 914 2077 et
928 2010 1103 2077 absolutos
1119 2011 1187 2077 lore

75 2125 260 2194 censentes,
275 2115 460 2180 catholicae
477 2115 701 2180 universitatis
717 2115 904 2180 studiorum
927 2115 1072 2179 civitatis
1089 2115 1187 2182 Otta·
1227 2160 1240 2190 ρ

74 2221 196 2284 vvensis
220 2228 356 2298 statuta,
382 2239 441 2283 seu
466 2217 723 2285 constitutiones
753 2216 926 2301 generales
956 2236 995 2281 ac
1026 2218 1186 2300 speciales
1212 2203 1357 2322 gjjwff

74 2321 318 2408 philosophiae,
329 2323 519 2406 theologiae
534 2332 568 2389 et
587 2322 667 2388 iuris
682 2321 834 2386 canonici
851 2320 1049 2386 facultatum
1074 2340 1187 2385 emen·
1212 2337 1253 2366 ‘0'1

75 2429 184 2502 datas,
208 2427 305 2490 iuxta
329 2426 519 2491 exhibitum
544 2424 728 2508 exemplar,
744 2425 838 2490 cuius
862 2424 971 2508 prima
986 2424 1088 2488 verba
1109 2433 1188 2490 sunt

78 2529 337 2599 (Universitati
352 2529 537 2594 catholicae
554 2545 572 2598 >
589 2538 759 2613 postrema
778 2548 857 2592 vero
875 2541 894 2598 t
911 2527 1049 2593 Nihil...
1067 2526 1187 2590 immu-

74 2634 228 2710 tandum,
244 2644 302 2700 aut
317 2633 503 2698 tollendum
530 2633 719 2698 inconsulta
744 2631 871 2700 Sancta
888 2631 978 2698 Sede
994 2645 1024 2710 t,
1038 2633 1129 2714 quod
1155 2631 1188 2694 in

75 2738 243 2808 tabulario
269 2739 466 2804 secretariae
493 2739 639 2804 Nostrae
663 2737 813 2803 brevium
839 2736 1000 2803 custodiri
1017 2735 1192 2801 mandavi-

78 2865 162 2922 mus,
173 2843 373 2926 Apostolica
386 2843 511 2910 Nostra
524 2843 725 2908 auctoritate
736 2843 965 2928 praesentium
978 2841 1011 2905 vi
1021 2839 1192 2905 definitive

77 2947 316 3031 approbamus,
345 2948 522 3026 sancimus,
559 2957 717 3032 ratasque
753 2947 928 3012 habemus.
963 2944 1191 3010 Decementes

77 3059 271 3132 praesentes
282 3049 408 3117 litteras
421 3049 543 3130 firmas,
552 3051 680 3116 validas
692 3059 727 3115 et
738 3048 890 3115 efficaces
901 3067 1034 3132 semper
1046 3049 1193 3112 existere

77 3162 110 3216 et
139 3151 221 3232 sore,
247 3173 392 3236 suosque
414 3152 582 3236 plenarios
609 3164 643 3220 et
670 3154 819 3236 integros
852 3151 991 3218 effectus
1020 3151 1130 3217 sortiri
1158 3160 1193 3218 et

77 3257 241 3335 obtinere,
256 3277 295 3320 ac
311 3255 384 3335 illis,
399 3258 442 3322 ad
458 3279 544 3343 quos
559 3267 690 3343 spectat
707 3267 741 3324 et
760 3277 821 3342 pro
837 3265 990 3341 tempore
1006 3254 1194 3339 quomodo·

77 3358 160 3426 libet
178 3361 355 3444 spectabit,
377 3361 411 3424 in
427 3362 584 3428 omnibus
600 3371 634 3428 et
650 3381 709 3446 per
730 3362 846 3426 omnia
867 3360 1061 3445 plenissime
1076 3354 1194 3421 suffra·

76 3466 159 3548 gari,
183 3476 218 3530 et
234 3465 362 3529 irritum
379 3484 451 3530 esse
466 3475 500 3531 et
516 3467 617 3532 inane
631 3469 659 3530 si
675 3486 770 3532 secus
787 3485 887 3549 super
903 3464 954 3529 his
976 3483 997 3528 a
1013 3480 1195 3546 quoquam,

76 3572 197 3654 quavis
213 3570 422 3648 auctoritate,
437 3571 580 3636 scienter
595 3570 647 3636 vel
669 3571 875 3655 ignoranter,
890 3566 1070 3650 contigerit
1085 3575 1194 3630 atten-

77 3673 150 3739 tari.
179 3673 259 3738 Non
290 3672 502 3738 obstantibus
530 3672 829 3740 constitutionibus
860 3681 895 3736 et
924 3668 1194 3735 ordinationibus

77 3776 300 3861 Apostolicis,
315 3777 500 3861 ceterisque
516 3778 691 3842 contrariis
706 3778 984 3862 quibuscumque.

125 3879 256 3945 Datum
289 3880 420 3946 Romae
445 3880 536 3964 apud
568 3880 604 3948 S.
633 3880 769 3946 Petrum
800 3877 864 3944 sub
890 3875 993 3942 anulo
1017 3873 1196 3940 Piscatoris

79 3985 137 4050 die
159 4001 198 4049 12
217 3985 306 4051 Iunii
326 3985 419 4065 1891,
435 3981 654 4050 Pontificatus
671 3983 787 4048 Nostri
805 4002 895 4048 anno
919 3980 1197 4064 decimoquarto.

521 4168 570 4236 M.
592 4169 709 4237 (ΞΛΜ).
732 4165 1109 4237 LEDOCHOWSKI.
