3140 4866
95 431 146 484 DE
165 427 374 482 INSTITUTO
393 425 659 490 CONVENTUUM
678 425 878 480 CATHOLIC.
898 425 941 477 IN
960 427 1101 480 tanum.
1128 412 1200 504 265

94 607 250 691 gerendis
273 625 360 690 quae
399 605 519 670 celsius
543 605 692 670 eminent
718 602 884 688 latiusque
908 614 1135 688 prospectant,
1159 626 1200 671 ac
1236 621 1366 704 531,me

93 709 178 775 fines
207 710 320 793 potius
335 711 545 792 contingunt,
559 729 644 794 quos
660 717 775 774 coetus
799 717 909 773 vester
934 707 998 772 sibi
1014 709 1201 794 proposuit,
1266 711 1332 770 1891·
1367 692 1372 706 '

94 815 264 896 conspiret
278 814 387 878 amice
401 814 574 878 vobiscum
590 811 758 877 iuniorum
770 811 921 892 societas,
936 821 1038 897 atque
1060 833 1199 896 operam

93 918 190 982 vobis
205 918 366 1002 praebeat
376 918 584 984 adiutricem.
601 917 676 982 lmo
694 937 798 1000 quum
814 916 1086 1000 prospiciendum
1102 918 1146 982 sit
1162 924 1200 982 ut
1226 929 1314 995 errant,

92 1023 246 1088 societati
276 1031 407 1087 vestrae
433 1023 618 1087 identidem
645 1020 705 1086 fiat
720 1041 882 1086 novarum
908 1021 1029 1086 virium
1045 1031 1080 1088 et
1094 1039 1199 1104 prope
1226 997 1316 1090 iffi
1331 1044 1379 1092 rste

93 1127 171 1192 novi
187 1127 360 1210 sanguinis
386 1125 532 1190 accessio
561 1145 605 1190 ne
629 1125 791 1210 temporis
820 1126 962 1191 decursu
994 1125 1200 1209 languescat,
1225 1103 1344 1208 2¹}ss2ssss

91 1233 192 1298 decet
216 1231 357 1296 omnino
384 1239 422 1295 ut
451 1229 623 1313 praedicta
645 1231 798 1307 societas,
819 1231 972 1314 inquam
996 1237 1200 1312 cooptantur
1225 1221 1339 1326 {2¹:22⁴ss

91 1343 204 1401 aetate
220 1336 376 1412 minores,
391 1333 523 1399 sodales
538 1353 617 1398 suos
632 1335 728 1418 quasi
743 1335 869 1399 tirones
878 1341 975 1418 paret
997 1343 1032 1400 et
1047 1333 1200 1408 instruat,
1225 1315 1367 1400 curtulu-

91 1441 150 1524 qui
179 1439 359 1525 suppleant
393 1439 597 1522 quandoque
632 1439 767 1503 ordines
809 1448 946 1516 vestros,
972 1447 1006 1504 et
1037 1457 1056 1502 e
1093 1437 1200 1505 classe

91 1545 259 1609 iuniorum
290 1543 414 1626 egressi
444 1542 637 1625 receptique
676 1543 709 1606 in
746 1551 881 1608 coetum
905 1549 1053 1607 vestrum
1078 1540 1200 1610 clarius

90 1651 175 1714 dent
189 1647 360 1732 specimen
379 1645 440 1710 zeli
460 1655 493 1710 et
508 1645 612 1710 virilis
627 1646 732 1711 animi
747 1646 781 1710 in
797 1646 931 1711 tuendis
956 1644 1128 1710 Ecclesiae
1148 1666 1199 1710 ra-

89 1753 249 1818 tionibus.

135 1858 193 1922 Ad
207 1877 268 1921 vos
277 1855 369 1938 quod
380 1855 511 1932 attinet,
525 1873 594 1938 quo
608 1856 731 1919 certius
746 1853 957 1938 propositum
977 1854 1074 1919 vobis
1097 1852 1198 1918 finem

89 1961 226 2051 possitis
242 1959 384 2042 assequi,
394 1957 528 2040 lateque
548 1957 673 2022 viribus
689 1957 867 2039 explicatis
882 1957 1008 2040 largius
1032 1957 1199 2022 effundere

88 2065 209 2134 salutis
220 2064 348 2127 fructus
364 2071 399 2127 et
413 2061 597 2142 paratiores
622 2061 744 2142 operiri
768 2059 881 2126 futura
895 2061 1089 2138 certamina,
1112 2061 1197 2128 nita-

88 2170 173 2238 mini
184 2176 318 2252 oportet
333 2175 371 2229 ut
386 2165 472 2250 ratio
486 2164 634 2228 instituti
650 2163 751 2228 vestri
772 2182 1021 2247 quaquaversus
1045 2173 1199 2247 porrecta

89 2276 134 2344 ad
150 2291 268 2338 omnes
287 2267 406 2334 ltaliae
422 2267 574 2351 regiones
601 2267 775 2350 pertineat,
801 2266 952 2348 auspicio
977 2276 1011 2331 et
1026 2267 1130 2333 ductu
1146 2288 1199 2333 sa-

89 2396 222 2445 crorum
240 2373 454 2440 Antistitum.
470 2371 549 2436 Huc
565 2371 679 2454 itaque
704 2368 876 2434 incumbat
907 2370 1071 2434 industria
1086 2379 1197 2436 vestra
1256 2403 1375 2462 Am,

89 2493 128 2560 ut
140 2488 299 2564 augescat
314 2477 480 2541 sociorum
491 2493 659 2553 numerus
675 2483 713 2540 ut
728 2473 783 2538 alii
798 2474 978 2538 comitatus
994 2473 1196 2552 excitentur,
1222 2465 1373 2566 ‘atsaiw

88 2598 192 2671 atque
207 2585 294 2649 inter
308 2590 443 2646 coetum
460 2590 607 2644 vestrum
635 2589 669 2645 et
695 2579 779 2644 alias
803 2578 987 2644 catholicas
1007 2579 1195 2656 societates,
1221 2584 1282 2685 ξιξ.
1302 2581 1374 2626 insti·

88 2689 212 2774 quibus
231 2707 292 2751 vos
316 2685 444 2768 praeire
458 2685 556 2749 decet
583 2684 616 2750 in
641 2685 754 2748 arduis
778 2683 930 2767 inceptis,
953 2703 994 2748 ea
1018 2692 1195 2747 nectantur
1221 2653 1373 2769 vinrssuffn'

86 2795 327 2871 firmenturque
357 2787 490 2853 vincula
517 2787 684 2854 fraternae
710 2797 743 2852 et
778 2785 918 2851 intimae
948 2785 1194 2851 coniunctionis
1217 2772 1374 2879 22⁶1}ssssss

86 2914 173 2980 quae
198 2889 348 2973 duplicat
364 2888 459 2965 vires,
476 2897 510 2952 et
525 2885 645 2970 optimi
668 2887 812 2970 spiritus,
827 2906 895 2970 quo
909 2887 1027 2950 sociati
1042 2886 1194 2952 homines
1213 2875 1352 2938 fundatur.

83 3005 241 3081 aguam,
270 2993 399 3057 illustre
428 2991 567 3075 praebet
582 3000 828 3076 argumentum.
848 3027 893 3040 -
913 2988 984 3054 Zeli
1006 2991 1143 3054 demum
1160 2999 1194 3056 et

82 3098 280 3184 diligentiae
295 3107 427 3161 vestrae
439 3116 559 3160 munus
575 3097 637 3160 erit
651 3095 833 3160 comitatus
848 3093 999 3159 sufficere
1015 3095 1049 3158 in
1061 3096 1101 3158 iis
1113 3095 1196 3159 locis

85 3206 143 3272 ubi
168 3204 254 3268 aliae
284 3201 470 3266 catholicae
485 3201 751 3265 consociationes
777 3199 900 3264 desunt
931 3209 966 3264 et
990 3217 1197 3282 congregare

87 3308 235 3374 iuniores
251 3305 284 3371 in
302 3303 492 3388 manipulos
514 3304 616 3388 (quos
640 3305 804 3370 sectiones
820 3305 952 3388 dicunt)
971 3304 1026 3368 ubi
1044 3305 1095 3369 vel
1114 3305 1195 3369 nulli

88 3421 168 3480 sunt
183 3430 299 3475 eorum
316 3408 439 3488 circuli,
450 3407 513 3486 vel,
523 3409 562 3473 iis
580 3409 656 3474 licet
669 3410 874 3487 extantibus,
884 3411 918 3473 in
928 3409 1042 3492 aprico
1054 3411 1195 3474 necessi-

89 3528 143 3586 tas
154 3525 204 3580 eet
221 3513 392 3578 validioris
404 3513 532 3580 auxilii.

135 3621 274 3686 Interim
291 3628 329 3682 ut
344 3617 439 3681 Deus
454 3617 580 3682 invicto
606 3617 671 3682 hoc
697 3617 814 3701 spiritu
842 3617 904 3680 zeli
935 3624 970 3680 et
995 3616 1195 3681 concordiae
1268 3639 1372 3684 Zetoca·

86 3725 190 3791 corda
202 3731 312 3787 vestra
327 3721 516 3805 perfundat,
531 3721 603 3798 tibi,
619 3721 741 3786 dilecte
753 3719 809 3798 fili,
819 3721 917 3785 sociis
933 3720 994 3785 tibi
1009 3721 1193 3784 adsidenti·
1221 3697 1365 3802 {my

85 3833 149 3896 bus
161 3831 195 3893 in
212 3829 375 3892 comitatu
388 3827 537 3910 generali
552 3827 772 3911 permanenti,
792 3846 854 3891 nec
875 3847 943 3891 non
960 3827 1119 3892 omnlbus
1134 3829 1191 3912 qui
1220 3817 1339 3922 ,²:2ssssss

84 3933 249 4018 praedicti
265 3929 452 3996 conventus
476 3931 656 4014 participes
683 3929 813 4006 fuerint,
829 3929 1064 4013 Apostolicam
1093 3930 1193 3996 bene·
1337 3908 1343 3922 ⁸

84 4039 279 4114 dictionem,
289 4046 450 4120 paternae
459 4036 608 4100 caritatis
618 4043 749 4113 testem,
761 4054 807 4099 ex
819 4036 939 4100 intimo
950 4036 1060 4101 cordis
1071 4035 1193 4102 affectu

85 4143 307 4225 impertimus.
1048 4219 1051 4229 Ι

129 4246 259 4310 Datum
288 4245 420 4309 Romae
438 4242 529 4325 apud
553 4241 586 4308 S.
604 4243 739 4308 Petrum
755 4242 810 4307 die
825 4259 847 4326 9
863 4240 1072 4326 Septembris
1101 4245 1193 4327 1891,

84 4349 308 4415 Pontificatus
323 4348 438 4412 Nostri
454 4367 544 4410 anno
554 4347 824 4430 decimoquarto.

852 4449 948 4515 LEO
966 4450 1028 4514 ΡΡ.
1046 4451 1148 4516 ΧΙΙΙ.
