3172 4874
368 347 437 418 168
491 364 597 418 Moru
617 363 778 416 ιιιοιιιιο
799 351 818 380 “
839 363 889 417 ιιι
907 363 1292 418 ursrrcnusnonssu
1318 399 1340 428 ‚,

222 593 257 640 Ρ
258 593 337 652 ,sa
362 543 464 610 sterio
479 563 519 608 ea
545 543 660 608 omnia
676 551 927 627 praestarentur
940 561 1028 627 quae
1054 544 1200 626 suscepti
1215 543 1326 625 operis
1349 553 1465 606 natura

184 653 337 759 andron-1³
362 647 535 732 flagitat,”
514 665 619 730 usque
634 645 856 730 praefecimus
872 645 979 710 virum
995 665 1043 710 rer
1051 646 1298 712 astronomreae
1309 655 1346 710 et
1356 645 1465 728 physi-

184 729 238 818 ‘0³1³
241 786 268 817 a
285 771 338 818 eon
362 770 422 816 cae
436 749 706 828 scientissimum
723 749 985 816 lestrancisaem
996 749 1112 815 Densa
1127 770 1171 814 ex
1188 749 1316 815 clericis
1339 749 1463 832 regula-

185 833 338 938 mim
361 853 503 922 ribusS.
520 853 624 933 Pauli,
639 854 830 919 Barnabitis
845 854 1056 937 nuncupatis
1073 853 1206 919 Horum
1217 853 1385 918 mdustna
1396 850 1463 916 iren

182 949 294 1010 infidi·
362 958 503 1024 libenter
519 959 697 1023 annuimus
712 957 914 1023 Vaticanum
939 957 1109 1042 speculam
1125 959 1158 1022 in
1181 958 1382 1022 societatem
1397 977 1463 1039 par·
1566 957 1567 966 ’

362 1072 499 1146 temque
533 1061 643 1145 operis
669 1062 781 1127 vocari
811 1081 889 1128 cum
905 1061 979 1126 aliis
1006 1061 1279 1145 praeclarissimis
1306 1061 1464 1126 institutis

362 1165 409 1232 rei
424 1167 668 1232 astronomicae
684 1165 919 1248 provehendae
941 1167 1094 1246 addictis,
1113 1167 1234 1250 quibus
1257 1166 1462 1249 propositum

362 1277 414 1334 est
429 1269 561 1334 tabulas
576 1268 860 1352 photographicas
869 1267 1033 1334 conficere
1046 1288 1135 1353 quae
1148 1271 1253 1335 totius
1265 1269 1361 1346 caeli,
1372 1277 1464 1351 prout

362 1375 447 1440 nitet
471 1373 700 1459 frequentibus
727 1373 835 1440 stellis
857 1393 1085 1457 conspersum,
1106 1381 1261 1438 accurate
1286 1371 1462 1455 imaginem

363 1476 515 1542 referant.
531 1477 701 1562 -Quum
726 1487 841 1544 autern
868 1487 1063 1561 susceptum
1079 1497 1099 1541 a
1117 1475 1226 1540 Nobis
1250 1496 1338 1560 opus
1358 1477 1391 1539 in
1406 1474 1463 1538 hac
1567 1477 1568 1480 ’

269 1614 339 1716 [ΡΡΡ
328 1579 499 1664 specula
519 1581 726 1646 restituenda
747 1599 814 1644 non
836 1580 954 1645 brevi
945 1581 1089 1658 rnterire,
1109 1581 1167 1646 sed
1184 1590 1386 1664 perpetuum
1402 1577 1463 1642 fieri

188 1675 262 1726 ’Μ
303 1677 339 1740 ⁶7
320 1692 529 1775 optemus
545 1683 700 1766 legem
670 1704 701 1750 er
724 1685 879 1750 dedimus
895 1703 982 1770 quae
1008 1683 1141 1768 regulas
1156 1684 1363 1767 praescribit,
1388 1701 1465 1766 quas

108 1746 327 1802 ·qlrsurcrec

190 1791 339 1898 misi-m
365 1786 399 1851 in
415 1787 513 1852 rebus
537 1786 582 1852 ibi
598 1788 753 1870 gerendis
780 1807 819 1853 ac
835 1787 1029 1853 ministeriis
1048 1787 1213 1854 obeundis
1239 1807 1363 1852 servan
1354 1786 1465 1850 ⁶-voln

368 2013 440 2060 rum
451 2014 555 2078 penes
567 1995 657 2079 quod
674 2015 808 2060 summa
825 1995 868 2060 sit
884 1996 989 2062 totius
1010 1995 1056 2060 rei
1070 1997 1265 2072 moderatio,
1274 2005 1309 2060 et
1322 1996 1465 2060 maxima

369 2111 446 2183 post
461 2110 611 2166 nostram
623 2111 773 2186 potestas
785 2103 819 2167 in
837 2103 876 2166 iis
891 2121 978 2186 quae
987 2111 1142 2186 spectant
1158 2103 1326 2168 internum
1340 2103 1410 2167 eius
1419 2123 1465 2166 or·

192 2272 254 2376 22⁶⁴}
292 2269 346 2374 ebs:
371 2329 437 2377 non
451 2329 546 2376 secus
556 2329 595 2374 ac
611 2309 815 2375 delationem
828 2309 996 2374 sariorum
1007 2318 1228 2374 munerumet
1244 2309 1374 2394 reliqua
1388 2327 1465 2393 quae

185 2391 281 2449 firmat
372 2413 573 2498 hucusque'
562 2431 654 2478 russu
671 2411 723 2476 vel
739 2431 905 2477 consensu
924 2410 1051 2478 Nostro
1070 2412 1157 2476 circa
1172 2411 1376 2477 Vaticanam
1401 2431 1465 2496 spe·

368 2515 478 2581 culam
494 2525 571 2582 acta
585 2526 672 2594 sunt,
687 2535 746 2600 per
761 2516 862 2582 hasce
874 2515 1002 2582 litteras
1018 2516 1213 2580 solemniter
1228 2514 1465 2590 confirmamus,

366 1910 450 1958 mus.
460 1889 646 1956 Consilium
663 1902 836 1975 praeterea
851 1893 1086 1958 constituimus
1101 1892 1247 1957 virorum
1276 1892 1465 1958 lectissimo·
1568 1885 1569 1900 ¹

370 2205 483 2270 dinem
494 2205 722 2272 decernendis.
723 2205 923 2270 -Iamvero
932 2205 1019 2270 hanc
1031 2204 1140 2288 legem
1153 2215 1187 2272 et
1199 2205 1264 2270 hoc
1277 2204 1465 2280 Consilium,
1569 2241 1570 2286 5

368 2638 509 2703 eamque
525 2619 559 2684 in
575 2619 694 2686 eodem
711 2619 828 2686 ordine
843 2619 958 2684 haberi
974 2619 1130 2684 volumus
1152 2638 1228 2684 cum
1245 2618 1320 2683 aliis
1337 2617 1464 2683 Pontifi-
1570 2695 1571 2708 Ρ

367 2721 427 2785 ciis
441 2721 603 2788 institutis
623 2742 710 2808 quae
732 2723 945 2790 scientiarum
962 2722 1180 2790 colendarum
1203 2742 1321 2786 caussa
1338 2723 1466 2787 condita

368 2833 453 2890 sunt
474 2825 548 2890 lrno
563 2845 631 2910 quo
657 2825 783 2894 firmius
798 2828 908 2911 operis
927 2826 1104 2894 stabilitati
1131 2825 1359 2904 consulamus,
1375 2845 1464 2909 pecn-

368 2929 443 2995 niae
458 2930 526 2994 vim
553 2929 662 2996 eidem
679 2931 893 2998 attribuimus
919 2931 1014 2997 cuius
1037 2931 1164 2996 reditus
1189 2939 1346 3013 sumptus
1365 2931 1466 2994 eidem

369 3036 533 3100 servando
559 3036 753 3120 tuendoque
777 3037 935 3104 decenter
955 3037 1162 3102 necessarios
1179 3037 1382 3118 suppeditet
1408 3035 1467 3098 Ta·

371 3139 469 3204 metsi
496 3140 604 3224 magis
633 3160 735 3224 quam
766 3139 923 3206 humanis
953 3141 1136 3225 praesidiis,
1166 3138 1247 3206 illud
1277 3150 1405 3205 tectum
1433 3139 1467 3203 iri

245 3289 283 3333 Ρ
284 3291 345 3334 rtem
370 3241 557 3328 florensque
572 3242 643 3309 sore
658 3243 860 3310 confidimus
875 3244 989 3310 favore
1005 3256 1039 3311 et
1053 3264 1119 3329 ope
1135 3245 1378 3326 omnipotentis
1394 3244 1468 3321 Dei;

194 3348 344 3464 mis?
371 3365 517 3430 namque
528 3347 562 3412 in
573 3367 614 3412 eo
625 3347 853 3431 aggrediendo
869 3355 937 3413 non
950 3347 1073 3414 modo'
1064 3349 1276 3412 incrementis
1286 3348 1468 3413 studuimus

194 3466 320 3513 bleranae
321 3481 344 3512 r·
369 3451 528 3516 scientiae
547 3453 760 3534 praenobilis,
787 3473 874 3538 quae
891 3453 1083 3518 mortalium
1107 3453 1238 3518 animos
1254 3473 1335 3536 prae
1358 3452 1468 3519 ceteris

192 3525 322 3630 mia
307 3531 343 3570 α’
368 3555 525 3620 humanis
545 3555 732 3639 disciplinis
748 3555 791 3620 ad
807 3576 918 3623 rerum
934 3557 1130 3624 caelestium
1154 3556 1468 3640 contemplationem

191 3645 236 3690 ''¹“
191 3643 342 3761 qi‘ffiff'
368 3660 475 3746 erigit,
490 3663 548 3726 sed
565 3661 646 3726 illud
674 3662 852 3744 praecipue
868 3662 983 3728 animo
1004 3663 1212 3728 intendimus
1227 3663 1319 3745 quod
1337 3663 1406 3728 ab
1396 3663 1469 3746 rpsis

191 3717 342 3868 {325¹*1i0
369 3763 485 3830 Nostri
502 3765 724 3831 Pontificatus
736 3766 885 3833 exordiis
897 3775 1103 3845 constanter,
1112 3766 1170 3831 ubi
1180 3767 1262 3832 data
1274 3776 1326 3832 est
1336 3786 1469 3842 ocossro,

368 3865 488 3946 verbis,
517 3868 652 3952 scriptis
683 3869 851 3952 rebusque
877 3870 982 3952 gestis
1007 3879 1178 3953 praestare
1208 3868 1319 3934 adnisi
1352 3889 1468 3945 sumus

367 3989 483 4034 curare
498 3969 634 4048 scilicet,
656 3979 693 4036 ut
709 3973 867 4038 omnibus
883 3993 1080 4056 persuasum
1102 3973 1146 4038 sit
1172 3973 1362 4038 Ecclesiam
1389 3972 1468 4035 eius·

368 4093 435 4157 que
460 4075 623 4152 Pastores,
645 4084 746 4158 prout
762 4076 858 4142 initio
882 4077 1044 4156 diximus,
1059 4097 1127 4143 non
1143 4077 1256 4144 odisse
1267 4095 1382 4142 veram
1398 4075 1467 4140 soli·

368 4177 514 4258 damque
530 4177 706 4244 scientiam
723 4199 800 4244 cum
817 4178 1006 4244 divinarum
1022 4189 1096 4246 tum
1115 4179 1340 4246 humanarum
1357 4197 1468 4256 remus,

369 4278 427 4341 sed
455 4297 530 4440 elam
546 4281 729 4364 complecti
755 4292 790 4347 et
805 4283 929 4362 lovere,
951 4294 986 4349 et
1013 4304 1081 4368 qua
1106 4284 1220 4350 valent
1235 4303 1300 4367 ope
1327 4283 1468 4350 studiose

370 4396 472 4457 prove
497 4399 560 4446 ere.
