3336 4870
272 402 323 451 DE
350 401 512 451 MUNERE
538 399 710 453 PAClFlCO
738 399 939 450 ECCLESIAE
967 397 1169 450 COMMISSO.
1227 395 1298 470 215

191 599 373 664 possumus
383 599 450 642 non
466 595 630 662 suspenso
644 578 759 642 animo
774 577 1007 660 impendentes
1023 574 1219 639 formidines
1228 592 1302 658 per·
1391 609 1416 642 n

191 684 377 748 timescere.
405 681 497 745 Nihil
526 691 575 744 est
605 681 705 764 igitur
731 681 826 758 tanti,
842 681 958 762 quanti
984 681 1028 742 ab
1056 677 1193 762 Europa
1216 675 1302 760 peri·
1327 650 1476 752 nawen

190 787 305 850 culum
333 786 411 850 belli
438 785 629 868 prohiberi:
653 787 700 848 ita
728 785 864 867 quidem
891 794 936 861 ut,
962 783 1126 867 quidquid
1155 783 1188 846 in
1215 783 1304 846 hanc

190 911 347 956 caussam
371 889 540 954 confertur
563 909 695 973 operae,
722 889 755 952 in
786 889 929 952 salutem
961 887 1130 971 publicam
1161 883 1303 950 conferri

193 995 411 1059 iudicandum
437 994 487 1057 sit.
504 1029 547 1042 -
562 992 807 1056 Verumtamen
835 993 877 1056 ad
904 991 1061 1056 fiduciam
1088 1009 1197 1054 rerum
1213 999 1304 1054 tran-

193 1098 383 1182 quillatum,
409 1117 527 1181 parurn
555 1106 606 1160 est
633 1117 763 1181 cupere,
791 1117 898 1181 neque
923 1097 1004 1162 satis
1035 1096 1123 1160 inest
1150 1096 1184 1160 in
1213 1114 1304 1159 mera
1385 1101 1483 1176 ὒιιινῤ·

193 1201 368 1266 voluntate
398 1201 562 1281 praesidii.
588 1199 767 1283 ‚Similique
785 1201 886 1265 modo
902 1202 1055 1283 ingentes
1070 1197 1190 1282 copiae
1206 1206 1238 1260 et
1252 1195 1305 1259 vis
1330 1163 1485 1270 mim}

196 1302 327 1367 infinita
343 1302 450 1368 bellici
476 1313 658 1386 apparatus
683 1303 838 1366 hostilem
865 1303 1027 1385 impetum
1055 1301 1238 1376 continere,
1263 1317 1305 1362 ne
1331 1286 1484 1393 mg&

194 1419 360 1492 erumpat,
384 1408 579 1490 aliquandiu
604 1420 754 1491 possunt,
781 1409 929 1492 quietem
960 1425 1075 1489 parere
1102 1421 1255 1468 securam
1271 1409 1306 1466 et

194 1514 349 1578 stabilem
368 1533 434 1576 non
452 1523 601 1596 possunt.
619 1513 730 1578 Immo
746 1533 824 1577 vero
840 1513 992 1578 districta
1021 1509 1196 1574 minaciter
1210 1525 1305 1571 arma

193 1619 239 1681 ad
254 1616 393 1681 alendas
419 1627 506 1695 sunt,
529 1637 632 1701 quarn
657 1619 699 1680 ad
728 1616 895 1682 tollendas
919 1616 1108 1680 simultates
1134 1633 1173 1678 ac
1199 1609 1306 1695 suspi-

194 1723 309 1786 ciones
336 1723 485 1804 aptiora:
526 1721 712 1804 percellunt
738 1722 869 1785 animos
895 1720 1040 1784 sollicita
1066 1716 1305 1802 expectatione

195 1845 306 1890 rerum
319 1823 515 1902 suturarum,
526 1833 628 1908 atque
639 1824 718 1889 illud
731 1824 930 1889 nominatim
944 1825 1079 1908 pariunt
1090 1817 1306 1894 incommodi,

195 1938 235 1992 ut
261 1929 293 1992 in
320 1929 503 1992 cervicibus
527 1927 726 2012 populorum
765 1929 983 2013 imponantur
1006 1945 1118 2003 onera,
1142 1926 1305 1988 incertum

195 2053 297 2116 saepe
322 2043 433 2095 utrum
459 2032 684 2098 tolerabiliora
701 2032 798 2098 bello.
813 2069 856 2082 —
875 2033 993 2114 ltaque
1023 2029 1214 2114 quaerenda
1229 2027 1304 2111 paci
1365 2060 1483 2118 pm„

196 2136 511 2215 fundamentasunt
526 2147 560 2200 et
577 2133 721 2199 firmiora
737 2147 772 2200 et
786 2136 1015 2200 coniunctiora
1032 2143 1188 2199 naturae:
1204 2152 1304 2215 prop·
1328 2117 1358 2223 ἑξ
1371 2119 1480 2225 cm?

148 2323 154 2334 Ι
196 2249 289 2305 terea
305 2241 394 2324 quod
422 2241 472 2304 ius
489 2261 585 2304 suum
603 2242 634 2304 vi
650 2243 818 2322 armisque
832 2239 1012 2305 defendere
1041 2254 1236 2302 concessum
1253 2243 1305 2298 est
1327 2241 1356 2286 re.

198 2366 266 2410 non
284 2356 492 2427 repugnante
523 2355 642 2409 natura
656 2367 664 2423 ;
680 2345 739 2408 sed
755 2343 837 2408 illud
865 2353 984 2407 natura
1000 2361 1066 2405 non
1085 2341 1219 2424 patitur,
1234 2338 1303 2402 uim

195 2470 269 2514 esse
286 2449 364 2513 iuris
380 2449 579 2513 efficientem
596 2469 757 2513 caussam.
775 2448 945 2532 Quoniam
967 2466 1037 2530 pax
1062 2443 1303 2527 tranquillitate

194 2555 323 2620 ordinis
338 2555 536 2629 continetur,
552 2573 760 2638 consequens
775 2563 828 2618 est
842 2562 879 2616 ut
895 2550 1182 2634 quemadmodum
1194 2547 1302 2630 priva·

194 2667 316 2732 torum,
332 2656 379 2718 ita
406 2665 439 2718 et
464 2654 679 2736 imperiorum
704 2654 882 2717 concordia
899 2653 931 2715 in
950 2651 1076 2716 iustitia
1103 2648 1253 2713 maxime
1267 2658 1302 2713 et

192 2761 334 2825 caritate
349 2758 484 2823 nitatur.
500 2757 638 2823 Violare
654 2759 832 2834 neminem,
848 2757 948 2822 alieni
965 2758 1044 2820 iuris
1059 2755 1163 2819 vereri
1179 2753 1301 2817 sancti·

192 2871 308 2940 tatem,
324 2861 433 2926 colere
445 2859 546 2926 fidem
562 2861 898 2946 benevolentiamque
914 2871 1075 2936 mutuam,
1087 2859 1300 2943 perspicuum

193 2976 245 3030 est
274 2966 407 3030 vincula
422 2966 622 3029 concordiae
652 2985 724 3029 esse
741 2963 930 3028 firmissima
951 2974 1052 3048 atque
1069 2961 1300 3040 immutabilia,

190 3090 334 3154 quorum
371 3072 457 3134 adeo
484 3069 590 3154 pollet
610 3070 724 3147 virtus,
749 3080 785 3133 ut
809 3070 861 3134 vel
888 3070 1018 3133 semina
1048 3067 1298 3132 inimicitiarum

190 3183 294 3257 atque
320 3175 554 3238 aemulationis
578 3174 669 3238 nulla
684 3194 756 3238 esse
772 3176 928 3256 patiatur.
944 3173 1099 3237 Iamvero
1129 3171 1300 3255 utriusque
1352 3203 1477 3254 Jamvm

191 3279 323 3342 virtutis
349 3291 523 3362 parentem
540 3290 575 3344 et
590 3280 765 3343 custodem
792 3279 885 3342 Deus
901 3299 973 3343 esse
988 3277 1085 3342 iussit
1097 3339 1100 3346 ,
1112 3275 1299 3341 Ecclesiam
1325 3262 1415 3309 ''m''
1425 3264 1476 3309 Μ

191 3401 287 3446 suam
304 3407 310 3446 :
327 3403 413 3465 quae
440 3383 564 3447 idcirco
595 3382 676 3448 nihil
701 3383 826 3460 habuit,
842 3403 951 3464 neque
966 3391 1018 3446 est
1044 3380 1199 3446 habitura
1223 3399 1300 3444 san·
1323 3327 1478 3428 17:1⁸2&-

192 3485 289 3563 ctius‚
298 3506 399 3569 quarn
411 3506 608 3550 conservare
618 3487 764 3552 iustitiae
777 3487 990 3569 caritatisque
1000 3486 1300 3568 legespropagare,
1324 3443 1404 3495 creua,

190 3589 287 3653 tueri.
313 3589 390 3652 Hoc
415 3591 589 3672 proposito
626 3601 730 3654 terras
757 3610 875 3654 ornnes
903 3589 1053 3653 Ecclesia
1091 3587 1300 3671 peragravit:

192 3694 401 3776 dubiumque
418 3706 468 3758 est
485 3695 620 3771 nemini,
632 3696 711 3778 quin
723 3694 882 3759 barbaras
908 3705 1036 3776 gentes,
1051 3692 1174 3756 iniecto
1186 3696 1300 3754 amore

190 3796 339 3860 iustitiae
356 3796 535 3878 mitigatas,
551 3797 594 3860 ab
610 3797 821 3862 immanitate
834 3797 1021 3861 studiorum
1044 3793 1239 3859 bellicorum
1255 3793 1300 3857 ad

189 3895 285 3984 pacis'
308 3911 396 3964 artes
421 3901 734 3985 humanitatemque
762 3900 960 3964 traduxerit.
975 3899 1120 3975 Tenues,
1135 3907 1300 3981 potentes,
1326 3921 1401 3983 ipsius
1446 3928 1477 3970 a.

186 4004 248 4087 qui
264 4003 458 4088 parent,qui
484 4005 659 4087 imperant,
675 4025 780 4089 aeque
803 4024 920 4068 omnes
946 4003 1038 4066 iubet
1062 4021 1192 4066 servare
1208 4000 1301 4066 iusti·
1325 3987 1410 4095 {12⁸ssss
1439 3983 1479 4031 '‘⁸''

188 4110 285 4185 tiam,
300 4127 362 4170 nec
377 4109 556 4191 quicquam
582 4130 644 4192 pro
667 4110 784 4172 iniuria
814 4109 1025 4172 contendere.
1045 4107 1123 4190 Ipsa
1139 4116 1199 4184 est,
1214 4126 1301 4190 quae

189 4211 337 4296 populos
353 4213 534 4290 universos,
550 4214 765 4296 quantumvis
780 4211 832 4276 vel
850 4212 930 4276 locis
950 4211 1095 4287 dissitos,
1111 4211 1163 4275 vel
1179 4229 1302 4294 genere

189 4313 392 4392 differentes,
409 4318 652 4381 necessitudine
669 4329 702 4380 et
718 4317 857 4381 caritate
878 4316 1024 4380 fraterna
1047 4315 1231 4380 coniunxit.
1247 4315 1301 4379 Ac

191 4419 296 4504 probe
332 4439 461 4483 memor
495 4419 606 4502 legum
633 4432 735 4504 atque
762 4421 996 4503 exemplorum
1027 4419 1130 4484 divini
1157 4419 1301 4485 auctoris
