3230 4874
507 449 921 606 ALLOCUTlO

232 709 280 770 ad
302 709 432 770 fideles
453 709 661 770 Germanos
683 709 842 770 Romam
868 715 1160 786 peregrinantes

328 1051 483 1134 TIQUE
499 1050 638 1117 feliciter
651 1052 802 1137 contigit,
820 1054 911 1136 quod
930 1057 1032 1122 modo
1047 1081 1115 1140 vos,
1130 1063 1243 1129 dilecti
1337 1061 1355 1108 8

172 1105 293 1356 Q
351 1157 420 1234 lilii,
441 1154 691 1239 significabatis,
712 1167 751 1220 ut
773 1157 806 1221 in
823 1155 912 1220 hunc
930 1179 1054 1227 annum
1083 1163 1244 1232 incideret
1307 1121 1386 1229 llll!

351 1269 461 1324 vestra
477 1259 519 1322 ad
537 1259 651 1323 urbem
666 1260 914 1343 peregrinati03
931 1283 999 1344 quo
1014 1286 1104 1331 anno
1131 1271 1243 1353 singu-

1309 1331 1423 1390 Pontffex

351 1363 436 1428 lares
461 1363 628 1426 habentur
664 1363 808 1427 honores
851 1364 1004 1430 Pontifici
1041 1389 1087 1434 ex
1121 1372 1244 1438 Anicia
1269 1389 1422 1436 anuescen-

138 1480 241 1554 gente
255 1467 577 1550 sanctissimo,quem
594 1467 753 1530 concordi
769 1469 936 1532 sententia
952 1490 1112 1555 magnum
1130 1476 1243 1562 appel·
1269 1449 1423 1568 ξ-’ἶᾟξξῖ

139 1575 250 1638 lavere
264 1572 406 1638 saecula.
423 1571 508 1656 Quis
535 1572 624 1637 enim
654 1583 751 1656 grata
775 1581 985 1656 posterorum
1012 1581 1245 1647 recordatione

139 1677 307 1762 Gregorio
316 1676 449 1759 dignior
463 1681 477 1739 i
494 1675 528 1740 Is
544 1685 604 1754 est,
619 1676 677 1759 qui
694 1697 777 1741 aevo
793 1677 985 1758 infaustoin
997 1682 1070 1764 ipso
1085 1705 1245 1750 romanae

137 1780 384 1864 magnitudinis
399 1781 536 1844 interitu
552 1779 619 1843 iere
635 1800 722 1843 unus
735 1779 857 1860 illuxit,
869 1781 1108 1851 laudatissimis
1135 1810 1245 1854 roma·

136 1908 257 1954 uorum
274 1905 341 1950 non
358 1885 467 1968 impar
485 1909 493 1949 :
508 1885 541 1947 in
558 1883 696 1967 eiusque
712 1885 839 1950 meritis
862 1896 914 1951 est
937 1886 1001 1952 hoc
1016 1911 1098 1956 sane
1114 1893 1245 1978 insigne

136 2002 172 2057 et
183 1989 438 2055 memorandum
459 1989 617 2065 maxime,
637 1989 761 2052 virtute
777 1989 958 2072 animoque
981 1995 1118 2060 excelso
1138 1999 1245 2080 perse·

136 2096 232 2171 cisse,
248 2102 285 2158 ut
307 2091 351 2156 ab
363 2091 420 2155 illa
435 2090 686 2174 perturbatione
704 2090 822 2156 ltaliae
850 2111 1027 2176 rerumque
1043 2105 1113 2161 tam
1129 2097 1245 2165 sormi·

136 2195 257 2261 doloso
286 2193 487 2272 discrimine,
510 2193 690 2259 christiana
720 2194 870 2276 gentium
900 2194 1095 2262 humanitas
1111 2201 1203 2266 velut
1226 2223 1245 2268 e

138 2301 292 2365 maximo
306 2297 481 2382 naufragio
497 2317 612 2380 sospes
625 2305 819 2380 emergeret,
831 2308 865 2362 et
876 2299 918 2362 ad
937 2319 1024 2366 nova
1037 2302 1243 2372 incrementa

135 2411 390 2487 properaret-
401 2399 522 2464 Varias
538 2400 616 2462 inde
632 2408 852 2481 tempestates
867 2410 902 2464 et
918 2422 1028 2466 rerum
1054 2409 1243 2472 conversio-

136 2527 196 2571 nes
212 2505 356 2570 adduxit
372 2505 459 2583 dies;
475 2512 707 2568 verumtamen
733 2504 820 2568 tanti
844 2503 1007 2569 beneficia
1029 2509 1148 2590 operis,
1175 2531 1241 2577 non

136 2611 208 2674 eius
236 2607 359 2672 saeculi
383 2619 444 2672 ne'c
461 2606 560 2670 unius
595 2605 740 2688 regionis
769 2606 1020 2690 circumscripta
1044 2607 1176 2686 finibus,
1198 2613 1240 2677 ad

134 2721 378 2796 consequentes
408 2720 536 2778 aetates
567 2709 729 2775 latissime
768 2721 962 2792 manarunt;
993 2713 1095 2799 idque
1124 2735 1240 2781 eorum
1266 2774 1419 2834 dmm

136 2817 349 2904 potissimum
367 2814 561 2893 ministerio,
576 2816 619 2879 ad
636 2834 731 2897 quos,
745 2813 849 2878 veluti
877 2835 938 2897 per
964 2836 1083 2882 manus
1108 2821 1241 2900 tradita,
1265 2789 1368 2880 uallares

135 2919 336 3006 pontificalis
366 2917 541 3002 dignitatis
565 2918 717 3002 pervenit
733 2917 911 2984 hereditas.
929 2919 1069 2999 Revera,
1091 2924 1238 2988 saeculo·
1259 2893 1419 3057 ἧξῗξὲἷῗηῖξ,

134 3045 208 3092 rum
239 3025 390 3101 decursu,
421 3021 518 3086 iniis
548 3022 776 3086 custodiendis
799 3023 1093 3109 propagandisque
1131 3026 1302 3108 rebus,'¹·

134 3150 219 3215 quas
235 3127 416 3210 Gregorius
431 3146 491 3209 per
506 3125 655 3190 laborem
679 3125 859 3209 plurimum
881 3127 1066 3192 incolumes
1083 3142 1240 3210 servarat,

131 3251 287 3318 quaeque
308 3250 386 3295 cum
417 3231 609 3312 integritate
636 3228 806 3312 religionis
843 3238 979 3294 tuentur
1002 3233 1070 3298 veri
1093 3237 1239 3303 nominis

131 3338 388 3411 humanitatem,
404 3334 497 3398 nullo
512 3342 664 3416 ternpore
679 3353 758 3395 cura
774 3341 808 3396 et
824 3332 1000 3415 vigilantia
1026 3335 1134 3402 deluit
1151 3340 1237 3406 Pon·

130 3441 258 3510 tilicum
286 3456 523 3503 romanorum:
550 3455 692 3519 quorum
708 3437 999 3519 opportunitatem
1012 3440 1238 3528 virtutemque

128 3545 285 3631 praesidii
302 3543 502 3607 nominatim
522 3539 626 3605 sensit
643 3540 790 3623 Europa,
810 3541 1089 3626 quotiescumque
1105 3545 1237 3631 relapsa

126 3652 160 3714 in
174 3647 375 3713 offensiones
397 3654 449 3709 est
464 3644 695 3727 ancipitesque
717 3662 825 3721 casus,
839 3663 925 3728 quos
940 3644 1098 3712 historiae
1115 3667 1234 3714 monu-

126 3763 242 3820 menta
266 3751 451 3835 prodidere.

172 3857 268 3922 Haec
282 3855 396 3920 omnia
417 3857 445 3917 si
468 3853 584 3938 aequis
600 3851 804 3935 ponderibus
820 3851 975 3915 homines
992 3857 1234 3940 expenderent,
1258 3875 1411 3982 wrm
1453 3855 1456 3864 ’

126 3963 155 4027 si
171 3979 239 4025 vrm
250 3969 484 4041 naturamque
479 3955 662 4020 Ecclesiae
689 3963 812 4039 pacato
828 3954 952 4019 iudicio
972 3957 1206 4028 consideraren
1149 3975 1232 4042 rent,
1250 3992 1338 4063 sm,
1375 4011 1410 4042 n

126 4067 241 4133 silere
233 4085 330 4130 russis
339 4063 584 4147 suspicionibus
595 4081 762 4145 vanisque
778 4061 1029 4145 cupiditatibus,
1040 4085 1128 4148 quae
1139 4071 1233 4136 adul
1256 4051 1411 4160 mxl

48 4224 53 4232 .
126 4179 238 4237 terant
262 4168 421 4234 iudicium
442 4167 521 4245 veri,
534 4164 686 4250 proiecto
708 4175 895 4232 contumax
911 4167 1025 4232 odium
1050 4181 1084 4236 et
1099 4184 1233 4256 sumpta
1258 4173 1377 4229 queritur

126 4283 247 4340 contra
263 4271 448 4339 Ecclesiam
464 4289 559 4334 arma
574 4268 671 4333 facile
685 4269 902 4352 quiescerent.
914 4270 1002 4336 Nam
1017 4273 1044 4336 si
1057 4293 1133 4358 spes
1147 4278 1233 4342 utili.

128 4377 209 4446 tatis
242 4376 294 4443 vel
327 4376 398 4440 sola
425 4384 612 4459 quaeratur,
642 4391 809 4457 quaenam
840 4374 1005 4459 sapientia
1027 4389 1079 4443 est
1109 4381 1232 4447 uberri-
