3140 4866
461 415 582 467 INDEX
608 415 857 467 ANALYTICUS.
1147 417 1213 484 291

110 533 190 542 ...1.-

1163 565 1216 613 rag.

219 641 348 696 Pontifex
360 641 466 712 gaudia
479 659 531 696 sua
543 640 689 696 doloribus
702 642 792 696 mixta
804 651 924 696 testatur
946 655 1004 712 154
1034 671 1069 682 -
1089 643 1145 696 De-

181 721 278 776 scribit
288 721 439 790 impiorum
452 720 571 776 consilia
583 731 612 778 et
628 723 704 775 mala
717 721 783 776 inde
805 721 926 776 oriunda
942 735 1000 790 154.
1013 721 1145 791 -Quare

178 817 278 856 omnes
291 809 415 855 rectores
425 811 453 855 01
466 799 596 856 subditos
606 801 643 855 de
656 800 778 871 propriis
791 801 892 855 officiis
905 810 949 854 est
963 800 1145 864 adhortatus;

177 881 336 952 praesertim
346 890 443 935 tamen
453 879 623 951 Episcopus,
635 881 684 951 qui
702 879 774 936 mira
791 881 981 936 consensione
996 881 1144 936 Pastorem

177 961 348 1030 adjuvarunt
361 971 419 1028 155.
432 988 467 998 -
477 959 574 1014 Zelum
587 958 728 1028 imprimis
738 959 861 1014 Austriae
874 960 1043 1014 Antisiitum
1055 959 1144 1014 laudi·

175 1040 229 1094 bus
247 1039 335 1093 011011.
362 1040 456 1106 Quem
469 1039 507 1094 ad
519 1039 607 1092 zelum
620 1037 792 1107 augendum,
805 1047 835 1092 ut
853 1040 1006 1110 quotannis
1027 1056 1144 1109 congre-

175 1119 291 1174 diantur
303 1117 405 1172 suadet
420 1129 450 1187 15
455 1117 543 1187 5156.
557 1144 591 1153 -
606 1116 745 1171 Perutiles
758 1117 829 1172 tales
842 1127 908 1171 sunt
925 1117 1143 1186 congressiones

175 1209 236 1253 turn
254 1198 436 1266 Praesulibus,
457 1207 519 1252 tum
531 1195 674 1266 gregibus,
696 1195 806 1267 stipsis
828 1212 894 1250 cum
913 1197 1038 1252 maximo
1050 1197 1143 1252 fructu

164 1287 333 1333 'convenius
346 1275 556 1331 celebrantibus
572 1276 629 1346 156.
643 1303 679 1312 —-
688 1278 865 1346 Argumenta
875 1275 1069 1346 congressuris
1084 1293 1142 1330 non

173 1357 294 1411 deerunt
307 1373 313 1410 :
326 1355 470 1410 vinculum
484 1355 596 1411 unionis
610 1373 675 1412 cum
690 1357 830 1426 Supremo
846 1357 980 1420 Pastore;
997 1355 1141 1411 vindican·

173 1435 211 1490 da
224 1435 341 1490 libertas
355 1433 502 1489 Pontificis
514 1454 521 1499 ;
535 1435 652 1504 negotia
674 1433 839 1489 communia
861 1435 1030 1501 tractanda;
1050 1436 1141 1489 clerus

172 1516 210 1568 acl
233 1525 358 1568 mentem
383 1513 545 1568 Tridentini
570 1513 684 1568 concilii
706 1514 873 1569 educandus
885 1534 893 1580 ;
915 1515 1037 1585 populus
1051 1513 1142 1569 fidelis

173 1593 312 1660 doctrina,
323 1593 429 1663 pietate
442 1593 639 1648 informandus
647 1613 654 1659 ;
662 1592 731 1647 boni
741 1593 816 1658 libri,
825 1593 916 1648 diaria
925 1594 1069 1663 vulganda
1081 1593 1141 1663 156·

177 1687 234 1743 157.
243 1703 278 1714 -
292 1672 433 1728 Ultimum
446 1689 481 1727 eo
494 1671 586 1743 magis
599 1673 794 1727 necessarium
806 1689 863 1744 quo
877 1672 972 1742 plures
986 1671 1014 1726 in
1027 1673 1142 1727 Austria

172 1769 270 1824 pravae
283 1751 481 1822 ephemerides
494 1753 524 1824 in
538 1753 623 1821 vulgo
646 1761 816 1822 sparguntur
832 1752 889 1820 158.
904 1782 937 1790 -
953 1752 1143 1822 Unaquaeque
1163 1781 1165 1786 ·

172 1832 251 1902 regio
264 1849 331 1887 suas
343 1832 449 1886 habeat
461 1830 659 1903 ephemerides
669 1831 760 1886 bonas
777 1831 835 1900 158.
849 1859 884 1868 —
899 1829 1033 1902 Superest
1047 1842 1075 1885 01
1094 1846 1140 1885 cu-

173 1929 204 1966 ra
218 1909 362 1984 opificum,
371 1911 408 1966 ad
421 1920 547 1966 mentem
559 1910 631 1980 legis
645 1911 820 1980 evangeiicae
837 1910 894 1980 158.

136 2039 185 2090 41.
209 2038 414 2088 LITTERAE
433 2037 711 2089 APOSTOLiCAE
731 2037 771 2087 de
791 2038 874 2087 festo
897 2039 927 2086 S.
956 2037 1085 2098 losephi
1106 2038 1142 2084 in

102 2127 320 2185 Pedemontis,
338 2126 489 2188 Liguriae,
507 2123 744 2188 Longobardiae
764 2126 797 2173 et
814 2123 975 2173 Sardiniae
999 2123 1141 2183 regioni-

101 2210 711 2267 businstaurando.-3martii1891
1161 2205 1213 2260 160

209 2318 304 2372 Laetus
318 2316 448 2371 Pontifex
460 2318 563 2370 harum
575 2315 699 2386 partium
714 2315 922 2385 Episcoporum
945 2325 1011 2368 vota
1030 2313 1140 2386 excepit

172 2397 208 2452 de
221 2397 343 2452 colendo
356 2397 408 2450 sub
421 2395 527 2467 duplici
545 2405 690 2468 praecepio
703 2395 749 2450 die
763 2395 835 2450 festo
850 2396 878 2450 S.
899 2393 1013 2464 losephi
1034 2394 1092 2448 160.
1105 2425 1141 2434 -

175 2475 217 2530 Pii
237 2477 279 2530 IX
292 2475 452 2530 decessoris
466 2473 586 2544 vestigia
599 2490 743 2544 premens,
756 2474 862 2528 cultum
877 2472 982 2543 Sponsi
995 2474 1028 2527 B.
1047 2474 1083 2528 V.
1095 2473 1139 2528 lit·

173 2555 240 2610 teris
252 2555 404 2624 encyclicis
417 2553 497 2623 fovit,
510 2553 612 2624 quibus
632 2553 710 2608 orbis
728 2552 885 2608 catholicus
899 2570 956 2607 uno
969 2553 1069 2622 plausu
1083 2569 1140 2608 res·

172 2633 271 2704 pondit
296 2635 354 2688 160.
377 2661 412 2672 ·-
432 2633 520 2688 italos
545 2640 654 2687 ceteras
677 2633 809 2702 regiones
822 2631 950 2686 unanimi
973 2631 1001 2686 S.
1022 2631 1140 2701 Josephi

170 2715 248 2770 cultu
260 2729 394 2782 superare
415 2712 497 2767 decet
514 2711 638 2766 160161.
657 2713 779 2782 -Spes
802 2713 910 2782 optima
930 2729 964 2766 ex
981 2712 1037 2766 hoc
1051 2711 1140 2766 incre-

173 2802 270 2848 mento
283 2792 397 2862 pietatis
410 2791 538 2846 hauritur
559 2791 662 2844 161.-—
682 2790 778 2844 Pietas
799 2791 827 2844 in
850 2791 878 2845 S.
901 2789 1052 2844 Familiam
1065 2806 1141 2844 sum-

171 2889 249 2926 mum
262 2881 360 2925 contra
370 2869 523 2940 praesentia
536 2869 611 2924 mala
624 2869 782 2924 remedium
795 2871 850 2924 161.
866 2900 901 2911 -
915 2872 1031 2925 Festum
1045 2881 1140 2926 aucto-

66 2993 73 3006 .
171 2953 255 3006 ritate
268 2949 426 3020 apostolica
439 2949 467 3004 in
482 2949 566 3004 Italia
579 2948 717 3018 superiori
727 2950 888 3005 decernitur
902 2950 938 3005 de
950 2949 1057 3022 duplici
1071 2967 1140 3022 prae·

172 3039 257 3100 cepto
271 3029 442 3084 servandum
455 3029 512 3084 161.

136 3145 190 3194 42.
213 3143 419 3193 LITTERAE
439 3141 714 3193 APOSTOLicAE
728 3143 768 3192 110
780 3143 995 3194 saecuiaribus
1019 3145 1139 3195 solem-

102 3229 854 3284 nibusS.IoanuisaCruoe.-4mertii1891.
1162 3227 1210 3282 162

208 3339 276 3402 Post
289 3344 438 3401 saecularia
460 3345 599 3400 solemnia
622 3345 650 3400 in
672 3347 812 3402 honorem
835 3348 863 3402 S.
885 3347 1030 3402 Theresiae
1050 3364 1140 3419 nuper

170 3426 322 3495 celebrata,
337 3425 467 3480 Pontifex
488 3425 617 3496 apprime
635 3427 741 3481 decens
754 3429 911 3497 proclamat
932 3445 983 3497 par
1004 3429 1140 3484 tributum

172 3507 200 3561 S.
213 3505 318 3575 Joanni
331 3521 349 3558 a
363 3503 454 3558 Cruce
466 3506 503 3560 ab
521 3505 649 3574 ejusdem
668 3506 777 3561 familia
799 3505 870 3562 solvi
896 3508 953 3561 162.
966 3537 1001 3546 -
1014 3507 1140 3563 Virtutes

173 3585 200 3640 S.
215 3582 333 3654 Joannis
344 3599 362 3636 0
375 3583 466 3637 Cruce
479 3584 623 3652 exemplar
636 3584 776 3651 fidelibus,
789 3602 823 3639 ac
835 3587 992 3655 praesertim
1005 3585 1139 3641 Carmeli·

172 3664 209 3718 tis
222 3663 343 3733 praefert,
354 3661 521 3732 patientiam
531 3661 672 3733 imprimis
685 3663 844 3719 mirabilem
858 3664 914 3718 162.
928 3693 963 3705 --
974 3666 1020 3719 Ad
1033 3681 1139 3734 augen-

173 3743 212 3796 da
223 3743 286 3797 haec
299 3740 447 3796 saecularia
464 3741 612 3810 solemnia,
631 3741 713 3810 juxta
729 3753 826 3796 votum
840 3743 990 3798 Generalis
1004 3745 1140 3800 Carmeli·

172 3831 273 3890 tarum,
287 3821 382 3890 largas
404 3819 595 3889 iudulgentias
616 3821 701 3876 certis
723 3822 825 3877 diebus
840 3839 875 3878 00
896 3821 967 3876 10010
990 3822 1140 3878 lucrandas

173 3901 297 3971 benigne
310 3899 441 3955 concedit
455 3901 512 3968 163.

139 4015 194 4065 43.
218 4013 426 4064 EPISTOLA
438 4013 481 4063 ad
492 4013 695 4076 Episcopum
709 4012 947 4064 Nanoeiensern
962 4019 994 4066 et
1007 4017 1142 4066 Tutien-

103 4113 171 4152 sem
186 4103 226 4152 de
238 4103 430 4163 quaestione
444 4101 691 4163 opiticum-7
707 4103 820 4153 martii
839 4101 924 4152 1891.
1162 4099 1211 4166 164

210 4204 324 4259 Gratias
335 4222 422 4274 agens
434 4203 471 4259 de
481 4204 633 4274 exemplari
644 4205 774 4275 epistolae
786 4207 937 4276 pastoralis
947 4206 984 4262 ad
995 4222 1026 4263 00
1036 4208 1141 4277 missae,

175 4282 305 4339 Pontifex
318 4283 415 4338 laudat
433 4284 523 4338 zelum
536 4281 663 4354 episcopi
677 4285 703 4337 N
707 4283 867 4339 anceiensis
884 4287 942 4353 164
954 4315 990 4325 -
1004 4287 1141 4358 Compro-

175 4363 224 4418 bat
236 4361 375 4431 imprimis
394 4379 458 4432 quae
471 4361 593 4431 providit
606 4372 666 4416 tum
684 4363 722 4418 ad
742 4363 809 4418 cleri
828 4366 996 4421 industriam
1017 4367 1141 4423 excitan-

175 4441 252 4511 dam,
265 4451 326 4496 tum
343 4441 380 4496 ad
393 4439 532 4510 agricolas
545 4456 600 4511 ope
617 4458 700 4497 novae
719 4443 879 4502 sodalitatis
892 4445 1046 4504 christiane
1063 4446 1140 4504 insti·
