3282 4876
394 412 459 462 102
499 410 597 464 nrsr.
617 413 744 465 suoss.
768 399 788 429 ‘⁴
808 413 933 465 unsre.
952 413 1057 466 ouon
1080 383 1286 468 uouentem
1308 415 1438 468 rsrms
1455 451 1472 480 ‚‚

385 605 577 652 mansurum
594 595 628 651 et
643 587 822 652 valiturum
837 587 952 670 quoad
968 589 1067 655 rebus
1084 589 1358 675 temporibusque
1372 589 1485 656 ceden-
1608 601 1610 654 l

383 690 474 768 dum,
486 709 553 756 non
565 709 634 755 uno
646 709 691 755 ex
703 689 778 756 loco
789 689 940 758 eiusdem
953 691 1213 759 Constitutionis
1224 713 1384 779 pernosse
1394 691 1484 757 licet:

382 791 439 858 ubi
466 793 614 860 edictum
642 802 679 858 ut
703 794 845 860 Praeses
868 792 1023 859 resideret
1045 805 1139 860 entra
1153 795 1329 880 Anglionc
1354 793 1485 860 durante

380 895 552 962 schismate
562 919 577 973 ,·
592 897 649 964 ubi
665 897 767 963 etiam
783 897 901 962 datum
918 919 1018 981 posse
1034 897 1343 984 Congregationem
1358 919 1380 963 a
1395 895 1484 962 Prio-

381 997 472 1063 ribus
485 999 755 1064 Residentc'arum
780 1020 835 1066 seu
860 998 1086 1068 Conventuurn
1106 1010 1201 1067 extra
1215 1001 1382 1088 Anglianc
1402 999 1484 1084 regi:

380 1126 466 1191 quae
477 1128 558 1173 sane
569 1109 612 1174 de
625 1108 785 1174 facultate
796 1107 1015 1192 intelligenda
1031 1118 1153 1178 suntet
1164 1112 1263 1177 venia
1279 1107 1484 1194 temporaria,

380 1211 536 1277 nimirum
553 1214 755 1298 usquedum
777 1211 899 1280 finibus
925 1214 1063 1279 ditionis
1090 1233 1172 1280 suae
1186 1223 1299 1280 essent
1314 1213 1364 1279 illi
1380 1211 1482 1298 probi·

378 1316 448 1383 biti.
464 1315 609 1382 Accedit
623 1317 714 1401 quod
741 1317 814 1400 ipse
842 1317 999 1382 Pontifex
1023 1315 1116 1382 salva
1132 1337 1204 1384 esse
1218 1317 1371 1383 decrevit
1382 1314 1483 1400 priui-

376 1419 472 1504 legia,
489 1419 632 1502 gratias,
659 1419 799 1497 indulta,
816 1419 1007 1500 facultates,
1023 1419 1278 1504 praerogativas
1307 1417 1443 1486 Ordinis
1456 1426 1484 1481 et

380 1519 647 1606 Congregationc‘s
657 1522 844 1606 Nigronun
856 1533 1113 1607 nuncupatorum
1126 1523 1162 1589 S.
1171 1522 1344 1588 Benedicti
1353 1543 1392 1587 uc
1401 1519 1484 1586 iliius

378 1623 658 1692 Monostcrc'crum
674 1627 709 1692 in
725 1628 755 1692 Α
761 1627 854 1712 nglia
872 1627 921 1714 (¹),
940 1627 974 1692 in
990 1627 1110 1712 hisque
1124 1627 1342 1694 ecclesiarum
1372 1643 1484 1692 novem

378 1731 450 1795 iura
464 1731 689 1798 cathedralia:
703 1752 772 1816 quo
796 1734 941 1812 decreto,
956 1733 1058 1799 tacite
1081 1733 1109 1798 is
1137 1731 1285 1817 quidem,
1309 1731 1370 1798 sed
1394 1725 1484 1794 valde

377 1833 565 1910 affirmavit,
580 1835 746 1902 curiarum
776 1836 929 1902 omnium
960 1836 1242 1920 ecclesiarumque
1271 1833 1478 1902 administra·

377 1939 513 2017 tionem,
522 1957 664 2024 quarum
677 1939 880 2006 utilitatibus
893 1939 1103 2006 Benedictini
1116 1939 1286 2020 seruirent,
1297 1939 1346 2006 ad
1361 1956 1485 2004 eorum·

376 2044 454 2108 dem
482 2043 693 2123 monasteris,
719 2043 747 2110 si
774 2045 913 2130 quando
937 2054 1051 2112 essent
1077 2044 1111 2109 in
1138 2045 1309 2128 integrum
1327 2043 1484 2118 restituta,

377 2149 459 2215 nihil
484 2169 579 2216 secus
605 2169 708 2236 quam
733 2161 812 2218 ante
836 2151 983 2218 schisma
1009 2153 1195 2236 pertinere:
1225 2161 1364 2219 tantum
1390 2149 1483 2234 igitur

377 2254 471 2321 abest
487 2263 524 2320 ut
538 2274 580 2322 ea
595 2245 845 2324 Constitutione
859 2256 1022 2341 potestati
1037 2257 1245 2323 monasticae
1260 2255 1425 2323 Urbanus
1444 2252 1485 2318 sit

254 2392 354 2453 Μή
376 2358 571 2442 refragatus.
586 2395 631 2410 -·
645 2358 789 2425 Accedit
805 2359 908 2424 etiam
924 2359 1015 2444 quod
1032 2359 1081 2425 ita
1095 2357 1159 2426 sert
1175 2359 1331 2425 universe
1351 2376 1484 2425 consue·

201 2454 343 2500 ‘mim
378 2463 461 2528 tudo
487 2461 626 2530 Ordinis
652 2463 884 2530 Benedictini:
909 2483 1055 2549 namque
1074 2473 1109 2530 et
1130 2463 1220 2549 apud
1236 2463 1323 2528 alias
1338 2461 1481 2529 eiusdem

201 2514 355 2677 {ffifflg
379 2563 516 2632 Ordinis
531 2566 684 2646 familias,
698 2567 863 2652 quidquid
879 2567 1058 2653 potestatis
1073 2577 1125 2635 est
1151 2569 1185 2634 in
1209 2567 1390 2634 missiones
1405 2573 1438 2631 et
1452 2565 1480 2626 in

201 2664 354 2760 marian
377 2669 532 2736 alumnos
548 2671 784 2752 missiouarios,
804 2673 839 2738 id
861 2671 919 2736 alii
943 2671 1092 2739 delentur
1106 2671 1233 2738 nemini
1247 2691 1353 2757 quam
1368 2689 1482 2736 coeno·

196 2761 324 2866 xm
377 2771 507 2838 bionum
523 2773 746 2859 praepositis:
765 2793 969 2860 aequavero
984 2775 1161 2860 quisquam
1178 2775 1314 2860 ignorat
1335 2772 1482 2842 abbatias

378 2895 459 2954 esse,
472 2896 561 2961 quae
576 2897 643 2944 non
661 2878 764 2945 modo
787 2878 1017 2965 sibimetipsae
1043 2879 1231 2960 consulant,
1253 2879 1314 2945 sed
1341 2876 1481 2946 ecclesiis

377 2981 527 3046 externis
541 2981 706 3067 coriisque
715 2982 805 3050 haud
817 2983 865 3051 ita
877 2984 991 3069 paucis
1004 2985 1056 3051 ius
1067 2983 1183 3051 dicant
1197 3001 1325 3069 easque
1339 2983 1481 3066 undique

246 3091 352 3138 ratiti·
377 3083 621 3152 administrent.
642 3123 686 3138 -
708 3085 801 3153 Talis
828 3097 942 3153 autem
968 3088 1150 3154 sociandae
1179 3087 1481 3173 temperantiaeque
1607 3151 1608 3174 ,

200 3149 353 3318 {32:22⁰spss
376 3187 554 3274 potestatis
578 3189 709 3270 modus,
734 3199 773 3257 ut
788 3192 1000 3259 monasteriis
1026 3193 1202 3259 missiones
1217 3201 1369 3277 pareant,
1384 3189 1479 3258 etiam

200 3344 260 3377 aaa
279 3331 352 3392 ,m
376 3301 512 3377 propter
526 3291 713 3378 praeclaras
728 3295 999 3378 opportunitates
1014 3315 1102 3381 quae
1116 3303 1294 3379 utramque
1309 3293 1345 3360 in
1356 3302 1480 3379 partem

199 3389 352 3498 mium·
376 3397 563 3463 redundare
591 3407 742 3482 possunt,
779 3400 951 3483 optandus
980 3400 1132 3465 maxime
1168 3407 1229 3468 est.
1258 3395 1361 3482 Quod
1395 3397 1479 3463 enim

194 3509 352 3616 &mss
376 3502 588 3580 monasteria,
612 3510 649 3568 ut
672 3502 759 3567 inter
783 3523 902 3568 omnes
927 3511 1070 3582 constat,
1096 3521 1133 3568 se
1158 3502 1269 3568 minus
1290 3517 1480 3588 prosperas

198 3627 349 3676 anuscan-
374 3604 525 3690 legitima
538 3606 715 3692 disciplina
738 3608 927 3692 studiisque
952 3607 1135 3674 maioribus
1151 3627 1240 3673 nunc
1262 3606 1398 3684 babent,
1412 3604 1479 3669 eius

198 3691 249 3741 ‘'¹''
374 3709 421 3776 rei
436 3729 555 3776 caussa
570 3729 637 3776 non
653 3709 688 3776 in
704 3709 868 3789 alumnos,
882 3730 1025 3795 quorum
1041 3709 1199 3777 voluntas
1214 3710 1267 3775 uel
1278 3729 1381 3794 opera
1395 3706 1478 3773 desi·

373 3816 515 3894 deretur,
535 3823 571 3881 at
585 3833 664 3882 vero
679 3814 713 3880 in
730 3833 839 3880 rerum
855 3812 1099 3899 hominumque
1112 3813 1275 3898 inopiam,
1289 3822 1323 3879 et
1339 3812 1372 3878 in
1388 3811 1478 3877 labo·

373 3935 456 3997 rum,
470 3935 558 4003 quae
573 3918 651 3984 inde
665 3917 891 4003 consequitur,
905 3916 1222 3984 immoderationem
1245 3915 1360 4000 procul
1376 3913 1476 3980 dubio

371 4022 473 4089 debet
501 4021 665 4091 conlecti:
695 4023 817 4108 quibus
847 4021 1071 4089 incommodis
1096 4019 1283 4088 remedium
1314 4019 1474 4104 optimum

206 4147 347 4196 eruant„
372 4133 537 4209 suppetet,
551 4125 579 4190 si
594 4145 640 4191 ex
655 4127 775 4192 eodem
791 4125 903 4209 capite
928 4123 1113 4209 aequabilis
1137 4120 1368 4207 providentiae
1393 4118 1477 4184 ratio
1606 4093 1607 4174 ζ

191 4212 348 4314 {lim-'2'
372 4227 405 4292 in
436 4245 615 4294 commune
644 4228 798 4296 manarit.
820 4265 865 4280 -·
891 4227 1023 4296 Similia
1051 4226 1248 4294 adiumenta
1276 4234 1311 4292 et
1337 4221 1476 4289 sonasse

190 4449 237 4492 Μ
401 4480 421 4518 ι.
439 4469 664 4517 conspurcare
