3310 4868
429 378 500 432 110
727 373 940 426 euctemon
960 361 981 390 “
1004 371 1187 425 cruentas
1206 407 1227 438 ,‚

421 569 529 646 huius,
551 587 639 652 quae
665 565 699 628 in
726 565 823 642 terris
850 565 993 646 degitur,
1017 564 1109 630 vitae
1132 565 1400 648 prosperitatem,
1414 574 1514 627 tamen

422 691 489 734 non
506 670 665 744 minuere,
688 667 747 732 sed
774 686 897 750 augere
922 667 1051 732 bomini
1075 667 1178 732 debet
1204 666 1398 732 facultatem
1423 666 1516 748 adipi·

421 773 535 838 scendi
561 791 729 837 summum
755 770 837 836 illud
861 781 962 854 atque
990 780 1183 836 extremum
1208 771 1383 848 bonorum,
1406 771 1438 834 in
1458 791 1516 854 quo

400 896 406 906 ·
422 877 563 941 felicitas
578 875 754 940 bominum
770 877 975 954 sempiterna
990 875 1146 941 consistit
1162 897 1170 939 :
1192 894 1261 958 quo
1277 873 1439 958 perveniri
1458 894 1515 938 non

423 991 534 1064 potest
551 981 711 1063 religione
727 979 888 1062 neglecta

466 1084 534 1150 Sed
561 1085 644 1148 haec
668 1083 751 1146 alias
776 1083 910 1148 uberius
937 1083 1192 1166 exposuimus:
1219 1084 1252 1148 in
1282 1085 1466 1168 praesentia
1487 1083 1514 1145 id

247 1217 344 1272 yma
362 1225 397 1256 rs
421 1187 643 1253 animadverti
659 1197 793 1252 tantum
810 1186 975 1264 volumus,
999 1186 1189 1253 istiusmodi
1215 1187 1405 1253 libertatem
1430 1187 1515 1252 valde

263 1270 379 1388 {¹22¹ssssss
422 1293 540 1357 obesse
565 1312 672 1367 verae,
696 1311 773 1356 cum
799 1311 915 1354 eorum
942 1291 999 1374 qui
1027 1300 1158 1372 regunt,
1182 1305 1255 1357 tum
1281 1293 1337 1376 qui
1363 1303 1516 1376 reguntur,

240 1394 337 1494 m}
365 1389 396 1503 ξ’)
421 1397 575 1462 libertati.
593 1397 733 1460 Prodest
749 1407 862 1459 autem
877 1394 1014 1458 mirifice
1024 1395 1277 1480 religio‚quippe
1289 1415 1376 1480 quae
1385 1397 1515 1480 primurn

245 1513 297 1554 rum
317 1507 396 1553 sutur-
421 1505 532 1566 ortum
542 1500 752 1582 potestatisa
766 1499 841 1562 Deo
854 1499 928 1581 ipso
938 1499 1069 1581 repetit,
1084 1499 1349 1584 gravissimeque
1364 1500 1516 1582 principes

246 1572 332 1616 romm.
421 1605 522 1681 iubet,
537 1601 721 1666 officiorum
738 1621 875 1666 suorum
898 1623 971 1666 esse
988 1622 1162 1678 memores,
1187 1603 1268 1668 nihil
1285 1605 1418 1668 'iniuste
1438 1623 1516 1668 acer-

422 1710 505 1772 beve
520 1707 692 1788 imperare,
708 1706 852 1788 benigne
868 1726 907 1768 ac
923 1705 991 1770 iere
1002 1725 1079 1770 cum
1096 1708 1235 1772 caritate
1251 1716 1392 1791 patema
1405 1707 1516 1790 populo

275 1827 300 1897 n)
312 1833 364 1898 ‘3⁰⁸
420 1810 718 1896 praeesseEadem
728 1809 889 1892 potestati
901 1806 1073 1892 legitimae
1082 1811 1171 1874 cives
1184 1811 1256 1876 vult
1265 1832 1339 1876 esse
1353 1813 1517 1884 subiectos,

243 1894 385 1950 ''numm''
422 1927 458 1980 ut
482 1915 547 1978 Dei
569 1913 750 1992 ministris;
770 1933 896 1996 eosque
920 1933 997 1977 cum
1024 1914 1208 1979 rectoribus
1235 1915 1437 1998 reipublicae
1460 1933 1516 1978 non

420 2019 614 2084 obedientia
629 2019 749 2097 solum,
764 2019 822 2082 sed
839 2021 1040 2083 verecundia
1056 2029 1090 2084 et
1106 2039 1221 2084 amore
1233 2022 1415 2105 coniungit,
1428 2023 1515 2085 inter-

420 2124 518 2187 dictis
534 2121 765 2199 seditionibus,
774 2123 970 2206 cunctisque
988 2123 1152 2206 incaeptis
1168 2143 1256 2206 quae
1270 2125 1425 2189 ordinem
1440 2135 1517 2189 tran·

421 2227 688 2310 quillitatemque
701 2225 870 2308 publicam
882 2227 1076 2310 perturbare
1091 2231 1516 2312 queant,quaequetandem

421 2351 575 2395 caussam
610 2328 755 2396 afferunt
784 2350 844 2394 cur
875 2330 1057 2394 maioribus
1097 2329 1197 2394 irenis
1235 2332 1373 2396 libertas
1409 2333 1518 2394 civium

421 2435 678 2516 constringatur.
695 2434 996 2498 Praetermittimus
1007 2446 1171 2517 quantum
1188 2434 1305 2518 religio
1321 2437 1419 2500 bonis
1432 2432 1518 2498 mori·

421 2539 482 2602 bus
498 2539 675 2612 conducat,
690 2549 724 2600 et
748 2548 914 2619 quantum
936 2536 1081 2602 libertati
1106 2557 1215 2602 mores
1230 2539 1321 2604 boni.
1338 2539 1427 2602 Nam
1443 2537 1518 2600 ratio

420 2641 577 2716 ostendit,
589 2653 621 2703 et
638 2640 776 2703 historia
792 2637 978 2716 confirmat,
1001 2660 1069 2722 quo
1092 2641 1160 2705 sint
1177 2640 1295 2705 melius
1308 2653 1465 2717 moratae,
1485 2657 1519 2700 eo

421 2743 496 2825 plus
513 2741 667 2806 libertate
678 2753 712 2807 et
723 2741 843 2825 opibus
856 2755 889 2806 et
902 2743 1044 2826 imperio
1053 2744 1163 2808 valere
1174 2744 1336 2810 civitates.

296 2951 396 3047 pedm
466 2950 540 3014 lam
556 2948 682 3032 aliquid
705 2949 933 3014 consideretur
955 2949 997 3013 de
1012 2949 1160 3014 libertate
1174 2947 1333 3032 loquendi,
1349 2949 1521 3028 formisque

255 3063 385 3132 reicienda
422 3055 605 3120 litterarum
621 3054 860 3135 quodcumque
876 3052 979 3117 libeat
1001 3053 1223 3136 exprimendi
1242 3053 1355 3117 Huius
1379 3052 1521 3136 proiecto

245 3122 396 3226 firmali
423 3180 489 3224 non
514 3143 646 3222 modice
668 3168 888 3240 temperatae,
911 3159 969 3222 sed
995 3158 1133 3221 modum
1158 3168 1191 3221 et
1208 3157 1308 3222 linem
1326 3153 1523 3221 transeuntis

245 3240 342 3334 qpenur
423 3263 585 3328 libertatis
602 3265 652 3326 ius
663 3282 735 3326 esse
749 3283 814 3326 non
833 3281 941 3343 posse,
953 3262 1013 3324 vix
1025 3262 1146 3326 attinet
1169 3262 1287 3326 dicere.
1303 3261 1365 3326 Est
1381 3262 1468 3326 enim
1479 3260 1523 3322 ius

423 3368 565 3433 facultas
582 3367 848 3448 moralis,quam,
859 3377 894 3431 ut
905 3369 1057 3432 diximus
1072 3368 1272 3450 saepiusque
1282 3367 1525 3436 estdicendum,

245 3463 395 3580 siwia
423 3473 604 3537 absurdum
615 3482 674 3538 ¹est
690 3473 894 3550 existimare,
906 3473 1038 3536 veritati
1054 3482 1088 3536 et
1104 3472 1289 3549 mendacio,
1305 3469 1474 3536 honestati
1495 3475 1525 3529 et

244 3597 289 3652 <sse
312 3586 397 3651 ‚potest
422 3576 622 3660 turpitudini
638 3575 827 3658 promiscue
843 3587 877 3640 et
892 3575 1116 3640 communiter
1130 3597 1150 3641 a
1167 3587 1286 3640 natura
1296 3577 1419 3640 datam.
1433 3573 1525 3657 Quae
1605 3635 1606 3640 ,

238 3641 395 3762 {ifinwi-
423 3700 510 3758 vera,
524 3699 611 3763 quae
624 3681 766 3742 honesta
782 3691 870 3756 sunt,
886 3700 925 3742 ea
943 3679 1045 3743 libere
1060 3680 1308 3762 prudenterque
1333 3679 1367 3742 in
1394 3680 1526 3743 civitate

243 3773 303 3812 “m''
422 3783 601 3868 propagari
618 3782 669 3844 ius
682 3789 743 3858 est,
759 3790 796 3843 ut
811 3783 855 3844 ad
871 3781 1088 3863 quamplures
1104 3783 1294 3864 pertineant
1307 3803 1316 3860 ;
1330 3781 1525 3863 opinionum

243 3927 393 3983 sedulecon-
422 3886 606 3962 mendacia,
622 3884 742 3966 quibus
766 3883 858 3946 nulla
880 3883 984 3946 menti
1008 3884 1183 3966 capitalior
1208 3885 1321 3968 pestis,
1341 3885 1421 3948 item
1448 3881 1526 3946 vitia

243 3991 283 4091 {23¹
299 3988 394 4105 mfi‘ij}
419 4013 504 4074 quae
521 3991 670 4054 animum
684 4007 860 4068 moresque
869 3998 1097 4070 corrumpunt,
1109 4008 1251 4073 aequum
1262 3997 1314 4052 est
1326 3987 1524 4051 auctoritate

240 4095 378 4174 promendi
418 4095 551 4178 publica
567 4092 744 4173 diligenter
767 4109 928 4166 coercere,
946 4111 987 4154 ne
1003 4111 1135 4174 serpere
1158 4093 1200 4155 ad
1218 4093 1399 4174 perniciem
1414 4091 1522 4172 reipu-

243 4165 392 4272 miii.
416 4199 522 4263 blicae
538 4206 672 4280 queant.
690 4195 832 4259 Peccata
848 4196 977 4260 licentis
993 4197 1128 4278 ingenii,
1144 4216 1231 4278 quae
1244 4217 1324 4260 sane
1338 4199 1371 4260 in
1384 4215 1518 4278 oppres·

239 4283 394 4402 gisem
416 4305 544 4366 sionem
556 4299 682 4363 cadunt
699 4299 923 4363 multitudinis
939 4300 1122 4382 imperitae,
1145 4310 1274 4364 rectum
1300 4311 1351 4365 est
1377 4299 1517 4363 auctori·

243 4401 392 4514 ,ijssfflffi
417 4418 486 4471 tate
501 4404 614 4486 legum
625 4423 692 4468 non
703 4403 812 4466 minus
824 4423 984 4480 coercere,
999 4423 1101 4487 quam
1119 4405 1228 4468 illatas
1249 4405 1394 4488 pervim
1415 4403 1517 4467 imbe-
