<?xml version="1.0" encoding="UTF-8"?>
<!DOCTYPE html PUBLIC "-//W3C//DTD XHTML 1.0 Transitional//EN"
    "http://www.w3.org/TR/xhtml1/DTD/xhtml1-transitional.dtd">
<html xmlns="http://www.w3.org/1999/xhtml" xml:lang="en" lang="en">
 <head>
  <title>
</title>
<meta http-equiv="Content-Type" content="text/html;charset=utf-8" />
  <meta name='ocr-system' content='tesseract 3.04.00' />
  <meta name='ocr-capabilities' content='ocr_page ocr_carea ocr_par ocr_line ocrx_word'/>
</head>
<body>
  <div class='ocr_page' id='page_1' title='image "./sanctissimidomi03xiiigoog_0369.png"; bbox 0 0 3250 4876; ppageno 0'>
   <div class='ocr_carea' id='block_1_1' title="bbox 387 387 1412 468">
    <p class='ocr_par' dir='ltr' id='par_1_1' title="bbox 387 387 1412 468">
     <span class='ocr_line' id='line_1_1' title="bbox 387 387 1412 468; baseline 0.007 -19"><span class='ocrx_word' id='word_1_1' title='bbox 387 401 429 450; x_wconf 89' lang='lat'>12</span> <span class='ocrx_word' id='word_1_2' title='bbox 482 399 630 452; x_wconf 82' lang='lat' dir='ltr'><strong>LITTER.</strong></span> <span class='ocrx_word' id='word_1_3' title='bbox 653 401 811 454; x_wconf 76' lang='lat' dir='ltr'>ENCYCL.</span> <span class='ocrx_word' id='word_1_4' title='bbox 834 387 854 418; x_wconf 72' lang='lat'>‘⁸</span> <span class='ocrx_word' id='word_1_5' title='bbox 873 401 1097 456; x_wconf 79' lang='lat' dir='ltr'><strong>SAPIENTIAE</strong></span> <span class='ocrx_word' id='word_1_6' title='bbox 1115 405 1374 458; x_wconf 72' lang='lat' dir='ltr'>cnuls&#39;rlnuau</span> <span class='ocrx_word' id='word_1_7' title='bbox 1391 440 1412 468; x_wconf 84' lang='lat'><strong>„</strong></span> 
     </span>
    </p>
   </div>
   <div class='ocr_carea' id='block_1_2' title="bbox 204 577 1489 2536">
    <p class='ocr_par' dir='ltr' id='par_1_2' title="bbox 424 577 1481 666">
     <span class='ocr_line' id='line_1_2' title="bbox 424 577 1481 666; baseline 0.001 -24"><span class='ocrx_word' id='word_1_8' title='bbox 424 577 553 644; x_wconf 87' lang='lat' dir='ltr'>Verum</span> <span class='ocrx_word' id='word_1_9' title='bbox 581 577 614 642; x_wconf 94' lang='lat' dir='ltr'>in</span> <span class='ocrx_word' id='word_1_10' title='bbox 642 579 706 643; x_wconf 90' lang='lat' dir='ltr'>hoc</span> <span class='ocrx_word' id='word_1_11' title='bbox 731 579 851 645; x_wconf 89' lang='lat' dir='ltr'>eodem</span> <span class='ocrx_word' id='word_1_12' title='bbox 876 601 1008 664; x_wconf 90' lang='lat' dir='ltr'>genere,</span> <span class='ocrx_word' id='word_1_13' title='bbox 1032 583 1121 666; x_wconf 89' lang='lat' dir='ltr'>quod</span> <span class='ocrx_word' id='word_1_14' title='bbox 1150 581 1250 648; x_wconf 85' lang='lat' dir='ltr'>fidem</span> <span class='ocrx_word' id='word_1_15' title='bbox 1276 581 1481 646; x_wconf 75' lang='lat' dir='ltr'>christianam</span> 
     </span>
    </p>

    <p class='ocr_par' dir='ltr' id='par_1_3' title="bbox 381 680 1484 768">
     <span class='ocr_line' id='line_1_3' title="bbox 381 680 1484 768; baseline 0.004 -24"><span class='ocrx_word' id='word_1_16' title='bbox 381 680 530 764; x_wconf 89' lang='lat' dir='ltr'>attingit,</span> <span class='ocrx_word' id='word_1_17' title='bbox 544 681 610 748; x_wconf 89' lang='lat' dir='ltr'>alia</span> <span class='ocrx_word' id='word_1_18' title='bbox 626 693 704 747; x_wconf 88' lang='lat' dir='ltr'>sunt</span> <span class='ocrx_word' id='word_1_19' title='bbox 720 682 840 762; x_wconf 83' lang='lat' dir='ltr'>officia,</span> <span class='ocrx_word' id='word_1_20' title='bbox 859 704 946 768; x_wconf 90' lang='lat' dir='ltr'>quae</span> <span class='ocrx_word' id='word_1_21' title='bbox 969 685 1139 751; x_wconf 86' lang='lat' dir='ltr'>observari</span> <span class='ocrx_word' id='word_1_22' title='bbox 1155 697 1308 753; x_wconf 87' lang='lat' dir='ltr'>accurate</span> <span class='ocrx_word' id='word_1_23' title='bbox 1323 684 1484 768; x_wconf 86' lang='lat' dir='ltr'>religiose·</span> 
     </span>
    </p>

    <p class='ocr_par' dir='ltr' id='par_1_4' title="bbox 204 778 1487 1288">
     <span class='ocr_line' id='line_1_4' title="bbox 232 778 1485 883; baseline 0.002 -36"><span class='ocrx_word' id='word_1_24' title='bbox 232 779 284 824; x_wconf 70' lang='lat'>1¹⁸⁰</span> <span class='ocrx_word' id='word_1_25' title='bbox 293 778 358 883; x_wconf 50' lang='lat'><em>⁹35⁵·</em></span> <span class='ocrx_word' id='word_1_26' title='bbox 382 803 448 867; x_wconf 92' lang='lat' dir='ltr'>que</span> <span class='ocrx_word' id='word_1_27' title='bbox 484 785 513 848; x_wconf 85' lang='lat' dir='ltr'>si</span> <span class='ocrx_word' id='word_1_28' title='bbox 542 784 661 850; x_wconf 87' lang='lat' dir='ltr'>salutis</span> <span class='ocrx_word' id='word_1_29' title='bbox 690 806 823 870; x_wconf 84' lang='lat' dir='ltr'>semper</span> <span class='ocrx_word' id='word_1_30' title='bbox 855 787 1016 866; x_wconf 79' lang='lat' dir='ltr'>interfuit,</span> <span class='ocrx_word' id='word_1_31' title='bbox 1045 789 1109 854; x_wconf 87' lang='lat' dir='ltr'>hac</span> <span class='ocrx_word' id='word_1_32' title='bbox 1139 798 1341 872; x_wconf 81' lang='lat' dir='ltr'>tempestate</span> <span class='ocrx_word' id='word_1_33' title='bbox 1379 795 1485 852; x_wconf 88' lang='lat' dir='ltr'>nostra</span> 
     </span>
     <span class='ocr_line' id='line_1_5' title="bbox 204 843 1486 976; baseline 0.009 -33"><span class='ocrx_word' id='word_1_34' title='bbox 204 843 358 967; x_wconf 49' lang='grc' dir='ltr'>ἷεῖἀᾟῑιὲ</span> <span class='ocrx_word' id='word_1_35' title='bbox 382 888 520 952; x_wconf 87' lang='lat' dir='ltr'>interest</span> <span class='ocrx_word' id='word_1_36' title='bbox 537 889 696 956; x_wconf 84' lang='lat' dir='ltr'>maxime.</span> <span class='ocrx_word' id='word_1_37' title='bbox 711 927 755 940; x_wconf 90' lang='lat'>—-</span> <span class='ocrx_word' id='word_1_38' title='bbox 771 890 939 957; x_wconf 86' lang='lat' dir='ltr'>Nimirum</span> <span class='ocrx_word' id='word_1_39' title='bbox 957 893 990 956; x_wconf 92' lang='lat' dir='ltr'>in</span> <span class='ocrx_word' id='word_1_40' title='bbox 1017 892 1091 971; x_wconf 90' lang='lat' dir='ltr'>hac,</span> <span class='ocrx_word' id='word_1_41' title='bbox 1105 913 1206 976; x_wconf 82' lang='lat' dir='ltr'>quam</span> <span class='ocrx_word' id='word_1_42' title='bbox 1223 893 1384 970; x_wconf 80' lang='lat' dir='ltr'>diximus,</span> <span class='ocrx_word' id='word_1_43' title='bbox 1398 899 1486 956; x_wconf 84' lang='lat' dir='ltr'>tanta</span> 
     </span>
     <span class='ocr_line' id='line_1_6' title="bbox 205 970 1485 1080; baseline 0.003 -27"><span class='ocrx_word' id='word_1_44' title='bbox 205 970 358 1077; x_wconf 47' lang='lat' dir='ltr'>{amm</span> <span class='ocrx_word' id='word_1_45' title='bbox 382 1011 422 1055; x_wconf 91' lang='lat' dir='ltr'>ac</span> <span class='ocrx_word' id='word_1_46' title='bbox 436 1001 509 1056; x_wconf 83' lang='lat' dir='ltr'>tam</span> <span class='ocrx_word' id='word_1_47' title='bbox 524 991 592 1074; x_wconf 81' lang='lat' dir='ltr'>late</span> <span class='ocrx_word' id='word_1_48' title='bbox 614 993 687 1058; x_wconf 86' lang='lat' dir='ltr'>lusa</span> <span class='ocrx_word' id='word_1_49' title='bbox 713 993 912 1077; x_wconf 85' lang='lat' dir='ltr'>opinionum</span> <span class='ocrx_word' id='word_1_50' title='bbox 938 996 1079 1074; x_wconf 89' lang='lat' dir='ltr'>insania,</span> <span class='ocrx_word' id='word_1_51' title='bbox 1098 995 1250 1078; x_wconf 90' lang='lat' dir='ltr'>prolecto</span> <span class='ocrx_word' id='word_1_52' title='bbox 1270 993 1485 1080; x_wconf 79' lang='lat' dir='ltr'>patrocinium</span> 
     </span>
     <span class='ocr_line' id='line_1_7' title="bbox 208 1075 1487 1180; baseline 0.002 -20"><span class='ocrx_word' id='word_1_53' title='bbox 208 1075 318 1124; x_wconf 57' lang='lat' dir='ltr'>dm·</span> <span class='ocrx_word' id='word_1_54' title='bbox 382 1095 552 1180; x_wconf 77' lang='lat' dir='ltr'>suscipere</span> <span class='ocrx_word' id='word_1_55' title='bbox 566 1097 725 1177; x_wconf 86' lang='lat' dir='ltr'>veritatis,</span> <span class='ocrx_word' id='word_1_56' title='bbox 742 1117 936 1180; x_wconf 87' lang='lat' dir='ltr'>erroresque</span> <span class='ocrx_word' id='word_1_57' title='bbox 951 1119 997 1163; x_wconf 88' lang='lat' dir='ltr'>ex</span> <span class='ocrx_word' id='word_1_58' title='bbox 1012 1099 1134 1164; x_wconf 89' lang='lat' dir='ltr'>animis</span> <span class='ocrx_word' id='word_1_59' title='bbox 1157 1098 1307 1176; x_wconf 86' lang='lat' dir='ltr'>evellere,</span> <span class='ocrx_word' id='word_1_60' title='bbox 1324 1099 1487 1164; x_wconf 84' lang='lat' dir='ltr'>Ecclesiae</span> 
     </span>
     <span class='ocr_line' id='line_1_8' title="bbox 383 1201 1487 1288; baseline 0.002 -24"><span class='ocrx_word' id='word_1_61' title='bbox 383 1217 506 1264; x_wconf 86' lang='lat' dir='ltr'>munus</span> <span class='ocrx_word' id='word_1_62' title='bbox 518 1208 579 1278; x_wconf 89' lang='lat' dir='ltr'>est,</span> <span class='ocrx_word' id='word_1_63' title='bbox 594 1201 695 1284; x_wconf 87' lang='lat' dir='ltr'>idque</span> <span class='ocrx_word' id='word_1_64' title='bbox 711 1202 804 1266; x_wconf 93' lang='lat' dir='ltr'>omni</span> <span class='ocrx_word' id='word_1_65' title='bbox 821 1212 974 1286; x_wconf 87' lang='lat' dir='ltr'>tempore</span> <span class='ocrx_word' id='word_1_66' title='bbox 988 1212 1173 1288; x_wconf 81' lang='lat' dir='ltr'>sancteque</span> <span class='ocrx_word' id='word_1_67' title='bbox 1188 1203 1402 1280; x_wconf 81' lang='lat' dir='ltr'>servandum,</span> <span class='ocrx_word' id='word_1_68' title='bbox 1417 1204 1487 1287; x_wconf 84' lang='lat' dir='ltr'>quia</span> 
     </span>
    </p>

    <p class='ocr_par' dir='ltr' id='par_1_5' title="bbox 381 1301 1487 1383">
     <span class='ocr_line' id='line_1_9' title="bbox 381 1301 1487 1383; baseline 0.001 -16"><span class='ocrx_word' id='word_1_69' title='bbox 381 1301 491 1368; x_wconf 93' lang='lat' dir='ltr'>honor</span> <span class='ocrx_word' id='word_1_70' title='bbox 507 1304 582 1381; x_wconf 92' lang='lat' dir='ltr'>Dei,</span> <span class='ocrx_word' id='word_1_71' title='bbox 597 1323 637 1369; x_wconf 88' lang='lat' dir='ltr'>ac</span> <span class='ocrx_word' id='word_1_72' title='bbox 653 1305 743 1371; x_wconf 87' lang='lat' dir='ltr'>salus</span> <span class='ocrx_word' id='word_1_73' title='bbox 767 1306 943 1372; x_wconf 91' lang='lat' dir='ltr'>hominum</span> <span class='ocrx_word' id='word_1_74' title='bbox 960 1307 993 1373; x_wconf 92' lang='lat' dir='ltr'>in</span> <span class='ocrx_word' id='word_1_75' title='bbox 1018 1307 1089 1372; x_wconf 86' lang='lat' dir='ltr'>eius</span> <span class='ocrx_word' id='word_1_76' title='bbox 1105 1318 1184 1374; x_wconf 88' lang='lat' dir='ltr'>suut</span> <span class='ocrx_word' id='word_1_77' title='bbox 1199 1307 1315 1374; x_wconf 85' lang='lat' dir='ltr'>tutela</span> <span class='ocrx_word' id='word_1_78' title='bbox 1339 1306 1390 1370; x_wconf 87' lang='lat' dir='ltr'>At</span> <span class='ocrx_word' id='word_1_79' title='bbox 1407 1303 1487 1383; x_wconf 87' lang='lat' dir='ltr'>vero,</span> 
     </span>
    </p>

    <p class='ocr_par' dir='ltr' id='par_1_6' title="bbox 322 1409 1489 2536">
     <span class='ocr_line' id='line_1_10' title="bbox 322 1409 1486 1493; baseline 0.001 -20"><span class='ocrx_word' id='word_1_80' title='bbox 322 1480 325 1490; x_wconf 54' lang='grc'>,</span> <span class='ocrx_word' id='word_1_81' title='bbox 382 1425 460 1473; x_wconf 88' lang='lat' dir='ltr'>eum</span> <span class='ocrx_word' id='word_1_82' title='bbox 476 1409 656 1472; x_wconf 85' lang='lat' dir='ltr'>necessitas</span> <span class='ocrx_word' id='word_1_83' title='bbox 672 1410 773 1493; x_wconf 85' lang='lat' dir='ltr'>cogit,</span> <span class='ocrx_word' id='word_1_84' title='bbox 788 1411 1054 1478; x_wconf 88' lang='lat' dir='ltr'>incolumitatem</span> <span class='ocrx_word' id='word_1_85' title='bbox 1067 1410 1144 1476; x_wconf 86' lang='lat' dir='ltr'>fidei</span> <span class='ocrx_word' id='word_1_86' title='bbox 1160 1411 1245 1476; x_wconf 88' lang='lat' dir='ltr'>tueri</span> <span class='ocrx_word' id='word_1_87' title='bbox 1262 1432 1329 1476; x_wconf 93' lang='lat' dir='ltr'>non</span> <span class='ocrx_word' id='word_1_88' title='bbox 1347 1410 1486 1474; x_wconf 89' lang='lat' dir='ltr'>lisoium</span> 
     </span>
     <span class='ocr_line' id='line_1_11' title="bbox 381 1509 1489 1598; baseline 0 -24"><span class='ocrx_word' id='word_1_89' title='bbox 381 1509 508 1576; x_wconf 84' lang='lat' dir='ltr'>debent</span> <span class='ocrx_word' id='word_1_90' title='bbox 522 1511 581 1596; x_wconf 93' lang='lat' dir='ltr'>qui</span> <span class='ocrx_word' id='word_1_91' title='bbox 609 1523 777 1594; x_wconf 86' lang='lat' dir='ltr'>praesunt,</span> <span class='ocrx_word' id='word_1_92' title='bbox 792 1514 851 1578; x_wconf 86' lang='lat' dir='ltr'>sed</span> <span class='ocrx_word' id='word_1_93' title='bbox 873 1514 1010 1597; x_wconf 80' lang='lat' dir='ltr'>quilibet</span> <span class='ocrx_word' id='word_1_94' title='bbox 1031 1513 1270 1598; x_wconf 68' lang='lat' dir='ltr'>unetrcrfidem</span> <span class='ocrx_word' id='word_1_95' title='bbox 1296 1535 1395 1578; x_wconf 81' lang='lat' dir='ltr'>suam</span> <span class='ocrx_word' id='word_1_96' title='bbox 1418 1511 1489 1577; x_wconf 78' lang='lat' dir='ltr'>aliis</span> 
     </span>
     <span class='ocr_line' id='line_1_12' title="bbox 377 1615 1488 1710; baseline 0.009 -34"><span class='ocrx_word' id='word_1_97' title='bbox 377 1615 560 1698; x_wconf 78' lang='lat' dir='ltr'>propalare,</span> <span class='ocrx_word' id='word_1_98' title='bbox 576 1615 631 1681; x_wconf 83' lang='lat' dir='ltr'>vel</span> <span class='ocrx_word' id='word_1_99' title='bbox 641 1615 691 1680; x_wconf 83' lang='lat' dir='ltr'>ud</span> <span class='ocrx_word' id='word_1_100' title='bbox 711 1615 956 1684; x_wconf 76' lang='lat' dir='ltr'>instructionem</span> <span class='ocrx_word' id='word_1_101' title='bbox 971 1621 1116 1690; x_wconf 81' lang='lat' dir='ltr'>aliomm</span> <span class='ocrx_word' id='word_1_102' title='bbox 1121 1626 1277 1710; x_wconf 84' lang='lat' dir='ltr'>fidelium</span> <span class='ocrx_word' id='word_1_103' title='bbox 1298 1627 1372 1690; x_wconf 72' lang='lat' dir='ltr'>siue</span> <span class='ocrx_word' id='word_1_104' title='bbox 1384 1625 1488 1709; x_wconf 78' lang='lat' dir='ltr'>confir·</span> 
     </span>
     <span class='ocr_line' id='line_1_13' title="bbox 383 1717 1487 1811; baseline 0.005 -29"><span class='ocrx_word' id='word_1_105' title='bbox 383 1717 570 1793; x_wconf 58' lang='lat' dir='ltr'>munem,</span> <span class='ocrx_word' id='word_1_106' title='bbox 585 1719 639 1782; x_wconf 81' lang='lat' dir='ltr'>vel</span> <span class='ocrx_word' id='word_1_107' title='bbox 651 1719 699 1783; x_wconf 85' lang='lat' dir='ltr'>ad</span> <span class='ocrx_word' id='word_1_108' title='bbox 714 1719 955 1802; x_wconf 79' lang='lat' dir='ltr'>reprimendum</span> <span class='ocrx_word' id='word_1_109' title='bbox 977 1726 1161 1811; x_wconf 80' lang='lat' dir='ltr'>infidelium</span> <span class='ocrx_word' id='word_1_110' title='bbox 1182 1727 1455 1809; x_wconf 82' lang='lat' dir='ltr'>insultationem(</span> <span class='ocrx_word' id='word_1_111' title='bbox 1469 1731 1487 1807; x_wconf 85' lang='lat'>).</span> 
     </span>
     <span class='ocr_line' id='line_1_14' title="bbox 384 1821 1487 1914; baseline 0.005 -26"><span class='ocrx_word' id='word_1_112' title='bbox 384 1821 513 1888; x_wconf 88' lang='lat' dir='ltr'>Cedere</span> <span class='ocrx_word' id='word_1_113' title='bbox 543 1822 642 1900; x_wconf 87' lang='lat' dir='ltr'>hosti,</span> <span class='ocrx_word' id='word_1_114' title='bbox 668 1823 720 1888; x_wconf 83' lang='lat' dir='ltr'>vel</span> <span class='ocrx_word' id='word_1_115' title='bbox 750 1845 868 1890; x_wconf 86' lang='lat' dir='ltr'>vocem</span> <span class='ocrx_word' id='word_1_116' title='bbox 899 1847 1060 1910; x_wconf 86' lang='lat' dir='ltr'>premere,</span> <span class='ocrx_word' id='word_1_117' title='bbox 1093 1851 1169 1898; x_wconf 89' lang='lat' dir='ltr'>curn</span> <span class='ocrx_word' id='word_1_118' title='bbox 1202 1842 1316 1898; x_wconf 87' lang='lat' dir='ltr'>tantus</span> <span class='ocrx_word' id='word_1_119' title='bbox 1349 1831 1487 1914; x_wconf 89' lang='lat' dir='ltr'>undique</span> 
     </span>
     <span class='ocr_line' id='line_1_15' title="bbox 383 1925 1487 2015; baseline 0.007 -25"><span class='ocrx_word' id='word_1_120' title='bbox 383 1925 629 2010; x_wconf 89' lang='lat' dir='ltr'>opprimendae</span> <span class='ocrx_word' id='word_1_121' title='bbox 643 1928 775 1993; x_wconf 89' lang='lat' dir='ltr'>veritati</span> <span class='ocrx_word' id='word_1_122' title='bbox 792 1929 920 1996; x_wconf 88' lang='lat' dir='ltr'>tollitur</span> <span class='ocrx_word' id='word_1_123' title='bbox 931 1932 1067 2015; x_wconf 88' lang='lat' dir='ltr'>clamor,</span> <span class='ocrx_word' id='word_1_124' title='bbox 1077 1946 1137 2001; x_wconf 89' lang='lat' dir='ltr'>aut</span> <span class='ocrx_word' id='word_1_125' title='bbox 1145 1937 1261 2002; x_wconf 89' lang='lat' dir='ltr'>inertis</span> <span class='ocrx_word' id='word_1_126' title='bbox 1272 1935 1421 2001; x_wconf 90' lang='lat' dir='ltr'>hominis</span> <span class='ocrx_word' id='word_1_127' title='bbox 1435 1944 1487 2010; x_wconf 85' lang='lat' dir='ltr'>est,</span> 
     </span>
     <span class='ocr_line' id='line_1_16' title="bbox 382 2029 1488 2115; baseline 0.005 -22"><span class='ocrx_word' id='word_1_128' title='bbox 382 2038 442 2096; x_wconf 90' lang='lat' dir='ltr'>aut</span> <span class='ocrx_word' id='word_1_129' title='bbox 467 2030 510 2092; x_wconf 94' lang='lat' dir='ltr'>de</span> <span class='ocrx_word' id='word_1_130' title='bbox 540 2030 589 2108; x_wconf 94' lang='lat' dir='ltr'>iis,</span> <span class='ocrx_word' id='word_1_131' title='bbox 614 2051 702 2113; x_wconf 89' lang='lat' dir='ltr'>quae</span> <span class='ocrx_word' id='word_1_132' title='bbox 732 2029 916 2115; x_wconf 86' lang='lat' dir='ltr'>profitetur,</span> <span class='ocrx_word' id='word_1_133' title='bbox 948 2045 1058 2102; x_wconf 90' lang='lat' dir='ltr'>utrum</span> <span class='ocrx_word' id='word_1_134' title='bbox 1090 2058 1168 2104; x_wconf 88' lang='lat' dir='ltr'>vera</span> <span class='ocrx_word' id='word_1_135' title='bbox 1198 2037 1274 2115; x_wconf 88' lang='lat' dir='ltr'>sint,</span> <span class='ocrx_word' id='word_1_136' title='bbox 1300 2035 1488 2104; x_wconf 88' lang='lat' dir='ltr'>dubitantis.</span> 
     </span>
     <span class='ocr_line' id='line_1_17' title="bbox 385 2133 1486 2227; baseline 0.005 -28"><span class='ocrx_word' id='word_1_137' title='bbox 385 2133 578 2220; x_wconf 89' lang='lat' dir='ltr'>Utrumque</span> <span class='ocrx_word' id='word_1_138' title='bbox 607 2146 714 2220; x_wconf 87' lang='lat' dir='ltr'>turpe,</span> <span class='ocrx_word' id='word_1_139' title='bbox 740 2147 842 2222; x_wconf 87' lang='lat' dir='ltr'>atque</span> <span class='ocrx_word' id='word_1_140' title='bbox 867 2137 1063 2207; x_wconf 88' lang='lat' dir='ltr'>iniuriosum</span> <span class='ocrx_word' id='word_1_141' title='bbox 1091 2143 1187 2208; x_wconf 91' lang='lat' dir='ltr'>Deo:</span> <span class='ocrx_word' id='word_1_142' title='bbox 1213 2151 1395 2227; x_wconf 88' lang='lat' dir='ltr'>utrumque</span> <span class='ocrx_word' id='word_1_143' title='bbox 1420 2160 1486 2206; x_wconf 91' lang='lat' dir='ltr'>cum</span> 
     </span>
     <span class='ocr_line' id='line_1_18' title="bbox 383 2236 1488 2330; baseline 0.002 -28"><span class='ocrx_word' id='word_1_144' title='bbox 383 2236 592 2322; x_wconf 89' lang='lat' dir='ltr'>singulorum</span> <span class='ocrx_word' id='word_1_145' title='bbox 624 2249 695 2305; x_wconf 91' lang='lat' dir='ltr'>tum</span> <span class='ocrx_word' id='word_1_146' title='bbox 727 2243 898 2308; x_wconf 91' lang='lat' dir='ltr'>communi</span> <span class='ocrx_word' id='word_1_147' title='bbox 930 2243 1028 2310; x_wconf 87' lang='lat' dir='ltr'>saluti</span> <span class='ocrx_word' id='word_1_148' title='bbox 1060 2265 1273 2330; x_wconf 82' lang='lat' dir='ltr'>repugnans:</span> <span class='ocrx_word' id='word_1_149' title='bbox 1308 2245 1391 2310; x_wconf 86' lang='lat' dir='ltr'>solis</span> <span class='ocrx_word' id='word_1_150' title='bbox 1421 2241 1488 2307; x_wconf 88' lang='lat' dir='ltr'>fidei</span> 
     </span>
     <span class='ocr_line' id='line_1_19' title="bbox 384 2341 1486 2432; baseline 0.004 -27"><span class='ocrx_word' id='word_1_151' title='bbox 384 2341 528 2407; x_wconf 89' lang='lat' dir='ltr'>inimicis</span> <span class='ocrx_word' id='word_1_152' title='bbox 550 2343 767 2422; x_wconf 84' lang='lat' dir='ltr'>fructuosum,</span> <span class='ocrx_word' id='word_1_153' title='bbox 788 2345 868 2428; x_wconf 88' lang='lat' dir='ltr'>quia</span> <span class='ocrx_word' id='word_1_154' title='bbox 888 2348 987 2414; x_wconf 88' lang='lat' dir='ltr'>valde</span> <span class='ocrx_word' id='word_1_155' title='bbox 1002 2359 1105 2432; x_wconf 88' lang='lat' dir='ltr'>auget</span> <span class='ocrx_word' id='word_1_156' title='bbox 1131 2349 1299 2414; x_wconf 88' lang='lat' dir='ltr'>remissior</span> <span class='ocrx_word' id='word_1_157' title='bbox 1314 2349 1486 2432; x_wconf 88' lang='lat' dir='ltr'>proborum</span> 
     </span>
     <span class='ocr_line' id='line_1_20' title="bbox 383 2447 1486 2536; baseline 0.001 -26"><span class='ocrx_word' id='word_1_158' title='bbox 383 2465 487 2528; x_wconf 87' lang='lat' dir='ltr'>opera</span> <span class='ocrx_word' id='word_1_159' title='bbox 495 2447 671 2511; x_wconf 87' lang='lat' dir='ltr'>audaciam</span> <span class='ocrx_word' id='word_1_160' title='bbox 682 2448 922 2530; x_wconf 89' lang='lat' dir='ltr'>improborum.</span> <span class='ocrx_word' id='word_1_161' title='bbox 937 2489 981 2501; x_wconf 93' lang='lat'>—-</span> <span class='ocrx_word' id='word_1_162' title='bbox 991 2453 1110 2536; x_wconf 87' lang='lat' dir='ltr'>quue</span> <span class='ocrx_word' id='word_1_163' title='bbox 1119 2453 1227 2536; x_wconf 89' lang='lat' dir='ltr'>magis</span> <span class='ocrx_word' id='word_1_164' title='bbox 1238 2451 1486 2517; x_wconf 85' lang='lat' dir='ltr'>christianorum</span> 
     </span>
    </p>
   </div>
   <div class='ocr_carea' id='block_1_3' title="bbox 208 2503 1486 2640">
    <p class='ocr_par' dir='ltr' id='par_1_7' title="bbox 208 2503 1486 2640">
     <span class='ocr_line' id='line_1_21' title="bbox 208 2503 1486 2640; baseline -0.002 -22"><span class='ocrx_word' id='word_1_165' title='bbox 208 2503 360 2622; x_wconf 54' lang='lat' dir='ltr'>pssffls&#39;ss</span> <span class='ocrx_word' id='word_1_166' title='bbox 384 2555 606 2640; x_wconf 85' lang='lat' dir='ltr'>vituperanda</span> <span class='ocrx_word' id='word_1_167' title='bbox 621 2555 791 2638; x_wconf 83' lang='lat' dir='ltr'>segnities,</span> <span class='ocrx_word' id='word_1_168' title='bbox 804 2556 883 2638; x_wconf 91' lang='lat' dir='ltr'>quia</span> <span class='ocrx_word' id='word_1_169' title='bbox 895 2555 981 2620; x_wconf 85' lang='lat' dir='ltr'>lalsa</span> <span class='ocrx_word' id='word_1_170' title='bbox 992 2555 1131 2620; x_wconf 90' lang='lat' dir='ltr'>crimina</span> <span class='ocrx_word' id='word_1_171' title='bbox 1146 2555 1239 2633; x_wconf 90' lang='lat' dir='ltr'>dilui,</span> <span class='ocrx_word' id='word_1_172' title='bbox 1253 2555 1486 2639; x_wconf 78' lang='lat' dir='ltr'>opinionesque</span> 
     </span>
    </p>
   </div>
   <div class='ocr_carea' id='block_1_4' title="bbox 201 2623 1489 4295">
    <p class='ocr_par' dir='ltr' id='par_1_8' title="bbox 207 2623 1486 2752">
     <span class='ocr_line' id='line_1_22' title="bbox 207 2623 1486 2742; baseline -0.002 -22"><span class='ocrx_word' id='word_1_173' title='bbox 207 2623 360 2728; x_wconf 48' lang='lat' dir='ltr'>2202ssss</span> <span class='ocrx_word' id='word_1_174' title='bbox 385 2676 507 2738; x_wconf 84' lang='lat' dir='ltr'>pravae</span> <span class='ocrx_word' id='word_1_175' title='bbox 519 2657 683 2722; x_wconf 82' lang='lat' dir='ltr'>confutari</span> <span class='ocrx_word' id='word_1_176' title='bbox 699 2656 762 2722; x_wconf 89' lang='lat' dir='ltr'>levi</span> <span class='ocrx_word' id='word_1_177' title='bbox 779 2659 926 2741; x_wconf 86' lang='lat' dir='ltr'>negotio,</span> <span class='ocrx_word' id='word_1_178' title='bbox 938 2669 975 2725; x_wconf 92' lang='lat' dir='ltr'>ut</span> <span class='ocrx_word' id='word_1_179' title='bbox 988 2659 1177 2742; x_wconf 87' lang='lat' dir='ltr'>plurimum,</span> <span class='ocrx_word' id='word_1_180' title='bbox 1193 2668 1355 2742; x_wconf 88' lang='lat' dir='ltr'>possunt:</span> <span class='ocrx_word' id='word_1_181' title='bbox 1374 2657 1486 2723; x_wconf 89' lang='lat' dir='ltr'>maiore</span> 
     </span>
    </p>

    <p class='ocr_par' dir='ltr' id='par_1_9' title="bbox 206 2742 1488 3983">
     <span class='ocr_line' id='line_1_23' title="bbox 206 2742 1484 2845; baseline -0.005 -21"><span class='ocrx_word' id='word_1_182' title='bbox 206 2742 329 2802; x_wconf 67' lang='lat' dir='ltr'>agiona.</span> <span class='ocrx_word' id='word_1_183' title='bbox 385 2759 498 2845; x_wconf 90' lang='lat' dir='ltr'>aliquo</span> <span class='ocrx_word' id='word_1_184' title='bbox 524 2781 601 2826; x_wconf 90' lang='lat' dir='ltr'>cum</span> <span class='ocrx_word' id='word_1_185' title='bbox 626 2761 739 2826; x_wconf 90' lang='lat' dir='ltr'>labore</span> <span class='ocrx_word' id='word_1_186' title='bbox 763 2782 896 2845; x_wconf 89' lang='lat' dir='ltr'>semper</span> <span class='ocrx_word' id='word_1_187' title='bbox 919 2771 1067 2845; x_wconf 83' lang='lat' dir='ltr'>possunt.</span> <span class='ocrx_word' id='word_1_188' title='bbox 1086 2761 1143 2826; x_wconf 88' lang='lat' dir='ltr'>Ad</span> <span class='ocrx_word' id='word_1_189' title='bbox 1169 2771 1373 2836; x_wconf 87' lang='lat' dir='ltr'>extremum,</span> <span class='ocrx_word' id='word_1_190' title='bbox 1400 2773 1484 2823; x_wconf 91' lang='lat' dir='ltr'>nemo</span> 
     </span>
     <span class='ocr_line' id='line_1_24' title="bbox 386 2863 1481 2950; baseline 0.005 -23"><span class='ocrx_word' id='word_1_191' title='bbox 386 2882 471 2927; x_wconf 87' lang='lat' dir='ltr'>unus</span> <span class='ocrx_word' id='word_1_192' title='bbox 487 2863 684 2947; x_wconf 90' lang='lat' dir='ltr'>prohibetur</span> <span class='ocrx_word' id='word_1_193' title='bbox 700 2885 775 2930; x_wconf 84' lang='lat' dir='ltr'>earn</span> <span class='ocrx_word' id='word_1_194' title='bbox 791 2865 951 2930; x_wconf 86' lang='lat' dir='ltr'>adhihere</span> <span class='ocrx_word' id='word_1_195' title='bbox 963 2887 1002 2930; x_wconf 90' lang='lat' dir='ltr'>ac</span> <span class='ocrx_word' id='word_1_196' title='bbox 1018 2866 1240 2950; x_wconf 78' lang='lat' dir='ltr'>praeseferre</span> <span class='ocrx_word' id='word_1_197' title='bbox 1255 2863 1481 2931; x_wconf 78' lang='lat' dir='ltr'>fortitudinem,</span> 
     </span>
     <span class='ocr_line' id='line_1_25' title="bbox 385 2959 1481 3053; baseline -0.004 -23"><span class='ocrx_word' id='word_1_198' title='bbox 385 2987 472 3050; x_wconf 90' lang='lat' dir='ltr'>quae</span> <span class='ocrx_word' id='word_1_199' title='bbox 487 2967 622 3052; x_wconf 90' lang='lat' dir='ltr'>propria</span> <span class='ocrx_word' id='word_1_200' title='bbox 646 2978 697 3032; x_wconf 88' lang='grc' dir='ltr'>εει</span> <span class='ocrx_word' id='word_1_201' title='bbox 722 2969 1001 3035; x_wconf 88' lang='lat' dir='ltr'>christianorum:</span> <span class='ocrx_word' id='word_1_202' title='bbox 1021 2989 1089 3053; x_wconf 90' lang='lat' dir='ltr'>qua</span> <span class='ocrx_word' id='word_1_203' title='bbox 1114 2970 1187 3053; x_wconf 87' lang='lat' dir='ltr'>ipsa</span> <span class='ocrx_word' id='word_1_204' title='bbox 1203 2987 1269 3033; x_wconf 89' lang='lat' dir='ltr'>non</span> <span class='ocrx_word' id='word_1_205' title='bbox 1295 2989 1373 3034; x_wconf 88' lang='lat' dir='ltr'>raro</span> <span class='ocrx_word' id='word_1_206' title='bbox 1396 2959 1481 3032; x_wconf 85' lang='lat' dir='ltr'>animi</span> 
     </span>
     <span class='ocr_line' id='line_1_26' title="bbox 386 3069 1485 3156; baseline -0.005 -23"><span class='ocrx_word' id='word_1_207' title='bbox 386 3069 653 3136; x_wconf 90' lang='lat' dir='ltr'>adversariorum</span> <span class='ocrx_word' id='word_1_208' title='bbox 695 3079 729 3136; x_wconf 91' lang='lat' dir='ltr'>et</span> <span class='ocrx_word' id='word_1_209' title='bbox 767 3073 908 3138; x_wconf 86' lang='lat' dir='ltr'>consilia</span> <span class='ocrx_word' id='word_1_210' title='bbox 941 3072 1149 3156; x_wconf 79' lang='lat' dir='ltr'>franguntur.</span> <span class='ocrx_word' id='word_1_211' title='bbox 1190 3074 1279 3140; x_wconf 88' lang='lat' dir='ltr'>Sunt</span> <span class='ocrx_word' id='word_1_212' title='bbox 1323 3081 1485 3155; x_wconf 89' lang='lat' dir='ltr'>praeterea</span> 
     </span>
     <span class='ocr_line' id='line_1_27' title="bbox 386 3168 1486 3260; baseline 0.001 -23"><span class='ocrx_word' id='word_1_213' title='bbox 386 3173 559 3240; x_wconf 88' lang='lat' dir='ltr'>christiani</span> <span class='ocrx_word' id='word_1_214' title='bbox 581 3175 624 3239; x_wconf 92' lang='lat' dir='ltr'>ad</span> <span class='ocrx_word' id='word_1_215' title='bbox 649 3175 900 3241; x_wconf 86' lang='lat' dir='ltr'>dimicationem</span> <span class='ocrx_word' id='word_1_216' title='bbox 929 3177 1021 3241; x_wconf 89' lang='lat' dir='ltr'>nati:</span> <span class='ocrx_word' id='word_1_217' title='bbox 1047 3178 1142 3241; x_wconf 91' lang='lat' dir='ltr'>cuius</span> <span class='ocrx_word' id='word_1_218' title='bbox 1157 3197 1225 3260; x_wconf 90' lang='lat' dir='ltr'>quo</span> <span class='ocrx_word' id='word_1_219' title='bbox 1242 3175 1349 3240; x_wconf 89' lang='lat' dir='ltr'>maior</span> <span class='ocrx_word' id='word_1_220' title='bbox 1373 3183 1422 3240; x_wconf 91' lang='lat' dir='ltr'>est</span> <span class='ocrx_word' id='word_1_221' title='bbox 1437 3168 1486 3238; x_wconf 70' lang='lat' dir='ltr'>vit.</span> 
     </span>
     <span class='ocr_line' id='line_1_28' title="bbox 385 3269 1488 3366; baseline -0.002 -23"><span class='ocrx_word' id='word_1_222' title='bbox 385 3299 428 3343; x_wconf 91' lang='lat' dir='ltr'>eo</span> <span class='ocrx_word' id='word_1_223' title='bbox 457 3279 588 3356; x_wconf 88' lang='lat' dir='ltr'>certior,</span> <span class='ocrx_word' id='word_1_224' title='bbox 621 3279 698 3343; x_wconf 88' lang='lat' dir='ltr'>Deo</span> <span class='ocrx_word' id='word_1_225' title='bbox 724 3279 922 3364; x_wconf 89' lang='lat' dir='ltr'>opitulante,</span> <span class='ocrx_word' id='word_1_226' title='bbox 948 3281 1097 3346; x_wconf 83' lang='lat' dir='ltr'>victoria.</span> <span class='ocrx_word' id='word_1_227' title='bbox 1130 3279 1311 3366; x_wconf 77' lang='lat' dir='ltr'>confidite:</span> <span class='ocrx_word' id='word_1_228' title='bbox 1340 3301 1397 3364; x_wconf 84' lang='lat' dir='ltr'>ego</span> <span class='ocrx_word' id='word_1_229' title='bbox 1431 3269 1488 3340; x_wconf 77' lang='lat' dir='ltr'>vici</span> 
     </span>
     <span class='ocr_line' id='line_1_29' title="bbox 387 3379 1488 3470; baseline -0.004 -25"><span class='ocrx_word' id='word_1_230' title='bbox 387 3381 547 3446; x_wconf 87' lang='lat' dir='ltr'>mundum</span> <span class='ocrx_word' id='word_1_231' title='bbox 563 3382 614 3466; x_wconf 81' lang='lat'><strong>(²).</strong></span> <span class='ocrx_word' id='word_1_232' title='bbox 631 3383 751 3468; x_wconf 89' lang='lat' dir='ltr'>Neque</span> <span class='ocrx_word' id='word_1_233' title='bbox 777 3385 933 3468; x_wconf 86' lang='lat' dir='ltr'>estquod</span> <span class='ocrx_word' id='word_1_234' title='bbox 949 3395 1100 3468; x_wconf 90' lang='lat' dir='ltr'>opponat</span> <span class='ocrx_word' id='word_1_235' title='bbox 1123 3385 1311 3470; x_wconf 90' lang='lat' dir='ltr'>quisquam,</span> <span class='ocrx_word' id='word_1_236' title='bbox 1328 3379 1488 3450; x_wconf 82' lang='lat' dir='ltr'>Ecclesiae</span> 
     </span>
     <span class='ocr_line' id='line_1_30' title="bbox 385 3487 1486 3570; baseline -0.005 -20"><span class='ocrx_word' id='word_1_237' title='bbox 385 3495 656 3552; x_wconf 85' lang='lat' dir='ltr'>conservatorem</span> <span class='ocrx_word' id='word_1_238' title='bbox 672 3508 711 3551; x_wconf 89' lang='lat' dir='ltr'>ae</span> <span class='ocrx_word' id='word_1_239' title='bbox 739 3487 905 3554; x_wconf 85' lang='lat' dir='ltr'>vindicem</span> <span class='ocrx_word' id='word_1_240' title='bbox 924 3489 1044 3553; x_wconf 80' lang='lat' dir='ltr'>IESUM</span> <span class='ocrx_word' id='word_1_241' title='bbox 1060 3489 1264 3554; x_wconf 66' lang='lat' dir='ltr'>CHRISTUM</span> <span class='ocrx_word' id='word_1_242' title='bbox 1285 3499 1486 3570; x_wconf 86' lang='lat' dir='ltr'>nequaquam</span> 
     </span>
     <span class='ocr_line' id='line_1_31' title="bbox 385 3581 1485 3674; baseline -0.005 -21"><span class='ocrx_word' id='word_1_243' title='bbox 385 3608 489 3672; x_wconf 91' lang='lat' dir='ltr'>opera</span> <span class='ocrx_word' id='word_1_244' title='bbox 518 3589 694 3654; x_wconf 91' lang='lat' dir='ltr'>hominum</span> <span class='ocrx_word' id='word_1_245' title='bbox 728 3589 887 3672; x_wconf 87' lang='lat' dir='ltr'>indigere.</span> <span class='ocrx_word' id='word_1_246' title='bbox 912 3593 991 3656; x_wconf 89' lang='lat' dir='ltr'>Non</span> <span class='ocrx_word' id='word_1_247' title='bbox 1021 3593 1111 3658; x_wconf 92' lang='lat' dir='ltr'>enim</span> <span class='ocrx_word' id='word_1_248' title='bbox 1137 3592 1252 3674; x_wconf 85' lang='lat' dir='ltr'>inopia</span> <span class='ocrx_word' id='word_1_249' title='bbox 1278 3591 1407 3666; x_wconf 89' lang='lat' dir='ltr'>virium,</span> <span class='ocrx_word' id='word_1_250' title='bbox 1435 3581 1485 3649; x_wconf 85' lang='lat' dir='ltr'>sed</span> 
     </span>
     <span class='ocr_line' id='line_1_32' title="bbox 390 3693 1487 3780; baseline -0.009 -22"><span class='ocrx_word' id='word_1_251' title='bbox 390 3694 625 3777; x_wconf 80' lang='lat' dir='ltr'>magnitudine</span> <span class='ocrx_word' id='word_1_252' title='bbox 640 3695 801 3760; x_wconf 85' lang='lat' dir='ltr'>bonitatis</span> <span class='ocrx_word' id='word_1_253' title='bbox 818 3695 889 3760; x_wconf 89' lang='lat' dir='ltr'>vult</span> <span class='ocrx_word' id='word_1_254' title='bbox 902 3695 957 3760; x_wconf 87' lang='lat' dir='ltr'>ille</span> <span class='ocrx_word' id='word_1_255' title='bbox 974 3705 1010 3760; x_wconf 89' lang='lat' dir='ltr'>ut</span> <span class='ocrx_word' id='word_1_256' title='bbox 1025 3697 1150 3780; x_wconf 89' lang='lat' dir='ltr'>aliquid</span> <span class='ocrx_word' id='word_1_257' title='bbox 1161 3717 1182 3760; x_wconf 92' lang='lat' dir='ltr'>a</span> <span class='ocrx_word' id='word_1_258' title='bbox 1197 3695 1294 3760; x_wconf 91' lang='lat' dir='ltr'>nobis</span> <span class='ocrx_word' id='word_1_259' title='bbox 1309 3693 1487 3759; x_wconf 81' lang='lat' dir='ltr'>conletatur</span> 
     </span>
     <span class='ocr_line' id='line_1_33' title="bbox 387 3795 1485 3883; baseline -0.005 -23"><span class='ocrx_word' id='word_1_260' title='bbox 387 3816 511 3880; x_wconf 87' lang='lat' dir='ltr'>operae</span> <span class='ocrx_word' id='word_1_261' title='bbox 526 3799 569 3862; x_wconf 87' lang='lat' dir='ltr'>ad</span> <span class='ocrx_word' id='word_1_262' title='bbox 585 3797 713 3875; x_wconf 86' lang='lat' dir='ltr'>salutis,</span> <span class='ocrx_word' id='word_1_263' title='bbox 729 3818 830 3882; x_wconf 90' lang='lat' dir='ltr'>quam</span> <span class='ocrx_word' id='word_1_264' title='bbox 847 3800 919 3882; x_wconf 92' lang='lat' dir='ltr'>ipse</span> <span class='ocrx_word' id='word_1_265' title='bbox 934 3797 1074 3883; x_wconf 85' lang='lat' dir='ltr'>peperit,</span> <span class='ocrx_word' id='word_1_266' title='bbox 1092 3797 1296 3864; x_wconf 87' lang='lat' dir='ltr'>obtinendos</span> <span class='ocrx_word' id='word_1_267' title='bbox 1311 3795 1485 3879; x_wconf 85' lang='lat' dir='ltr'>adipiscen-</span> 
     </span>
     <span class='ocr_line' id='line_1_34' title="bbox 384 3900 666 3983; baseline 0.014 -19"><span class='ocrx_word' id='word_1_268' title='bbox 384 3900 514 3983; x_wconf 89' lang='lat' dir='ltr'>dosque</span> <span class='ocrx_word' id='word_1_269' title='bbox 529 3900 666 3968; x_wconf 80' lang='lat' dir='ltr'>fructus.</span> 
     </span>
    </p>

    <p class='ocr_par' dir='ltr' id='par_1_10' title="bbox 201 3998 1488 4124">
     <span class='ocr_line' id='line_1_35' title="bbox 201 3998 1488 4124; baseline -0.01 -56"><span class='ocrx_word' id='word_1_270' title='bbox 201 4005 358 4124; x_wconf 50' lang='lat' dir='ltr'>Imm</span> <span class='ocrx_word' id='word_1_271' title='bbox 433 4004 584 4069; x_wconf 91' lang='lat' dir='ltr'>Huiusce</span> <span class='ocrx_word' id='word_1_272' title='bbox 600 4016 712 4088; x_wconf 85' lang='lat' dir='ltr'>partes</span> <span class='ocrx_word' id='word_1_273' title='bbox 723 4005 822 4072; x_wconf 86' lang='lat' dir='ltr'>officii</span> <span class='ocrx_word' id='word_1_274' title='bbox 839 4007 968 4089; x_wconf 89' lang='lat' dir='ltr'>primae</span> <span class='ocrx_word' id='word_1_275' title='bbox 990 4014 1078 4082; x_wconf 90' lang='lat' dir='ltr'>sunt,</span> <span class='ocrx_word' id='word_1_276' title='bbox 1098 4001 1299 4069; x_wconf 87' lang='lat' dir='ltr'>catholicam</span> <span class='ocrx_word' id='word_1_277' title='bbox 1315 3998 1488 4066; x_wconf 89' lang='lat' dir='ltr'>doctrinam</span> 
     </span>
    </p>

    <p class='ocr_par' dir='ltr' id='par_1_11' title="bbox 203 4105 1489 4295">
     <span class='ocr_line' id='line_1_36' title="bbox 203 4105 1489 4192; baseline -0.004 -22"><span class='ocrx_word' id='word_1_278' title='bbox 203 4128 341 4184; x_wconf 71' lang='lat' dir='ltr'>propagent.</span> <span class='ocrx_word' id='word_1_279' title='bbox 391 4108 540 4192; x_wconf 86' lang='lat' dir='ltr'>profiteri</span> <span class='ocrx_word' id='word_1_280' title='bbox 551 4119 667 4191; x_wconf 86' lang='lat' dir='ltr'>aperte</span> <span class='ocrx_word' id='word_1_281' title='bbox 678 4119 712 4175; x_wconf 92' lang='lat' dir='ltr'>et</span> <span class='ocrx_word' id='word_1_282' title='bbox 724 4118 927 4182; x_wconf 85' lang='lat' dir='ltr'>constanter.</span> <span class='ocrx_word' id='word_1_283' title='bbox 937 4129 1087 4191; x_wconf 90' lang='lat' dir='ltr'>eamque,</span> <span class='ocrx_word' id='word_1_284' title='bbox 1098 4107 1210 4191; x_wconf 90' lang='lat' dir='ltr'>quoad</span> <span class='ocrx_word' id='word_1_285' title='bbox 1223 4105 1364 4189; x_wconf 84' lang='lat' dir='ltr'>quisque</span> <span class='ocrx_word' id='word_1_286' title='bbox 1380 4105 1489 4185; x_wconf 69' lang='lat' dir='ltr'>potest»</span> 
     </span>
     <span class='ocr_line' id='line_1_37' title="bbox 387 4205 1486 4295; baseline -0.012 -20"><span class='ocrx_word' id='word_1_287' title='bbox 387 4230 583 4294; x_wconf 85' lang='lat' dir='ltr'>propagare.</span> <span class='ocrx_word' id='word_1_288' title='bbox 611 4211 711 4288; x_wconf 85' lang='lat' dir='ltr'>Nam,</span> <span class='ocrx_word' id='word_1_289' title='bbox 737 4211 828 4295; x_wconf 90' lang='lat' dir='ltr'>quod</span> <span class='ocrx_word' id='word_1_290' title='bbox 856 4213 990 4295; x_wconf 88' lang='lat' dir='ltr'>saepius</span> <span class='ocrx_word' id='word_1_291' title='bbox 1018 4221 1068 4276; x_wconf 86' lang='grc' dir='ltr'>εει</span> <span class='ocrx_word' id='word_1_292' title='bbox 1099 4209 1335 4293; x_wconf 89' lang='lat' dir='ltr'>verissimeque</span> <span class='ocrx_word' id='word_1_293' title='bbox 1362 4205 1486 4272; x_wconf 87' lang='lat' dir='ltr'>dietum,</span> 
     </span>
    </p>
   </div>
   <div class='ocr_carea' id='block_1_5' title="bbox 256 4312 1481 4397">
    <p class='ocr_par' dir='ltr' id='par_1_12' title="bbox 256 4312 1481 4397">
     <span class='ocr_line' id='line_1_38' title="bbox 256 4312 1481 4397; baseline -0.009 -18"><span class='ocrx_word' id='word_1_294' title='bbox 256 4347 260 4356; x_wconf 95' lang='lat'>·</span> <span class='ocrx_word' id='word_1_295' title='bbox 383 4314 586 4378; x_wconf 87' lang='lat' dir='ltr'>christianae</span> <span class='ocrx_word' id='word_1_296' title='bbox 612 4313 749 4395; x_wconf 94' lang='lat' dir='ltr'>quidem</span> <span class='ocrx_word' id='word_1_297' title='bbox 774 4315 960 4397; x_wconf 89' lang='lat' dir='ltr'>sapientiae</span> <span class='ocrx_word' id='word_1_298' title='bbox 985 4313 1067 4377; x_wconf 90' lang='lat' dir='ltr'>nihil</span> <span class='ocrx_word' id='word_1_299' title='bbox 1083 4324 1152 4377; x_wconf 87' lang='lat' dir='ltr'>tam</span> <span class='ocrx_word' id='word_1_300' title='bbox 1178 4312 1284 4384; x_wconf 86' lang='lat' dir='ltr'>obest,</span> <span class='ocrx_word' id='word_1_301' title='bbox 1306 4327 1403 4393; x_wconf 89' lang='lat' dir='ltr'>quam</span> <span class='ocrx_word' id='word_1_302' title='bbox 1425 4318 1481 4368; x_wconf 85' lang='lat' dir='ltr'>non</span> 
     </span>
    </p>
   </div>
   <div class='ocr_carea' id='block_1_6' title="bbox 418 4449 1250 4509">
    <p class='ocr_par' dir='ltr' id='par_1_13' title="bbox 418 4449 1250 4509">
     <span class='ocr_line' id='line_1_39' title="bbox 418 4449 1250 4509; baseline 0.002 -15"><span class='ocrx_word' id='word_1_303' title='bbox 418 4462 441 4494; x_wconf 86' lang='lat' dir='ltr'>r.</span> <span class='ocrx_word' id='word_1_304' title='bbox 452 4450 477 4496; x_wconf 90' lang='lat' dir='ltr'>S.</span> <span class='ocrx_word' id='word_1_305' title='bbox 490 4450 591 4502; x_wconf 74' lang='lat' dir='ltr'>Thena,</span> <span class='ocrx_word' id='word_1_306' title='bbox 605 4451 767 4506; x_wconf 80' lang='lat' dir='ltr'>ll-llQuaesr.</span> <span class='ocrx_word' id='word_1_307' title='bbox 782 4462 822 4502; x_wconf 80' lang='grc' dir='ltr'><strong>ιιι,</strong></span> <span class='ocrx_word' id='word_1_308' title='bbox 834 4459 878 4498; x_wconf 85' lang='lat' dir='ltr'>urt.</span> <span class='ocrx_word' id='word_1_309' title='bbox 894 4462 922 4504; x_wconf 82' lang='grc' dir='ltr'>ιι,</span> <span class='ocrx_word' id='word_1_310' title='bbox 932 4452 965 4498; x_wconf 87' lang='lat' dir='ltr'>ad</span> <span class='ocrx_word' id='word_1_311' title='bbox 976 4465 997 4498; x_wconf 80' lang='lat' dir='ltr'>a.</span> <span class='ocrx_word' id='word_1_312' title='bbox 1010 4476 1040 4485; x_wconf 95' lang='lat'>-</span> <span class='ocrx_word' id='word_1_313' title='bbox 1050 4465 1071 4497; x_wconf 87' lang='lat'>2.</span> <span class='ocrx_word' id='word_1_314' title='bbox 1087 4449 1132 4502; x_wconf 88' lang='lat'>10..</span> <span class='ocrx_word' id='word_1_315' title='bbox 1147 4461 1200 4502; x_wconf 76' lang='lat' dir='ltr'>xvi,</span> <span class='ocrx_word' id='word_1_316' title='bbox 1214 4464 1250 4509; x_wconf 81' lang='lat'>33.</span> 
     </span>
    </p>
   </div>
   <div class='ocr_carea' id='block_1_7' title="bbox 0 0 1632 4876">
    <p class='ocr_par' dir='ltr' id='par_1_14' title="bbox 0 0 1632 4876">
     <span class='ocr_line' id='line_1_40' title="bbox 0 0 1632 4876; baseline 0 0"><span class='ocrx_word' id='word_1_317' title='bbox 0 0 1632 4876; x_wconf 95' lang='lat' dir='ltr'> </span> 
     </span>
    </p>
   </div>
  </div>
 </body>
</html>
