3310 4868
424 361 494 436 108
725 379 937 436 excrearet
957 367 978 396 ⁴⁸
998 379 1180 434 procures
1200 413 1222 446 ,.

246 558 397 668 ξ’)ξΜξοξζξ·
419 570 578 653 quodque
604 566 687 634 alias
711 567 921 650 Nosmetipsi
943 585 1003 632 nec
1030 567 1133 632 semel
1150 569 1351 644 monuimus,
1373 565 1505 651 quamvis

248 679 399 752 referoque
420 673 627 756 principatus
646 670 752 736 civilis
768 691 836 737 non
857 672 987 750 eodem,
1002 690 1072 756 quo
1087 691 1189 752 sacer,
1209 675 1366 757 proxime
1388 679 1506 755 spectet

247 739 400 870 lllflrrlril}
421 799 482 846 nec
494 779 613 843 iisdem
625 787 681 842 eat
693 777 876 855 itineribus,
886 778 919 842 in
930 788 1098 862 potestate
1109 787 1224 844 tamen
1236 779 1383 861 gerenda
1393 776 1507 842 obviam
1605 854 1606 877 Χ

248 864 339 920 ‘’pm''
421 903 494 949 esse
508 883 676 948 interdum
692 880 787 946 alteri
803 881 887 947 alter
911 883 1100 948 necessario
1114 883 1225 950 debet.
1236 883 1300 948 Est
1310 883 1398 949 enim
1410 883 1508 946 utrius-

422 989 537 1073 quein
560 988 696 1052 eosdem
725 987 910 1070 imperium,
925 1006 987 1052 nec
1011 1007 1086 1052 raro
1102 987 1149 1066 fit,
1168 998 1206 1053 ut
1234 989 1353 1054 iisdem
1368 989 1411 1052 de
1431 987 1510 1052 rebus

423 1101 571 1175 uterque,
580 1093 642 1157 etsi
655 1111 722 1156 non
734 1091 852 1156 eadem
863 1092 1002 1170 ratione,
1013 1093 1182 1158 decernat.
1195 1091 1240 1158 td
1252 1093 1512 1176 'quotiescumque

250 1217 402 1278 crinorum
424 1195 608 1273 usuveniat,
623 1215 699 1260 cum
715 1194 896 1279 confligere
925 1197 1108 1262 absurdum
1125 1199 1178 1275 sit,
1201 1197 1512 1280 sapientissimaeque

254 1278 401 1384 “ffl„·,s,{,f,‘„'''
424 1300 588 1366 voluntati
602 1299 667 1364 Dei
677 1309 792 1382 aperte
808 1309 982 1384 repugnet,
991 1302 1172 1383 quemdam
1189 1321 1261 1366 esse
1278 1301 1415 1367 modum
1430 1309 1513 1381 atque

250 1396 403 1504 {lima
422 1403 575 1469 ordinem
593 1422 728 1467 necesse
743 1411 804 1480 est,
819 1423 864 1467 ex
879 1424 957 1487 quo,
971 1404 1098 1469 caussis
1113 1405 1369 1470 contentionum
1380 1401 1514 1470 certatio

252 1519 290 1564 sia
301 1528 376 1576 urere·
425 1527 572 1591 numque
588 1507 736 1586 sublatis,
752 1508 838 1572 ratio
853 1529 992 1574 concors
1008 1509 1041 1574 in
1058 1509 1198 1592 agendis
1222 1509 1320 1574 rebus
1336 1511 1463 1574 existat
1478 1505 1513 1572 Et

425 1611 618 1675 huiusmodi
641 1612 857 1676 concordiam
882 1631 949 1676 non
978 1611 1093 1696 inepte
1124 1611 1269 1676 similem
1307 1609 1514 1677 coniunctioni

426 1715 553 1793 dixere,
567 1733 655 1798 quae
670 1715 820 1779 animum
837 1717 924 1780 inter
935 1725 970 1781 et
984 1735 1106 1798 corpus
1128 1715 1315 1793 intercedit,
1329 1716 1429 1800 idque
1442 1733 1514 1778 com·

428 1818 531 1883 modo
546 1819 718 1901 utriusque
743 1819 867 1900 partis:
892 1837 1034 1902 quarum
1060 1807 1235 1882 distractio
1260 1818 1455 1884 nominatim
1478 1827 1516 1880 est

428 1922 616 2005 perniciosa
631 1923 771 2006 corpori,
781 1923 906 2006 quippe
921 1923 1015 1988 cuius
1032 1922 1137 1987 vitam
1153 1923 1331 2006 extinguit

254 2025 408 2070 ¹⁰Modernae

266 2079 397 2121 libertates.

474 2146 560 2230 Quae
584 2168 651 2231 quo
675 2147 792 2212 melius
816 2156 1010 2231 appareant,
1038 2147 1130 2211 varia
1154 2147 1318 2214 libertatis
1333 2149 1519 2214 incrementa

300 2255 340 2342 ..l
429 2273 516 2336 quae
532 2262 665 2317 nostrae
680 2253 832 2335 quaesita
847 2251 951 2316 aetati
967 2250 1125 2328 feruntur,
1141 2254 1321 2336 separatim
1337 2248 1520 2318 considerari

258 2331 398 2437 {ifssfff
429 2367 572 2442 oportet.
588 2357 699 2421 —Ac
716 2357 825 2439 primo
848 2355 929 2421 illud
956 2358 989 2420 in
1015 2357 1154 2439 singulis
1181 2358 1332 2440 personis
1357 2359 1521 2424 videamus,

276 2451 394 2580 'Imp
430 2465 520 2546 quod
537 2471 588 2526 est
603 2471 780 2543 tantopere
795 2461 909 2525 virtuti
934 2461 1102 2544 religionis
1118 2462 1332 2542 contrarium,
1344 2462 1464 2527 scilicet
1487 2461 1520 2523 dr
1609 2453 1610 2462 ’

256 2575 409 2688 qissvsslli.
429 2567 584 2644 libertate,
600 2567 648 2630 uti
676 2566 867 2649 loquuntur,
881 2565 995 2630 cultus.
1011 2563 1109 2647 Quae
1132 2565 1197 2628 hoc
1220 2575 1271 2630 est
1292 2565 1394 2631 veluti
1420 2564 1522 2630 sunda·

283 2689 386 2758 ogone
431 2680 547 2736 mento
562 2670 754 2746 constituta,
770 2672 938 2754 integrum
962 2669 1083 2750 cuique
1098 2687 1180 2748 esse,
1195 2678 1254 2735 aut
1277 2689 1379 2756 quam
1398 2666 1522 2740 libuerit,
1606 2750 1607 2756 ἵ

257 2753 411 2865 lizi-ilii}
431 2786 490 2841 aut
505 2775 645 2840 omnino
660 2775 787 2838 nullam
804 2773 952 2858 profiteri
978 2773 1183 2856 religionem.
1196 2811 1241 2824 -
1256 2773 1384 2840 Contra
1400 2793 1474 2838 vero
1487 2791 1522 2834 ex

250 2867 398 2984 ·stp‘,'',l{,'2',p‘j
431 2879 588 2943 omnibus
603 2877 778 2942 hominum
801 2877 919 2942 officiis
935 2877 1017 2942 illud
1034 2887 1085 2942 est
1109 2878 1181 2941 sine
1203 2877 1415 2944 dubitatione
1431 2874 1523 2941 maxi·

259 2998 398 3089 vam
433 3003 524 3048 mum
541 3001 580 3046 ac
597 2983 856 3060 sanctissimum,
871 3003 939 3066 quo
961 2981 1016 3066 pie
1043 2982 1265 3066 religioseque
1292 2983 1405 3048 Deum
1431 2982 1524 3047 colere

390 3077 394 3087 '
432 3088 586 3152 homines
601 3087 762 3152 iubemur.
780 3087 888 3170 quue
901 3087 1088 3151 necessario
1099 3107 1143 3150 ex
1160 3107 1201 3152 eo
1213 3087 1435 3171 consequitur,
1447 3079 1524 3170 quod

431 3191 464 3255 in
479 3193 544 3256 Dei
560 3200 729 3274 potestate
744 3201 907 3275 perpetuo
933 3211 1058 3270 sumus,
1075 3192 1138 3256 Dei
1163 3193 1301 3256 numine
1316 3189 1524 3277 providentia·

431 3316 497 3378 que
512 3297 747 3379 gubernamur,
763 3296 806 3359 ab
815 3315 922 3378 eoque
934 3294 1083 3379 proiecti,
1094 3298 1137 3361 ad
1151 3317 1228 3362 eum
1240 3299 1359 3363 reverti
1370 3298 1525 3363 debemus.

430 3439 474 3450 -
486 3401 563 3465 Huc
578 3401 717 3478 accedit,
732 3401 891 3464 virtutem
907 3401 975 3465 veri
992 3401 1139 3465 nominis
1161 3401 1288 3466 nullam
1301 3422 1376 3466 esse
1387 3403 1455 3466 sine
1463 3397 1526 3463 reli·

430 3505 531 3587 gione
545 3524 645 3587 posse
659 3528 666 3568 :
682 3505 786 3567 virtus
798 3503 887 3568 enim
906 3504 1041 3568 moralis
1058 3517 1118 3584 est,
1128 3506 1222 3570 cuius
1241 3504 1352 3570 osticia
1368 3512 1528 3570 versantur

431 3609 464 3671 in
482 3607 531 3686 iis,
545 3627 632 3690 quae
649 3608 776 3671 ducunt
793 3609 836 3672 ad
851 3609 973 3685 Deum,
984 3619 1152 3692 quatenus
1168 3609 1296 3673 homini
1309 3619 1361 3674 est
1372 3621 1526 3674 summum

430 3723 534 3796 atque
557 3711 715 3775 ultimum
743 3713 907 3776 bonorum
922 3733 930 3792 ;
947 3713 1091 3798 ideoque
1107 3714 1224 3798 religio
1240 3735 1327 3799 quae
1338 3726 1528 3800 operatorem

429 3837 511 3898 quae
525 3815 645 3879 directe
658 3825 691 3879 et
705 3815 893 3880 immediate
908 3817 1110 3882 ordinantur
1122 3819 1156 3882 in
1167 3819 1319 3884 honorem
1328 3815 1528 3898 divinumO),

430 3929 627 3985 cunctarum
651 3921 805 4002 princeps
828 3930 879 3984 est
911 3923 1187 4008 moderatrixque
1226 3925 1396 3990 virtutum.
1422 3925 1469 3988 Ac
1503 3916 1528 3981 sl

430 4034 617 4108 quaeratur,
629 4044 706 4088 cum
717 4025 828 4106 plures
839 4035 872 4090 et
885 4026 971 4092 inter
983 4047 1018 4090 se
1031 4028 1232 4093 dissidentes
1252 4040 1451 4112 usurpentur
1465 4023 1526 4092 rell·
1609 4095 1610 4110 ,

431 4130 669 4212 giones,quam
681 4129 775 4213 sequi
788 4149 888 4194 unam
905 4151 950 4195 ex
961 4133 1118 4196 omnibus
1140 4153 1275 4199 necesse
1291 4135 1343 4214 sit,
1362 4153 1435 4199 earo
1451 4137 1527 4197 certe
1608 4127 1610 4232 J

433 4233 517 4296 ratio
533 4243 566 4296 et
583 4241 702 4296 natura
718 4236 932 4315 respondent,
948 4254 1049 4319 quant
1061 4237 1155 4301 Deus
1165 4238 1304 4316 iusserit,
1315 4258 1415 4322 quam
1431 4238 1525 4318 ipsam

465 4437 485 4470 1.
499 4425 523 4470 S.
537 4425 582 4470 Th.
598 4435 711 4485 11·11,qu.
726 4437 819 4482 xxxxi,
832 4443 853 4475 a.
866 4432 888 4476 o
