3310 4868
183 1066 193 1085 ·”
239 1087 299 1097 ·
313 1090 323 1095 ··
347 1068 355 1143 f
367 1057 608 1126 UGUSTUM
620 1061 935 1146 sanctissimumque
946 1082 1149 1147 munus,quo
1160 1067 1289 1128 romani
1359 1092 1474 1174 &Bm

190 1170 195 1177 '
344 1150 354 1253 ζ
391 1163 570 1228 Pontifices
593 1162 788 1248 iunguntur,
813 1167 962 1230 maxime
987 1168 1157 1249 postulare
1183 1169 1290 1233 abiis
1318 1133 1430 1232 ocreas.

345 1292 353 1327 z
389 1265 575 1345 videbatur,
597 1278 642 1347 ut,
654 1280 782 1352 quanto
798 1269 893 1353 plura
909 1281 1056 1353 possent,
1073 1283 1292 1336 monumenta
1428 1345 1433 1354 ,

184 1396 189 1404 ·
229 1386 246 1403 ”
268 1388 283 1403 ¹*
305 1387 322 1405 ·‘
350 1386 361 1419 2·
389 1370 574 1434 litterarum
590 1371 795 1454 colligerent,
805 1373 838 1436 in
849 1374 971 1456 quibus
981 1384 1093 1438 essent
1103 1376 1183 1438 varii
1201 1376 1292 1458 inge·
1321 1345 1474 1451 „ffl's‘ss

179 1473 312 1536 niorum
339 1473 431 1537 velut
457 1474 615 1557 descripti
641 1496 756 1540 cursus
783 1487 817 1541 et
841 1498 862 1540 a
888 1477 1010 1560 quibus
1038 1480 1292 1560 praeteritorum
1320 1463 1423 1523 milia
1436 1463 1475 1508 d*

1340 1536 1456 1569 celsorum

178 1585 372 1661 temporum
399 1578 565 1662 sapientia
592 1600 631 1645 ac
647 1580 841 1664 multiplicis
857 1581 1054 1646 eruditionis
1081 1583 1294 1662 documenta,
1319 1595 1475 1702 {mg

179 1687 357 1762 tamquam
370 1702 388 1745 e
400 1681 656 1764 perennifonte,
667 1684 737 1765 peti
750 1696 897 1766 possent
914 1685 1034 1766 Itaque
1044 1696 1295 1769 peropportune
1323 1715 1364 1770 gas
1398 1714 1477 1769 amaa

180 1783 541 1869 providentissimeque
557 1788 749 1850 decessores
776 1787 893 1852 Nostri
905 1787 1150 1853 Bibliothecam
1168 1791 1202 1854 in
1214 1791 1295 1873 ipsis
1323 1760 1477 1866 {vaahfi‘ii

180 1885 322 1950 aedibus
346 1886 607 1971 pontificalibus,
631 1909 692 1953 suo
717 1899 750 1954 et
773 1890 994 1973 Apostolicae
1021 1891 1120 1958 Sedis
1141 1905 1295 1976 paratam
1322 1879 1470 1984 cssffssssfj?

180 1991 258 2055 usui
281 1993 460 2074 exquisitis
484 1994 635 2058 omnium
652 1994 905 2076 disciplinarum
920 1995 1150 2062 voluminibus
1172 2019 1297 2083 magno

181 2094 297 2158 studio
321 2105 355 2159 et
380 2094 509 2177 ingenti
524 2109 662 2180 sumptu
684 2098 956 2181 locupletandam
984 2113 1192 2167 curaverunt.
1221 2104 1297 2167 Pari

180 2197 332 2276 consilio,
348 2199 505 2264 nlmirum
522 2211 560 2264 ut
575 2221 620 2264 ex
636 2212 731 2266 tanta
748 2202 908 2267 librorum
930 2203 1137 2287 supellectile
1153 2208 1297 2270 maiores

181 2303 331 2385 usquein
346 2302 518 2369 Ecclesiae
528 2309 709 2394 commoda
720 2307 844 2372 fructus
854 2317 1060 2391 caperentur.
1074 2309 1147 2374 Nos
1159 2310 1296 2393 quidem

179 2406 234 2471 vel
251 2407 295 2471 ab
307 2408 388 2490 ipsis
406 2407 626 2474 Pontificatus
643 2411 792 2475 exordiis
807 2412 1030 2494 cogitationes
1046 2433 1210 2497 curasque
1226 2415 1297 2479 No-

180 2521 270 2577 stras
305 2513 338 2578 in
371 2513 617 2579 Bibliothecam
649 2514 851 2579 Vaticanam
891 2515 1104 2581 contulimus.
1143 2517 1299 2600 Cumque

181 2617 294 2682 Nobis
309 2638 452 2701 gnarum
481 2626 578 2695 esset,
594 2619 676 2682 scite
691 2619 906 2702 graviterque
933 2618 1029 2702 plura
1053 2629 1182 2685 statuta
1198 2621 1301 2686 fuisse

182 2722 227 2786 ad
254 2720 342 2784 illius
369 2719 511 2784 tutelam
531 2730 757 2805 ornatumque
783 2742 803 2786 a
828 2722 1142 2805 praedecessoribus
1166 2723 1301 2789 Nostris

183 2824 332 2909 inclytae
347 2823 588 2889 recordationis
616 2825 717 2890 Xisto
734 2825 779 2904 V,
804 2825 980 2892 Clemente
1007 2825 1091 2905 XII,
1115 2826 1301 2895 Benedicto

182 2928 286 3007 XIV,
313 2927 489 2994 Clemente
504 2929 597 2994 XIII
625 2938 660 2994 et
677 2930 737 2993 Pio
754 2929 816 3009 IX,
842 2948 958 2995 eorum
983 2930 1125 3013 ingressi
1149 2934 1302 3017 vestigia,

184 3032 336 3097 cavimus
351 3041 389 3096 ut
404 3052 445 3096 ea
460 3041 691 3097 servarentur:
707 3041 741 3097 et
756 3053 815 3117 per
832 3032 1119 3098 constitutionem
1138 3034 1300 3100 Nostram

184 3145 280 3201 motu
290 3136 427 3220 proprio
437 3137 563 3201 editam
575 3151 600 3199 v
611 3137 692 3201 Idus
706 3135 916 3218 Septembris
927 3157 1018 3202 anno
1028 3151 1302 3204 MDCchxxvuI

185 3261 322 3306 normas
338 3240 622 3324 praescripsimus,
634 3241 757 3324 quibus
772 3241 947 3306 custodiae
957 3241 1139 3324 decorique
1149 3243 1220 3306 eius
1231 3242 1300 3324 ple·

185 3345 262 3408 nius
288 3353 503 3428 prospectum
531 3342 604 3422 fuit,
630 3355 730 3408 aucto
761 3344 946 3409 officIorum
974 3365 1124 3424 numer0,
1154 3347 1301 3428 dataque

184 3449 346 3514 scientiae
371 3449 503 3531 cupidis
518 3448 615 3529 copia
638 3450 849 3512 commodius
876 3467 951 3512 eam
968 3449 1115 3514 adeundi
1131 3449 1300 3514 celebran-

186 3555 297 3636 dique.
324 3551 550 3617 Nihilosecius
572 3553 697 3614 resedit
718 3553 884 3616 inanimo
909 3552 1037 3616 Nostro
1052 3554 1176 3637 cupido
1193 3555 1301 3618 maius

186 3657 313 3741 aliquid
330 3655 534 3740 praestandi,
554 3655 645 3738 quod
667 3654 786 3720 honori
814 3666 902 3720 esset
930 3656 1110 3736 Ecclesiae,
1131 3678 1301 3742 sanaeque

185 3761 360 3826 doctrinae
375 3763 513 3826 utilitati
529 3771 563 3826 et
578 3763 793 3827 incremento.
811 3764 946 3829 Scilicet
967 3764 1040 3828 Nos
1056 3764 1146 3828 haud
1163 3765 1300 3843 latebat,
1350 3811 1477 3859 Adram-

185 3865 263 3930 serri
290 3866 415 3949 passim
435 3878 552 3931 nostra
576 3876 687 3931 aetate
713 3866 866 3931 homines
893 3869 1006 3932 studio
1029 3868 1239 3932 inflammato
1255 3870 1298 3934 ad
1346 3877 1453 3941 meatum

185 3969 364 4034 historicas
388 3970 648 4054 disquisitiones,
673 3992 712 4035 ac
735 3971 1012 4053 pervestigandas
1035 3973 1171 4036 intimas
1188 3993 1297 4037 rerum
1331 3932 1470 4036 sibim

186 4085 360 4159 gestarum
377 4095 521 4153 caussas,
548 4095 656 4158 eoque
678 4077 791 4140 studIo
818 4076 913 4141 abuti
939 4075 1109 4158 religionis
1125 4076 1239 4141 hostes
1262 4088 1299 4141 ut
1324 4051 1479 4156 ,ww

185 4177 366 4242 offundant
382 4177 500 4241 lumini
521 4177 680 4243 historiae
696 4179 861 4259 tenebras,
887 4199 1005 4244 eamve
1021 4180 1198 4244 mendacio
1219 4201 1298 4246 con·
1320 4169 1405 4273 {1¹25ss
1419 4185 1478 4288 ,ἐξ

186 4282 364 4358 taminent,
384 4290 422 4344 ut
443 4280 618 4346 fallacibus
636 4282 758 4346 sabulis
783 4284 943 4348 adiiciant
968 4281 1080 4362 fidem,
1106 4287 1243 4350 demum
1261 4297 1298 4352 ut
1324 4288 1477 4392 maffi-

186 4383 373 4448 calumnias
389 4384 578 4449 insontibus
594 4385 747 4465 inserant,
770 4389 925 4470 virosque
944 4407 1079 4452 omnem
1097 4390 1298 4473 promeritos
1325 4411 1477 4469 tantuma-

246 4521 324 4568 Ac'ra
341 4521 442 4568 erorus
458 4522 529 4570 xlll.
1102 4527 1147 4574 111.
1161 4553 1191 4563 -
1201 4544 1236 4578 10.
