3336 4870
384 399 436 452 DE
460 399 587 451 CULTU
615 396 664 449 SS.
693 398 830 450 CORDlS
856 399 1051 450 AUGENDO.
1199 397 1268 472 257

159 573 233 654 giis.
249 573 346 638 Idem
363 573 486 638 festum
503 571 585 637 seria
601 582 700 637 sexta
713 581 789 654 post
801 583 956 637 octavam
972 573 1130 655 Corporis
1146 573 1271 639 Christi
1357 591 1389 637 za

159 683 324 756 tanquam
341 674 470 737 insede
487 673 622 761 propria
638 673 804 737 recolatur
819 683 853 738 et
869 672 1153 737 sollemnitatibus
1174 676 1270 739 dum·
1322 650 1419 760 Jffl

159 782 260 836 taxat
290 773 374 837 ritus
403 772 548 856 duplicis
578 773 708 856 primae
737 771 853 836 classis
884 774 1058 836 universae
1090 773 1272 850 Ecclesiae,

160 891 285 955 nempe
300 871 498 936 Nativitatis
516 871 549 937 S.
563 871 701 935 Ioannis
712 872 886 954 Baptistae
902 893 941 934 ac
956 871 1017 938 SS.
1028 871 1271 955 Apostolorum

163 971 253 1034 Petri
268 980 304 1035 et
319 971 424 1048 Pauli,
440 991 501 1035 nec
526 991 594 1035 non
620 971 713 1035 festis
729 972 986 1054 particularibus
1013 973 1163 1037 eiusdem
1181 973 1273 1050 ritus,

163 1091 225 1137 ceu
255 1072 477 1137 dedicationis
509 1081 543 1136 et
573 1071 717 1136 titularis
752 1070 934 1146 Ecclesiae,
965 1070 1096 1154 locique
1128 1073 1273 1149 Patroni,

165 1172 303 1253 quando
328 1171 412 1235 haec
443 1172 506 1235 sub
532 1170 659 1253 duplici
685 1180 865 1252 praecepto
891 1168 983 1249 fiant,
1009 1173 1107 1236 cedat
1138 1173 1272 1251 locum;
1335 1187 1449 1257 Quadam

166 1270 288 1354 quibus
303 1271 436 1336 casibus
459 1271 514 1334 die
524 1260 726 1335 'immediate
742 1271 865 1335 festum
882 1271 1109 1354 subsequenti,
1132 1275 1223 1336 velut
1240 1275 1272 1337 in
1290 1247 1354 1366 fem·
1365 1247 1451 1366 ⁰22²}ss

164 1369 246 1434 sede
273 1371 407 1454 propria
431 1380 621 1453 reponatur.
639 1370 678 1434 In
704 1373 935 1435 concurrentia
956 1391 1035 1435 vero
1062 1392 1138 1436 cum
1155 1384 1274 1437 octava
1298 1380 1451 1486 ἑζᾞξιζ

167 1469 243 1532 sesti
260 1469 322 1536 SS.
345 1471 504 1552 Corporis
529 1469 653 1536 Christi
670 1490 829 1552 vesperae
851 1471 1109 1552 integrae-fiant
1123 1474 1272 1538 eiusdem
1299 1490 1383 1530 untur.

165 1579 307 1633 octavae
332 1571 404 1634 sine
429 1570 496 1633 ulla
512 1571 844 1648 commemoratione,
860 1570 976 1634 habita
997 1573 1127 1636 ratione
1152 1575 1275 1638 indolis

166 1669 341 1752 utriusque
356 1669 443 1735 festi.
467 1669 589 1752 Quoad
606 1670 873 1733 concurrentiam
898 1691 977 1733 vero
992 1691 1068 1734 cum
1086 1673 1275 1756 duplicibus

166 1769 296 1850 primae
311 1767 426 1832 classis
442 1770 564 1834 ambae
579 1789 738 1852 vesperae
754 1771 950 1835 ordinentur
967 1773 1065 1835 iuxta
1078 1774 1225 1839 rubricas
1242 1785 1275 1838 et

163 1869 301 1932 decreta
332 1887 502 1932 sacromm
538 1869 662 1932 rituum
695 1869 985 1950 Congregationis.
1025 1872 1201 1936 Praeterea
1232 1875 1275 1938 ad

161 1968 422 2033 christianorum
440 1969 601 2052 pietatem
619 1970 652 2031 in
670 1968 930 2033 Sacrosanctum
958 1969 1024 2034 Cor
1041 1971 1127 2036 IESU
1147 1974 1276 2055 impen-

162 2068 234 2131 sius
251 2067 441 2143 fovendam,
458 2069 529 2149 pari
543 2069 743 2131 auctoritate
761 2067 886 2130 Nostra
909 2067 1119 2149 Apostolica,
1134 2085 1169 2134 ut
1185 2073 1217 2136 in
1236 2073 1276 2136 iis

164 2169 336 2264 Ecclesiis,
348 2170 400 2238 vel
417 2170 572 2232 oratoriis
587 2167 645 2230 ubi
661 2169 716 2231 die
732 2167 819 2230 festo
836 2168 904 2230 sive
921 2171 1066 2250 proprio,
1082 2171 1152 2233 sive
1169 2184 1280 2249 trans·¹
1333 2183 1382 2227 Uli
1412 2184 1453 2228 roc

164 2269 237 2334 lato
253 2272 358 2352 ipsius
371 2270 465 2335 Sacri
482 2268 602 2333 Cordis
620 2267 706 2331 IESU
724 2287 836 2330 coram
855 2267 916 2331 SS.
934 2269 1145 2332 Eucharistia
1162 2271 1276 2336 divina
1293 2241 1453 2358 mimmii]

161 2367 280 2432 officia*
301 2369 542 2454 persolventur,
567 2365 685 2430 Clerus
715 2376 750 2430 et
774 2367 928 2449 populus,
953 2369 1011 2449 qui
1038 2369 1129 2432 hisce
1159 2369 1276 2434 officiis
1300 2360 1451 2464 'fgafgsffff

162 2471 327 2548 intererit,
341 2471 477 2533 easdem
504 2469 650 2530 lucretur
674 2465 911 2549 indulgentias,
927 2489 1010 2550 quas
1036 2469 1190 2533 fidelibus
1218 2493 1276 2552 per
1308 2478 1450 2546 cgrearanr,

161 2571 340 2634 octiduum
373 2568 532 2652 Corporis
568 2566 691 2631 Christi
724 2567 845 2630 divinis
879 2565 997 2630 officiis
1035 2568 1276 2632 adsistentibus
1301 2537 1453 2641 illidii-‘lif

162 2671 299 2735 Summi
325 2669 503 2734 Pontifices
530 2665 641 2748 largiti
669 2677 757 2744 sunt,
772 2667 987 2730 concedimus
1003 2678 1104 2751 atque
1128 2671 1275 2752 imperti·
1303 2655 1453 2773 cjssi’ss‘jffiz

161 2789 248 2833 mus.
269 2769 307 2833 In
332 2771 372 2832 iis
397 2789 476 2832 vero
493 2767 654 2830 Ecclesiis
670 2779 703 2828 et
719 2767 873 2829 oratoriis
890 2766 945 2829 ubi
961 2767 1043 2831 seria
1066 2780 1174 2846 sexta,
1191 2792 1275 2852 quae
1311 2775 1442 2820 ornacum.

159 2871 275 2952 prima
291 2888 495 2951 unoquoque
521 2887 636 2930 mense
652 2867 805 2942 occurrit,
824 2867 1007 2948 peculiares
1024 2870 1158 2950 pietatis
1180 2891 1275 2935 exer·
1353 2837 1402 2878 ‘m'

158 2969 341 3034 citationes
372 2970 405 3032 in
436 2969 599 3031 honorem
641 2967 755 3030 Divini
795 2965 923 3041 CordiS,
963 2969 1172 3050 approbante
1211 2973 1275 3036 loci

160 3066 356 3140 Ordinario,
373 3085 471 3126 mane
487 3073 700 3145 peragentur,
715 3063 929 3144 indulgemus
949 3074 987 3126 ut
1003 3066 1195 3130 huiusmodi
1212 3069 1274 3149 piis

157 3164 465 3231 exercitationibus
475 3161 555 3226 addi
571 3162 683 3224 valeat
694 3162 800 3224 Missa
810 3163 923 3225 votiva
938 3163 1030 3228 Sacri
1043 3164 1163 3230 Cordis
1178 3168 1274 3248 IESU,
1337 3193 1420 3238 Vottva

156 3265 351 3332 dummodo
367 3265 400 3327 in
417 3262 511 3326 illum
536 3262 626 3326 diem
653 3283 720 3324 non
738 3264 864 3326 incidat
892 3261 1012 3328 festum
1038 3267 1175 3349 aliquod
1203 3269 1272 3332 Do·
1299 3253 1386 3356 m,
1400 3254 1452 3356 ᾗῇ

157 3367 256 3442 mini,
271 3375 330 3428 aut
346 3362 476 3445 duplex
492 3361 620 3444 primae
636 3361 762 3438 classis,
778 3362 830 3424 vel
847 3361 936 3436 ieria,
953 3365 1075 3444 vigilia,
1091 3377 1211 3430 octava
1228 3389 1272 3430 ex
1328 3371 1425 3416 ceditur

155 3464 392 3551 privilegiatis
408 3464 451 3527 de
467 3465 589 3526 cetero
603 3463 743 3524 servatis
769 3463 916 3536 rubricis.
933 3464 1161 3530 Decernentes
1177 3488 1270 3550 prae·
1294 3431 1450 3547 lllatdolp‘ll

154 3572 275 3628 sentes
287 3562 416 3623 litteras
428 3557 552 3635 firmaS,
567 3556 697 3619 validas
713 3569 747 3620 et
763 3556 913 3620 efficaces
929 3579 1062 3642 semper
1077 3565 1223 3626 existere
1238 3573 1272 3626 et
1298 3561 1342 3651 ’βξ
1371 3549 1449 3664 ζῷἴξζῗ

155 3663 242 3738 sore,
254 3658 385 3740 illisque
400 3658 443 3722 ad
461 3678 545 3739 quos
561 3665 692 3738 spectat
716 3665 749 3719 et
773 3677 834 3738 pro
850 3668 1001 3738 ternpore
1017 3663 1271 3742 quomodolibet
1297 3680 1342 3724 rue
1354 3667 1446 3712 memis-

154 3759 338 3843 spectabit,
361 3758 393 3820 in
421 3757 580 3820 omnibus
604 3765 637 3820 et
663 3775 721 3837 per
742 3757 857 3820 omnia
872 3757 1066 3839 plenissime
1089 3760 1273 3844 suffragari,

155 3857 241 3923 Non
259 3857 472 3923 obstantibus
484 3855 792 3920 Constitutionibus
802 3866 835 3919 et
846 3859 1113 3922 ordinationibus
1123 3861 1271 3943 Aposto-

153 3959 235 4023 licis
250 3959 436 4040 ceterisque
451 3955 627 4019 contrariis
644 3955 920 4039 quibuscumque.
1300 3957 1304 3966 ’

206 4059 337 4122 Datum
355 4057 484 4119 Romae
500 4056 591 4137 apud
617 4054 649 4119 S.
669 4056 803 4118 Petrum
826 4057 889 4120 sub
905 4055 1006 4119 anulo
1024 4058 1200 4124 Piscatoris
1217 4063 1272 4125 die

155 4161 203 4224 28
219 4157 308 4223 Iunii
328 4158 420 4240 1889,
436 4153 655 4220 Pontificatus
673 4155 788 4218 Nostri
804 4175 894 4219 anno
910 4157 1119 4226 duodecimo

549 4309 613 4370 Pro
631 4307 673 4372 D.
691 4307 805 4372 CARI).
821 4307 1182 4378 LEDOCHOWSKI

588 4407 627 4470 T.
644 4406 802 4489 Archiep.
815 4408 1046 4490 Seleuciensis,
1058 4413 1270 4484 Substz'lntus.

223 4549 299 4595 Acta
317 4545 417 4592 Laonrs
433 4543 504 4590 xm.
1142 4525 1270 4611 llis-17
