3140 4866
87 393 137 444 DE
154 391 361 458 socruum
378 389 621 442 CATHOLICAE
638 387 874 455 JUVENTUTIS
893 389 1079 442 manteau.
1102 391 1173 464 259

68 579 104 636 ut
118 571 213 654 pueri
229 591 273 636 ex
285 570 413 654 populo
421 577 511 634 recte
522 568 743 653 religioseque
758 569 985 651 instituantur,
1000 580 1038 637 ut
1053 572 1177 640 collata
1211 567 1346 666 sariam.

66 677 153 758 stipe
167 675 309 758 aliisque
323 675 447 740 amoris
463 671 766 757 significationibus
782 681 950 740 testentur
965 677 1055 742 cives
1070 679 1176 763 pieta·
1241 671 1307 730 ¹³⁹¹·

66 789 134 844 tern
147 799 242 844 suarn
260 779 293 843 in
310 776 547 862 Apostolicam
564 778 697 856 sedem3
711 778 860 861 denique
871 788 909 844 ut
920 779 1070 848 subsidia
1084 803 1175 848 com·
1236 781 1352 851 upplun

1201 840 1334 888 chrisum

66 891 225 966 parentur
238 883 279 948 iis
294 883 352 966 qui
367 881 599 965 ephemerides
615 891 650 946 et
665 881 768 946 libros
787 881 937 966 vulgant,
957 886 1078 968 quibus
1094 908 1177 951 sana
1201 905 1353 1008 marg

65 988 218 1053 doctrina
233 987 424 1052 continetur
439 1010 446 1050 ε
461 986 555 1051 cuius
579 986 626 1049 rei
641 1004 756 1050 curam
772 995 908 1071 tempus
928 988 1037 1072 ipsum
1061 1001 1177 1058 monet
1202 1018 1254 1064 rem
1269 1019 1351 1078 Aposr.

65 1114 145 1173 esse,
160 1093 285 1157 nedum
297 1099 533 1175 opportunam,
543 1091 694 1174 apprime
710 1093 941 1160 necessariam.
954 1095 1082 1180 Ampla
1096 1098 1177 1162 satis
1201 1077 1328 1188 ,ssim

64 1197 146 1262 haec
163 1196 335 1279 provincia
350 1195 452 1260 estin
469 1214 537 1279 qua
551 1215 597 1259 ex
618 1195 750 1279 legibus
773 1198 1032 1264 consociationis
1047 1211 1178 1267 vestrae
1225 1231 1355 1279 roma.

65 1301 114 1366 fas
140 1310 195 1366 est
211 1300 308 1365 vobis
333 1300 500 1364 liberrime
524 1300 677 1384 proprias
694 1300 864 1384 explicare
879 1303 966 1368 vires
981 1305 1061 1389 quin
1078 1307 1177 1373 liceat
1198 1294 1355 1410 {fissda'mff

62 1405 211 1489 cuipiam
228 1423 302 1468 sese
317 1403 459 1487 inceptis
475 1404 596 1469 vestris
611 1405 833 1488 interponere.

107 1507 187 1594 Qua
201 1509 339 1594 quidem
356 1510 389 1572 in
407 1509 578 1592 provincia
595 1511 730 1594 egregie
745 1531 807 1575 vos
830 1510 994 1578 hactenus
1017 1535 1092 1580 esse
1105 1539 1178 1582 ver·
1256 1510 1356 1557 Mi

64 1620 156 1678 satos
172 1612 397 1695 agnoscimus.
413 1611 505 1696 Quin
523 1613 592 1677 imo
608 1623 643 1678 et
657 1612 724 1678 alia
741 1615 933 1682 meminisse
955 1616 1076 1700 placet,
1091 1639 1177 1704 quae
1202 1568 1354 1676 {⁰⁶¹5ssssss

64 1716 172 1804 multa
186 1736 264 1781 cum
280 1714 381 1781 laude
396 1726 431 1781 et
448 1716 594 1782 utilitate
609 1717 733 1783 civium
750 1719 919 1802 praeclare
935 1741 955 1786 a
970 1723 1067 1787 vobis
1081 1733 1177 1807 gesta
1202 1687 1355 1808 mm:

64 1821 209 1887 vidimus
228 1821 261 1884 in
279 1821 341 1887 hac
357 1821 447 1885 alma
464 1820 556 1900 urbe,
570 1842 610 1887 ac
626 1822 770 1887 libenter
783 1823 973 1890 videremus
989 1839 1176 1912 propagata
1202 1819 1266 1858 Μ’

64 1926 189 2007 passim
206 1923 286 1990 alibi
302 1925 518 2006 moribusque
534 1935 679 2009 recepta.
702 1927 909 1993 Huiusmodi
927 1940 1007 1994 sunt
1021 1933 1176 1997 instituta

63 2049 150 2112 quae
165 2031 209 2094 ad
220 2028 372 2094 levamen
384 2049 569 2113 pauperum
583 2029 774 2108 intendunt,
782 2040 822 2095 ut
834 2035 1028 2115 permodico
1038 2044 1175 2120 sumptu

61 2134 158 2198 cibus
185 2133 225 2197 iis
252 2141 411 2216 suppetat
437 2141 471 2196 et
502 2133 694 2215 quiescendi
725 2133 841 2214 locus3
871 2156 1013 2219 quorum
1043 2160 1176 2206 summa

58 2237 295 2322 opportunitas
309 2236 480 2302 neminem
493 2236 597 2301 latere
607 2245 721 2319 potest
734 2237 768 2302 in
784 2248 881 2303 tanta
896 2261 1005 2306 rerum
1022 2247 1175 2312 omnium

58 2341 182 2425 inopia.
198 2377 241 2390 —
258 2338 330 2404 Nec
358 2340 478 2404 minori
494 2340 586 2404 laudi
608 2338 669 2405 suit
685 2341 797 2405 coetui
812 2351 925 2405 vestro
939 2364 1019 2409 cura
1040 2367 1060 2410 a
1076 2349 1172 2412 vobis
1214 2365 1350 2414 armoru-

57 2452 215 2528 suscepta
238 2453 276 2509 ut
290 2443 440 2509 derelicti
462 2443 693 2508 adolescentes
709 2455 744 2509 et
762 2447 962 2511 docerentur
977 2468 1064 2532 quae
1084 2452 1171 2517 circa
1196 2425 1349 2532 ss'ssssfflff

57 2549 159 2614 fidem
184 2556 218 2613 et
234 2568 343 2613 mores
369 2547 503 2612 novisse
530 2556 674 2630 oportet,
699 2569 739 2612 ac
767 2549 863 2632 pueri
885 2551 948 2614 rite
970 2551 1116 2618 instituti
1138 2565 1172 2620 et
1197 2543 1326 2599 ‘mamb

57 2652 244 2735 comparati
274 2652 318 2716 ad
348 2669 477 2714 sacram
507 2651 654 2734 synaxin
695 2653 902 2718 accederent.
939 2651 1029 2738 Quin
1068 2659 1170 2723 etiam

57 2756 283 2834 meminimus,
309 2754 492 2839 aliquando
516 2775 577 2837 pro
607 2756 833 2840 singularibus
860 2777 970 2822 rerum
1004 2761 1171 2828 adiunctis

57 2871 194 2944 paratas
209 2868 289 2944 apte
308 2879 347 2923 ac
362 2868 515 2943 peractas
532 2859 672 2926 feliciter
688 2859 789 2924 fuisse
803 2871 869 2944 ope
891 2871 1003 2927 vestra
1024 2863 1171 2948 (collatis

57 2965 205 3030 consiliis
221 2983 297 3028 cum
307 2964 348 3026 iis
357 2983 441 3048 quos
457 2963 573 3028 audire
588 2962 781 3046 oportebat)
795 2964 868 3047 pias
883 2967 1171 3049 peregrinationes
1196 2954 1346 3073 ⁶1²⁶&ss

57 3070 100 3134 ad
117 3089 229 3135 sacras
245 3068 346 3132 aedes
361 3067 637 3151 religiosissimas,
650 3070 846 3152 praesertim
863 3070 897 3132 in
909 3071 973 3135 hac
986 3071 1067 3136 urbe
1080 3075 1171 3153 sitas,
1191 3073 1345 3190 Qum

56 3193 145 3258 quae
159 3180 313 3238 centrum
329 3181 380 3235 est
395 3171 580 3236 catholicae
595 3173 735 3236 unitatis
762 3182 797 3237 et
819 3172 947 3256 inclyta
964 3176 1060 3238 sedes
1076 3175 1171 3240 here·
1195 3191 1245 3242 tus.

56 3275 137 3338 dum
166 3269 331 3354 Principis
357 3269 610 3353 Apostolorum.
626 3309 670 3320 -
685 3269 790 3336 Cuius
815 3271 862 3335 rei
879 3271 1068 3337 recordatio
1096 3274 1169 3339 Nos

56 3378 158 3441 tacite
174 3383 294 3440 monet
308 3382 346 3439 ut
362 3374 488 3439 meritis
504 3394 664 3440 ornemus
687 3374 845 3440 laudibus
869 3377 982 3440 studia
1004 3386 1039 3440 et
1060 3376 1169 3442 officia
1195 3351 1346 3456 ffiquffl

56 3478 308 3559 perhumaniter
331 3477 455 3542 collata
479 3498 500 3542 a
526 3478 683 3544 Romana
703 3469 878 3544 iuventute
905 3479 944 3542 iis
975 3482 1169 3564 peregrinis,
1190 3470 1260 3574 2³21„
1281 3471 1345 3588 ,222

55 3583 112 3666 qui
128 3583 279 3665 undique
295 3591 457 3646 terrarum
474 3601 642 3647 accessere
658 3583 701 3648 ad
719 3583 792 3648 Nos
817 3582 1088 3666 frequentissimi.
1106 3585 1170 3654 Est
1191 3590 1327 3649 stimantes·

54 3683 170 3766 itaque
199 3691 235 3746 et
265 3681 349 3745 haec
374 3700 462 3746 nova
492 3701 588 3764 seges
619 3702 705 3766 quae
734 3692 830 3764 patet
860 3682 971 3746 adhuc
1003 3683 1169 3749 iuventuti

54 3795 214 3851 actuosae
228 3794 268 3849 ut
279 3783 325 3850 ibi
341 3784 540 3850 industriam
556 3806 653 3851 suam
669 3796 837 3864 exerceat,
855 3785 959 3852 modo
975 3786 1170 3852 huiusmodi

53 3908 157 3971 opera
171 3896 306 3973 praeter
321 3889 600 3954 consuetudinem
619 3899 775 3973 suscepta
791 3890 853 3954 rite
868 3898 903 3955 et
917 3889 1035 3954 ordine
1051 3910 1170 3974 geran-

53 4001 116 4070 tur,
132 4012 244 4076 neque
259 3992 394 4076 incepta
409 3993 550 4058 aliorum
579 3994 779 4078 impediant,
795 3993 851 4076 qui
869 3993 954 4058 forte
977 4013 1064 4077 opus
1080 3993 1170 4059 idem

56 4097 126 4159 iure
151 4115 190 4161 ac
222 4095 423 4178 tempestive
450 4095 574 4161 suerint
604 4097 773 4180 aggressi:
799 4097 892 4179 quod
924 4095 952 4160 si
985 4097 1173 4180 contigerit,
1198 4100 1347 4159 onomata

1294 4161 1347 4205 lau·

55 4216 157 4282 opem
174 4197 357 4262 secundam
386 4198 618 4280 eispraebere
633 4219 693 4264 vos
718 4199 869 4264 addecet.
884 4236 928 4249 -
944 4198 1071 4283 Neque
1093 4220 1173 4266 vero
1231 4225 1348 4266 „ruran-

58 4321 195 4366 necesse
210 4310 262 4365 est
277 4323 338 4367 vos
355 4324 375 4369 a
393 4303 502 4368 Nobis
516 4304 653 4384 moneri,
670 4303 864 4369 facultatem
880 4305 1094 4388 agendique
1111 4325 1172 4369 vos
1196 4279 1336 4388 zm„-

60 4406 108 4472 uti
124 4405 174 4470 ias
190 4413 243 4469 est
258 4407 341 4471 citra
367 4429 425 4472 eos
440 4427 525 4492 quos
540 4407 691 4476 diximus
714 4406 807 4487 fines,
822 4409 962 4491 obsequi
987 4418 1022 4476 et
1037 4410 1173 4476 subesse
1198 4398 1289 4505 ffl‘
1299 4396 1350 4443 mi·
