3194 4872
390 365 441 416 De:
468 365 637 417 SUBLATA
665 365 888 417 SERVITUTE.
1149 362 1194 434 79

109 547 268 632 Gregorius
298 549 349 614 IX
372 551 436 615 rite
462 552 665 634 probavere:
692 569 792 634 quem
821 551 937 614 Petrus
963 549 1127 614 Nolascus
1155 569 1194 614 ea
1256 573 1336 660 Mfm

107 653 198 717 ardua
213 654 285 736 lege
301 655 505 733 condiderat,
521 664 557 720 ut
583 653 728 738 religiosi
748 654 794 717 illi
814 653 967 718 homines
987 673 1023 718 se
1044 655 1106 736 ipsi
1132 672 1194 736 pro
1264 669 1329 716 1888.

107 757 291 822 Christianis
307 760 339 822 in
356 759 534 842 tyrannide
561 759 702 842 captivis
717 758 867 840 captivos
880 759 1090 834 devoverent,
1110 777 1195 840 opus
1264 831 1269 842 ,
1349 830 1354 840 ,

105 859 128 921 si
149 871 228 925 esset
252 863 296 928 ad
331 863 551 927 redimendos.
579 862 675 926 Idem
704 859 887 943 Gregorius
914 861 1020 945 magis
1044 861 1194 944 amplum
1221 831 1371 935 2²²2?ssss

105 959 248 1027 libertatis
263 965 449 1030 subsidium
465 965 621 1038 decrevit,
636 972 672 1028 ut
687 963 858 1028 Ecclesiae
876 983 989 1028 servos
1005 961 1098 1027 ueias
1108 971 1196 1027 esset
1220 948 1373 1054 {235⁶ss

106 1070 289 1145 permutari:
313 1069 402 1134 idem
429 1069 699 1134 exhortationem
726 1069 770 1131 ad
799 1067 1039 1133 christifideles
1055 1067 1195 1140 addidit,
1215 1067 1285 1126 Μ’·

106 1177 139 1232 ut
149 1189 203 1252 pro
221 1172 441 1236 'admissorem
472 1172 590 1255 poenis
625 1191 738 1236 servos
764 1192 844 1237 suos
881 1173 955 1237 Deo
992 1171 1192 1255 Sanctisque

106 1273 212 1354 piaculi
226 1280 344 1339 caussa
358 1275 530 1341 donarent
546 1313 590 1326 -
604 1276 784 1341 Accedunt
800 1275 908 1341 multa
922 1277 954 1340 in
971 1277 1034 1340 hac
1047 1297 1081 1342 re
1093 1278 1191 1341 bene-

105 1376 181 1442 facta
191 1379 368 1444 Ecclesiae
384 1381 462 1462 Ipsa
477 1381 601 1445 etenim
626 1399 738 1444 servos
760 1379 803 1445 ab
828 1381 954 1464 asperis
979 1382 1192 1446 dominorum

104 1481 152 1542 iris
181 1483 417 1566 damnosisque
446 1484 582 1562 iniuriis,
612 1483 764 1547 adhibita
793 1485 972 1548 severitate
1002 1503 1196 1568 poenarum,

103 1583 268 1650 defendere
284 1590 457 1654 consuevit
467 1609 474 1667 ;
485 1607 570 1672 quos
585 1587 735 1652 violenta
748 1606 867 1652 manus
877 1598 1024 1666 vexaret,
1036 1591 1076 1653 iis
1087 1589 1195 1672 periu-

103 1686 151 1767 gia
164 1690 308 1769 pandere
323 1691 423 1755 aedes
449 1710 582 1770 sacras;
610 1691 832 1755 manumissos
853 1692 1003 1774 accipere
1026 1692 1059 1755 in
1087 1689 1197 1770 fidem,

103 1799 193 1872 atque
214 1813 272 1858 eos
298 1794 586 1860 animadversione
601 1794 779 1872 continere,
795 1795 852 1877 qui
868 1795 939 1858 ausi
961 1795 1056 1859 malis
1072 1798 1197 1862 artibus

103 1892 228 1960 liberum
244 1898 417 1962 hominem
434 1899 468 1962 in
491 1899 685 1963 servitutem
710 1899 869 1981 redigere.
885 1899 938 1962 Eo
954 1899 1026 1982 ipsa
1053 1920 1196 1985 propen-

101 1997 159 2061 sius
170 1999 313 2065 libertati
329 2001 412 2067 savit
427 2021 606 2078 servorum,
622 2020 706 2084 quos
718 2021 854 2084 quoquo
870 2003 981 2080 modo,
992 2023 1053 2086 pro
1066 2013 1195 2090 tempo·

100 2100 178 2166 nbus
201 2104 359 2189 locisque,
382 2105 520 2170 haberet
543 2125 647 2183 suos;
673 2105 725 2168 vel
751 2125 855 2188 quum
880 2106 997 2170 statuit
1039 2117 1075 2172 ut
1101 2113 1193 2173 omni

99 2209 252 2272 servitutis
269 2209 405 2274 vinculo
420 2209 464 2274 ab
478 2209 644 2292 episcopis
658 2207 874 2284 solverentur,
890 2210 948 2290 qui
974 2229 1011 2274 se
1034 2209 1194 2278 laudabili

100 2310 177 2374 vitae
191 2313 370 2378 honestate
390 2312 597 2396 aliquamdiu
610 2311 821 2395 probassent,
836 2312 888 2375 vel
906 2315 1197 2397 quumepiscopis

100 2411 185 2478 facile
200 2417 362 2498 permisit,
384 2426 421 2481 ut
436 2417 499 2481 sibi
515 2417 669 2481 addictos
697 2435 852 2498 suprema
876 2416 1050 2480 voluntate
1076 2416 1196 2481 liberos

101 2515 246 2586 dicerent.
273 2521 435 2586 Dandum
459 2521 540 2586 item
567 2519 772 2585 miserationi
799 2529 833 2583 et
867 2519 980 2584 virtuti
1017 2519 1197 2597 Ecclesiae,

99 2621 180 2699 quod
195 2623 300 2685 servis
316 2622 489 2685 remIssum
510 2620 636 2703 aliquid
661 2620 705 2684 sit
726 2621 770 2683 de
784 2619 950 2702 gravitate
974 2619 1057 2702 legis
1081 2619 1197 2698 civilis,

98 2725 199 2804 quoad
216 2735 268 2788 est
284 2725 511 2807 impetratum,
522 2732 560 2788 ut
574 2723 748 2806 proposita
764 2721 917 2805 Gregorii
935 2723 1053 2806 Magni
1070 2733 1195 2806 tempe-

99 2839 250 2908 ramenta,
265 2828 300 2893 in
328 2831 490 2913 scriptum
518 2830 569 2893 ius
594 2828 768 2906 civitatum
795 2837 937 2910 recepta,
963 2829 1131 2892 valerent:
1161 2830 1195 2892 id

100 2941 202 2998 autem
222 2935 361 3012 sactum,
377 2933 499 3000 Carolo
515 2933 643 3016 Magno
670 2932 865 3014 praesertim
889 2941 1018 3014 agente,
1034 2933 1090 3014 qui
1107 2933 1194 2996 eain
1263 2929 1374 2988 ΨΜ

103 3031 303 3116 Capitularia
318 3056 386 3116 sua,
402 3036 688 3120 quemadmodum
705 3046 823 3117 postea
839 3035 1019 3100 Gratianus
1034 3036 1067 3099 in
1080 3034 1195 3098 Decre-
1223 2989 1339 3092 ‘malla
1352 2993 1374 3034 a

99 3147 169 3216 tum,
184 3141 329 3205 induxit
346 3140 567 3205 Monumenta
584 3141 737 3222 denique,
753 3139 852 3222 leges,
863 3141 1025 3216 instituta,
1037 3139 1196 3202 continuo
1221 3106 1372 3212 smil&

99 3253 239 3308 aetatum
264 3245 392 3334 ordine,
416 3245 537 3309 docent
570 3254 603 3308 et
627 3243 799 3308 declarant
827 3242 1003 3326 magnifice
1030 3262 1194 3307 summam
1229 3279 1235 3292 ·

101 3345 263 3413 Ecclesiae
274 3349 448 3413 caritatem
461 3349 496 3412 in
512 3367 633 3426 servos,
642 3367 784 3430 quorum
796 3348 1023 3410 conditionem
1036 3345 1195 3411 afflictam

100 3448 185 3513 nullo
206 3460 360 3534 tempore
389 3471 529 3516 vacuam
555 3451 661 3516 tutela
687 3450 829 3533 reliquit,
859 3451 952 3514 omni
977 3471 1108 3533 semper
1133 3470 1197 3534 ope
1355 3523 1359 3532 Ι

100 3552 310 3620 allevavit.-
328 3556 447 3638 ltaque
459 3554 631 3620 Ecclesiae
640 3553 834 3631 catholicae,
850 3553 1056 3637 amplissimo
1074 3553 1197 3620 Christi
1223 3523 1290 3629 ,ssf
1290 3522 1376 3628 “1522ss

101 3655 331 3742 Redemptoris
347 3657 518 3735 beneficio,
534 3658 711 3741 expultrici
733 3659 909 3736 servitutis,
925 3679 1088 3742 veraeque
1112 3660 1197 3722 inter
1223 3641 1376 3758 lllafflar'

101 3759 248 3827 homines
261 3763 434 3841 libertatis,
456 3763 680 3839 fraternitatis,
697 3763 908 3845 aequalitatis
932 3761 1098 3840 effectrici,
1117 3761 1198 3825 satis
1225 3761 1289 3806 ΨΜ·
1320 3770 1324 3779 ‘

101 3884 287 3950 numquam,
303 3867 445 3952 proinde
459 3887 498 3932 ac
510 3867 553 3932 de
578 3867 800 3949 prosperitate
823 3869 974 3949 gentium
997 3867 1115 3932 merita
1140 3875 1202 3944 est,

101 3967 209 4034 haberi
226 3981 337 4055 potest
353 3972 405 4036 vel
419 3972 526 4035 laudis
543 3971 593 4036 vel
611 3973 748 4054 gratiae.

140 4073 280 4140 Saeculo
294 4077 477 4140 inclinante
493 4075 612 4158 quinto
635 4075 776 4152 decimo,
800 4095 868 4157 quo
893 4084 1053 4157 tempore,
1070 4073 1201 4136 funesta

103 4178 262 4242 servitutis
289 4177 364 4244 labe
379 4179 469 4263 apud
501 4188 618 4262 gentes
637 4177 834 4242 christianas
866 4197 970 4259 prope
994 4175 1113 4252 deleta,
1129 4196 1201 4240 sese

105 4281 249 4346 civitates
262 4283 296 4348 in
312 4285 466 4348 libertate
481 4282 673 4366 evangelica
688 4282 836 4346 stabilire
852 4290 953 4363 atque
978 4282 1078 4344 etiam
1102 4279 1200 4344 latius

107 4383 248 4463 prolerre
262 4387 436 4471 imperium
452 4387 641 4464 studebant,
662 4387 744 4450 haec
774 4383 973 4467 Apostolica
1000 4383 1105 4450 Sedes
1129 4385 1202 4450 dili·
