<?xml version="1.0" encoding="UTF-8"?>
<!DOCTYPE html PUBLIC "-//W3C//DTD XHTML 1.0 Transitional//EN"
    "http://www.w3.org/TR/xhtml1/DTD/xhtml1-transitional.dtd">
<html xmlns="http://www.w3.org/1999/xhtml" xml:lang="en" lang="en">
 <head>
  <title>
</title>
<meta http-equiv="Content-Type" content="text/html;charset=utf-8" />
  <meta name='ocr-system' content='tesseract 3.04.00' />
  <meta name='ocr-capabilities' content='ocr_page ocr_carea ocr_par ocr_line ocrx_word'/>
</head>
<body>
  <div class='ocr_page' id='page_1' title='image "./sanctissimidomi03xiiigoog_0265.png"; bbox 0 0 3336 4870; ppageno 0'>
   <div class='ocr_carea' id='block_1_1' title="bbox 446 383 1306 465">
    <p class='ocr_par' dir='ltr' id='par_1_1' title="bbox 446 383 1306 465">
     <span class='ocr_line' id='line_1_1' title="bbox 446 383 1306 465; baseline -0.001 -22"><span class='ocrx_word' id='word_1_1' title='bbox 446 393 515 465; x_wconf 83' lang='lat'>252</span> <span class='ocrx_word' id='word_1_2' title='bbox 697 393 878 445; x_wconf 77' lang='lat' dir='ltr'>avrsroun</span> <span class='ocrx_word' id='word_1_3' title='bbox 908 383 928 412; x_wconf 83' lang='lat'>‘¹</span> <span class='ocrx_word' id='word_1_4' title='bbox 948 393 1114 446; x_wconf 69' lang='lat' dir='ltr'>urrunnu</span> <span class='ocrx_word' id='word_1_5' title='bbox 1139 394 1191 445; x_wconf 76' lang='lat' dir='ltr'>ao</span> <span class='ocrx_word' id='word_1_6' title='bbox 1217 393 1267 442; x_wconf 77' lang='lat' dir='ltr'>rs</span> <span class='ocrx_word' id='word_1_7' title='bbox 1285 428 1306 458; x_wconf 88' lang='lat'>„</span> 
     </span>
    </p>
   </div>
   <div class='ocr_carea' id='block_1_2' title="bbox 254 567 1629 2953">
    <p class='ocr_par' dir='ltr' id='par_1_2' title="bbox 254 567 1629 2953">
     <span class='ocr_line' id='line_1_2' title="bbox 442 567 1539 652; baseline 0 -21"><span class='ocrx_word' id='word_1_8' title='bbox 442 567 636 634; x_wconf 87' lang='lat' dir='ltr'>maturitate</span> <span class='ocrx_word' id='word_1_9' title='bbox 652 569 825 635; x_wconf 88' lang='lat' dir='ltr'>adbibita:</span> <span class='ocrx_word' id='word_1_10' title='bbox 840 571 997 634; x_wconf 89' lang='lat' dir='ltr'>nimirum</span> <span class='ocrx_word' id='word_1_11' title='bbox 1015 569 1166 652; x_wconf 89' lang='lat' dir='ltr'>pluribus</span> <span class='ocrx_word' id='word_1_12' title='bbox 1181 570 1401 634; x_wconf 90' lang='lat' dir='ltr'>conventibus</span> <span class='ocrx_word' id='word_1_13' title='bbox 1417 569 1539 646; x_wconf 88' lang='lat' dir='ltr'>habitis,</span> 
     </span>
     <span class='ocr_line' id='line_1_3' title="bbox 440 672 1539 758; baseline -0.002 -22"><span class='ocrx_word' id='word_1_14' title='bbox 440 674 626 737; x_wconf 88' lang='lat' dir='ltr'>sententias</span> <span class='ocrx_word' id='word_1_15' title='bbox 652 691 781 752; x_wconf 88' lang='lat' dir='ltr'>omnes,</span> <span class='ocrx_word' id='word_1_16' title='bbox 805 684 975 758; x_wconf 83' lang='lat' dir='ltr'><strong>quotquot</strong></span> <span class='ocrx_word' id='word_1_17' title='bbox 1001 673 1081 757; x_wconf 92' lang='lat' dir='ltr'>ipsis</span> <span class='ocrx_word' id='word_1_18' title='bbox 1106 683 1202 739; x_wconf 89' lang='lat' dir='ltr'>erant</span> <span class='ocrx_word' id='word_1_19' title='bbox 1217 674 1260 738; x_wconf 94' lang='lat' dir='ltr'>ad</span> <span class='ocrx_word' id='word_1_20' title='bbox 1285 672 1539 738; x_wconf 86' lang='lat' dir='ltr'>examinandum</span> 
     </span>
     <span class='ocr_line' id='line_1_4' title="bbox 441 775 1539 864; baseline -0.004 -24"><span class='ocrx_word' id='word_1_21' title='bbox 441 776 643 860; x_wconf 81' lang='lat' dir='ltr'>propositae,</span> <span class='ocrx_word' id='word_1_22' title='bbox 658 797 737 842; x_wconf 90' lang='lat' dir='ltr'>cura</span> <span class='ocrx_word' id='word_1_23' title='bbox 755 775 816 841; x_wconf 86' lang='lat' dir='ltr'>luit</span> <span class='ocrx_word' id='word_1_24' title='bbox 837 797 1040 861; x_wconf 85' lang='lat' dir='ltr'>cognoscere</span> <span class='ocrx_word' id='word_1_25' title='bbox 1055 777 1190 864; x_wconf 85' lang='lat' dir='ltr'>penitus</span> <span class='ocrx_word' id='word_1_26' title='bbox 1212 786 1247 841; x_wconf 89' lang='lat' dir='ltr'>et</span> <span class='ocrx_word' id='word_1_27' title='bbox 1262 776 1369 841; x_wconf 87' lang='lat' dir='ltr'>multa</span> <span class='ocrx_word' id='word_1_28' title='bbox 1389 775 1539 840; x_wconf 90' lang='lat' dir='ltr'>delibera-</span> 
     </span>
     <span class='ocr_line' id='line_1_5' title="bbox 440 879 1541 965; baseline -0.003 -22"><span class='ocrx_word' id='word_1_29' title='bbox 440 879 532 944; x_wconf 86' lang='lat' dir='ltr'>tione</span> <span class='ocrx_word' id='word_1_30' title='bbox 544 880 759 963; x_wconf 81' lang='lat' dir='ltr'><strong>perpendere.</strong></span> <span class='ocrx_word' id='word_1_31' title='bbox 771 880 826 945; x_wconf 89' lang='lat' dir='ltr'>De</span> <span class='ocrx_word' id='word_1_32' title='bbox 836 881 876 944; x_wconf 90' lang='lat' dir='ltr'>iis</span> <span class='ocrx_word' id='word_1_33' title='bbox 892 901 972 946; x_wconf 91' lang='lat' dir='ltr'>vero</span> <span class='ocrx_word' id='word_1_34' title='bbox 986 900 1073 965; x_wconf 89' lang='lat' dir='ltr'>quae</span> <span class='ocrx_word' id='word_1_35' title='bbox 1085 881 1225 963; x_wconf 86' lang='lat' dir='ltr'>singulis</span> <span class='ocrx_word' id='word_1_36' title='bbox 1240 881 1461 946; x_wconf 90' lang='lat' dir='ltr'>conventibus</span> <span class='ocrx_word' id='word_1_37' title='bbox 1475 885 1541 942; x_wconf 88' lang='lat' dir='ltr'>acta</span> 
     </span>
     <span class='ocr_line' id='line_1_6' title="bbox 439 980 1541 1064; baseline -0.003 -18"><span class='ocrx_word' id='word_1_38' title='bbox 439 1003 479 1046; x_wconf 93' lang='lat' dir='ltr'>ac</span> <span class='ocrx_word' id='word_1_39' title='bbox 492 983 687 1062; x_wconf 86' lang='lat' dir='ltr'>deliberata,</span> <span class='ocrx_word' id='word_1_40' title='bbox 701 985 864 1050; x_wconf 90' lang='lat' dir='ltr'>continuo</span> <span class='ocrx_word' id='word_1_41' title='bbox 890 987 973 1064; x_wconf 92' lang='lat' dir='ltr'>Nos,</span> <span class='ocrx_word' id='word_1_42' title='bbox 989 987 1038 1050; x_wconf 93' lang='lat' dir='ltr'>uti</span> <span class='ocrx_word' id='word_1_43' title='bbox 1064 986 1276 1062; x_wconf 87' lang='lat' dir='ltr'>iusseramus,</span> <span class='ocrx_word' id='word_1_44' title='bbox 1291 985 1442 1048; x_wconf 88' lang='lat' dir='ltr'>eiusdem</span> <span class='ocrx_word' id='word_1_45' title='bbox 1467 980 1541 1046; x_wconf 89' lang='lat' dir='ltr'>sacri</span> 
     </span>
     <span class='ocr_line' id='line_1_7' title="bbox 441 1083 1539 1172; baseline -0.005 -21"><span class='ocrx_word' id='word_1_46' title='bbox 441 1083 580 1151; x_wconf 87' lang='lat' dir='ltr'>Consilii</span> <span class='ocrx_word' id='word_1_47' title='bbox 597 1087 758 1152; x_wconf 89' lang='lat' dir='ltr'>Assessor</span> <span class='ocrx_word' id='word_1_48' title='bbox 769 1097 924 1153; x_wconf 89' lang='lat' dir='ltr'>accurate</span> <span class='ocrx_word' id='word_1_49' title='bbox 940 1087 1199 1172; x_wconf 88' lang='lat' dir='ltr'>fidelissimeque</span> <span class='ocrx_word' id='word_1_50' title='bbox 1214 1088 1386 1153; x_wconf 85' lang='lat' dir='ltr'>edocebat</span> <span class='ocrx_word' id='word_1_51' title='bbox 1403 1087 1539 1152; x_wconf 90' lang='lat' dir='ltr'>Demum</span> 
     </span>
     <span class='ocr_line' id='line_1_8' title="bbox 439 1187 1541 1276; baseline -0.001 -23"><span class='ocrx_word' id='word_1_52' title='bbox 439 1187 496 1253; x_wconf 90' lang='lat' dir='ltr'>die</span> <span class='ocrx_word' id='word_1_53' title='bbox 515 1205 554 1266; x_wconf 92' lang='lat'>14</span> <span class='ocrx_word' id='word_1_54' title='bbox 578 1187 777 1252; x_wconf 84' lang='lat' dir='ltr'>Decembris</span> <span class='ocrx_word' id='word_1_55' title='bbox 792 1191 872 1254; x_wconf 88' lang='lat' dir='ltr'>anni</span> <span class='ocrx_word' id='word_1_56' title='bbox 897 1193 978 1272; x_wconf 83' lang='lat'>1887</span> <span class='ocrx_word' id='word_1_57' title='bbox 1003 1191 1072 1256; x_wconf 85' lang='lat' dir='ltr'>fieri</span> <span class='ocrx_word' id='word_1_58' title='bbox 1097 1192 1224 1276; x_wconf 88' lang='lat' dir='ltr'>placuit</span> <span class='ocrx_word' id='word_1_59' title='bbox 1246 1193 1418 1256; x_wconf 91' lang='lat' dir='ltr'>decretum</span> <span class='ocrx_word' id='word_1_60' title='bbox 1439 1188 1541 1258; x_wconf 78' lang='lat' dir='ltr'>&lt;Post</span> 
     </span>
     <span class='ocr_line' id='line_1_9' title="bbox 439 1290 1541 1379; baseline -0.003 -25"><span class='ocrx_word' id='word_1_61' title='bbox 439 1290 570 1356; x_wconf 90' lang='lat' dir='ltr'>obitum</span> <span class='ocrx_word' id='word_1_62' title='bbox 586 1305 604 1358; x_wconf 80' lang='grc'><strong>&gt;</strong></span> <span class='ocrx_word' id='word_1_63' title='bbox 622 1311 691 1375; x_wconf 93' lang='lat' dir='ltr'>quo</span> <span class='ocrx_word' id='word_1_64' title='bbox 715 1293 873 1358; x_wconf 88' lang='lat' dir='ltr'>nimirum</span> <span class='ocrx_word' id='word_1_65' title='bbox 906 1296 1186 1378; x_wconf 79' lang='lat' dir='ltr'>&lt;propositiones</span> <span class='ocrx_word' id='word_1_66' title='bbox 1210 1311 1229 1364; x_wconf 85' lang='grc'><strong>)</strong></span> <span class='ocrx_word' id='word_1_67' title='bbox 1256 1295 1482 1379; x_wconf 82' lang='lat' dir='ltr'>quadraginta</span> <span class='ocrx_word' id='word_1_68' title='bbox 1504 1311 1541 1352; x_wconf 86' lang='lat' dir='ltr'>ex</span> 
     </span>
     <span class='ocr_line' id='line_1_10' title="bbox 439 1393 1541 1482; baseline -0.002 -23"><span class='ocrx_word' id='word_1_69' title='bbox 439 1395 584 1460; x_wconf 86' lang='lat' dir='ltr'>Antonii</span> <span class='ocrx_word' id='word_1_70' title='bbox 604 1395 760 1460; x_wconf 89' lang='lat' dir='ltr'>Rosmini</span> <span class='ocrx_word' id='word_1_71' title='bbox 788 1398 946 1480; x_wconf 90' lang='lat' dir='ltr'>operibus</span> <span class='ocrx_word' id='word_1_72' title='bbox 962 1400 1152 1482; x_wconf 88' lang='lat' dir='ltr'>posthumis</span> <span class='ocrx_word' id='word_1_73' title='bbox 1173 1418 1331 1482; x_wconf 86' lang='lat' dir='ltr'>magnam</span> <span class='ocrx_word' id='word_1_74' title='bbox 1349 1408 1480 1481; x_wconf 90' lang='lat' dir='ltr'>partem</span> <span class='ocrx_word' id='word_1_75' title='bbox 1493 1393 1541 1458; x_wconf 88' lang='lat' dir='ltr'>de·</span> 
     </span>
     <span class='ocr_line' id='line_1_11' title="bbox 287 1499 1541 1583; baseline 0 -22"><span class='ocrx_word' id='word_1_76' title='bbox 287 1504 414 1550; x_wconf 72' lang='lat' dir='ltr'>Decretum</span> <span class='ocrx_word' id='word_1_77' title='bbox 439 1507 626 1581; x_wconf 85' lang='lat' dir='ltr'>promptae,</span> <span class='ocrx_word' id='word_1_78' title='bbox 650 1499 831 1583; x_wconf 90' lang='lat' dir='ltr'>eidemque</span> <span class='ocrx_word' id='word_1_79' title='bbox 850 1501 987 1567; x_wconf 90' lang='lat' dir='ltr'>decreto</span> <span class='ocrx_word' id='word_1_80' title='bbox 1002 1503 1163 1581; x_wconf 86' lang='lat' dir='ltr'>adiectae,</span> <span class='ocrx_word' id='word_1_81' title='bbox 1178 1504 1391 1568; x_wconf 88' lang='lat' dir='ltr'>damnantur.</span> <span class='ocrx_word' id='word_1_82' title='bbox 1415 1500 1541 1563; x_wconf 90' lang='lat' dir='ltr'>-Hoc</span> 
     </span>
     <span class='ocr_line' id='line_1_12' title="bbox 262 1565 1542 1692; baseline -0.002 -26"><span class='ocrx_word' id='word_1_83' title='bbox 262 1565 414 1692; x_wconf 52' lang='lat' dir='ltr'>ffisi‘reiiiss</span> <span class='ocrx_word' id='word_1_84' title='bbox 438 1604 621 1680; x_wconf 87' lang='lat' dir='ltr'>decretum,</span> <span class='ocrx_word' id='word_1_85' title='bbox 635 1601 787 1685; x_wconf 87' lang='lat' dir='ltr'>prolecto</span> <span class='ocrx_word' id='word_1_86' title='bbox 814 1605 858 1670; x_wconf 89' lang='lat' dir='ltr'>ad</span> <span class='ocrx_word' id='word_1_87' title='bbox 885 1606 1074 1672; x_wconf 88' lang='lat' dir='ltr'>doctrinam</span> <span class='ocrx_word' id='word_1_88' title='bbox 1101 1603 1280 1691; x_wconf 85' lang='lat' dir='ltr'>pertinens,</span> <span class='ocrx_word' id='word_1_89' title='bbox 1295 1614 1397 1689; x_wconf 92' lang='lat' dir='ltr'>prout</span> <span class='ocrx_word' id='word_1_90' title='bbox 1421 1613 1470 1668; x_wconf 90' lang='lat' dir='ltr'>est</span> <span class='ocrx_word' id='word_1_91' title='bbox 1484 1621 1542 1666; x_wconf 91' lang='lat' dir='ltr'>una</span> 
     </span>
     <span class='ocr_line' id='line_1_13' title="bbox 261 1685 1541 1798; baseline -0.001 -29"><span class='ocrx_word' id='word_1_92' title='bbox 261 1685 414 1798; x_wconf 56' lang='lat'>22&#39;,{‘{,‘,¹,{2</span> <span class='ocrx_word' id='word_1_93' title='bbox 439 1725 516 1770; x_wconf 90' lang='lat' dir='ltr'>cum</span> <span class='ocrx_word' id='word_1_94' title='bbox 544 1707 900 1789; x_wconf 82' lang='lat' dir='ltr'>‹propositionibus›</span> <span class='ocrx_word' id='word_1_95' title='bbox 919 1729 1019 1793; x_wconf 84' lang='lat' dir='ltr'>supra</span> <span class='ocrx_word' id='word_1_96' title='bbox 1039 1711 1139 1776; x_wconf 87' lang='lat' dir='ltr'>dictis</span> <span class='ocrx_word' id='word_1_97' title='bbox 1155 1711 1293 1787; x_wconf 90' lang='lat' dir='ltr'>editum,</span> <span class='ocrx_word' id='word_1_98' title='bbox 1315 1709 1417 1792; x_wconf 90' lang='lat' dir='ltr'>plane</span> <span class='ocrx_word' id='word_1_99' title='bbox 1432 1725 1541 1792; x_wconf 89' lang='lat' dir='ltr'>appro-</span> 
     </span>
     <span class='ocr_line' id='line_1_14' title="bbox 261 1798 1542 1907; baseline -0.002 -33"><span class='ocrx_word' id='word_1_100' title='bbox 261 1798 417 1907; x_wconf 53' lang='lat' dir='ltr'>ffijssm,</span> <span class='ocrx_word' id='word_1_101' title='bbox 439 1810 593 1875; x_wconf 89' lang='lat' dir='ltr'>bavimus</span> <span class='ocrx_word' id='word_1_102' title='bbox 609 1818 643 1873; x_wconf 92' lang='lat' dir='ltr'>et</span> <span class='ocrx_word' id='word_1_103' title='bbox 659 1809 785 1876; x_wconf 88' lang='lat' dir='ltr'>Nostra</span> <span class='ocrx_word' id='word_1_104' title='bbox 800 1812 1072 1879; x_wconf 88' lang='lat' dir='ltr'>confirmavimus</span> <span class='ocrx_word' id='word_1_105' title='bbox 1088 1814 1311 1879; x_wconf 88' lang='lat' dir='ltr'>auctoritate:</span> <span class='ocrx_word' id='word_1_106' title='bbox 1326 1811 1409 1877; x_wconf 90' lang='lat' dir='ltr'>illud</span> <span class='ocrx_word' id='word_1_107' title='bbox 1429 1823 1542 1884; x_wconf 90' lang='lat' dir='ltr'>tamen,</span> 
     </span>
     <span class='ocr_line' id='line_1_15' title="bbox 280 1913 1629 2001; baseline -0.001 -24"><span class='ocrx_word' id='word_1_108' title='bbox 280 1919 395 1987; x_wconf 52' lang='lat' dir='ltr'>purgare</span> <span class='ocrx_word' id='word_1_109' title='bbox 440 1913 538 1978; x_wconf 89' lang='lat' dir='ltr'>certis</span> <span class='ocrx_word' id='word_1_110' title='bbox 562 1913 606 1978; x_wconf 91' lang='lat' dir='ltr'>de</span> <span class='ocrx_word' id='word_1_111' title='bbox 629 1914 765 1993; x_wconf 87' lang='lat' dir='ltr'>caussis,</span> <span class='ocrx_word' id='word_1_112' title='bbox 790 1935 857 1980; x_wconf 93' lang='lat' dir='ltr'>non</span> <span class='ocrx_word' id='word_1_113' title='bbox 884 1926 965 1982; x_wconf 88' lang='lat' dir='ltr'>ante</span> <span class='ocrx_word' id='word_1_114' title='bbox 991 1918 1139 2001; x_wconf 87' lang='lat' dir='ltr'>evulgari</span> <span class='ocrx_word' id='word_1_115' title='bbox 1165 1918 1330 1993; x_wconf 91' lang='lat' dir='ltr'>iussimus,</span> <span class='ocrx_word' id='word_1_116' title='bbox 1356 1932 1542 1999; x_wconf 90' lang='lat' dir='ltr'>quamquo</span> <span class='ocrx_word' id='word_1_117' title='bbox 1628 1981 1629 1986; x_wconf 6' lang='grc' dir='ltr'>χ</span> 
     </span>
     <span class='ocr_line' id='line_1_16' title="bbox 283 1990 1270 2101; baseline 0.008 -23"><span class='ocrx_word' id='word_1_118' title='bbox 283 1990 388 2034; x_wconf 61' lang='lat' dir='ltr'>&#39;mm&#39;</span> <span class='ocrx_word' id='word_1_119' title='bbox 440 2016 634 2098; x_wconf 82' lang='lat' dir='ltr'>evulgatum</span> <span class='ocrx_word' id='word_1_120' title='bbox 651 2025 703 2082; x_wconf 89' lang='lat' dir='ltr'>est</span> <span class='ocrx_word' id='word_1_121' title='bbox 717 2019 783 2097; x_wconf 90' lang='lat' dir='ltr'>die,</span> <span class='ocrx_word' id='word_1_122' title='bbox 794 2020 921 2085; x_wconf 88' lang='lat' dir='ltr'>scilicet</span> <span class='ocrx_word' id='word_1_123' title='bbox 937 2035 957 2101; x_wconf 94' lang='lat'>7</span> <span class='ocrx_word' id='word_1_124' title='bbox 974 2021 1088 2086; x_wconf 89' lang='lat' dir='ltr'>Martii</span> <span class='ocrx_word' id='word_1_125' title='bbox 1104 2043 1157 2088; x_wconf 85' lang='lat' dir='ltr'>an.</span> <span class='ocrx_word' id='word_1_126' title='bbox 1177 2023 1270 2086; x_wconf 90' lang='lat'>1888.</span> 
     </span>
     <span class='ocr_line' id='line_1_17' title="bbox 297 2119 1541 2208; baseline 0.002 -27"><span class='ocrx_word' id='word_1_127' title='bbox 297 2137 380 2194; x_wconf 66' lang='lat' dir='ltr'>onan</span> <span class='ocrx_word' id='word_1_128' title='bbox 485 2119 582 2185; x_wconf 89' lang='lat' dir='ltr'>Haec</span> <span class='ocrx_word' id='word_1_129' title='bbox 597 2121 668 2199; x_wconf 90' lang='lat' dir='ltr'>tibi,</span> <span class='ocrx_word' id='word_1_130' title='bbox 683 2121 895 2188; x_wconf 86' lang='lat' dir='ltr'>Venerabilis</span> <span class='ocrx_word' id='word_1_131' title='bbox 912 2124 1038 2203; x_wconf 87' lang='lat' dir='ltr'>Frater,</span> <span class='ocrx_word' id='word_1_132' title='bbox 1050 2147 1109 2208; x_wconf 90' lang='lat' dir='ltr'>per</span> <span class='ocrx_word' id='word_1_133' title='bbox 1120 2127 1181 2190; x_wconf 92' lang='lat' dir='ltr'>has</span> <span class='ocrx_word' id='word_1_134' title='bbox 1193 2126 1320 2190; x_wconf 86' lang='lat' dir='ltr'>litteras</span> <span class='ocrx_word' id='word_1_135' title='bbox 1330 2121 1541 2208; x_wconf 84' lang='lat' dir='ltr'>significanda</span> 
     </span>
     <span class='ocr_line' id='line_1_18' title="bbox 261 2197 1541 2316; baseline -0.003 -27"><span class='ocrx_word' id='word_1_136' title='bbox 261 2197 415 2316; x_wconf 39' lang='lat' dir='ltr'>{⁸522}ssss</span> <span class='ocrx_word' id='word_1_137' title='bbox 440 2225 650 2290; x_wconf 90' lang='lat' dir='ltr'>censuimus:</span> <span class='ocrx_word' id='word_1_138' title='bbox 682 2229 907 2312; x_wconf 90' lang='lat' dir='ltr'>nequeenim</span> <span class='ocrx_word' id='word_1_139' title='bbox 934 2231 1057 2295; x_wconf 89' lang='lat' dir='ltr'>desunt</span> <span class='ocrx_word' id='word_1_140' title='bbox 1088 2232 1145 2316; x_wconf 90' lang='lat' dir='ltr'>qui</span> <span class='ocrx_word' id='word_1_141' title='bbox 1171 2231 1255 2294; x_wconf 87' lang='lat' dir='ltr'>tueri</span> <span class='ocrx_word' id='word_1_142' title='bbox 1282 2249 1321 2294; x_wconf 89' lang='lat' dir='ltr'>ac</span> <span class='ocrx_word' id='word_1_143' title='bbox 1348 2228 1541 2311; x_wconf 86' lang='lat' dir='ltr'>persuadere</span> 
     </span>
     <span class='ocr_line' id='line_1_19' title="bbox 263 2315 1542 2420; baseline -0.003 -27"><span class='ocrx_word' id='word_1_144' title='bbox 263 2315 324 2368; x_wconf 53' lang='grc' dir='ltr'>’Μ’</span> <span class='ocrx_word' id='word_1_145' title='bbox 439 2329 543 2394; x_wconf 90' lang='lat' dir='ltr'>verbo</span> <span class='ocrx_word' id='word_1_146' title='bbox 567 2330 735 2414; x_wconf 89' lang='lat' dir='ltr'>scriptove</span> <span class='ocrx_word' id='word_1_147' title='bbox 759 2334 977 2412; x_wconf 88' lang='lat' dir='ltr'>contendant,</span> <span class='ocrx_word' id='word_1_148' title='bbox 993 2353 1097 2420; x_wconf 91' lang='lat' dir='ltr'>quum</span> <span class='ocrx_word' id='word_1_149' title='bbox 1124 2336 1168 2399; x_wconf 92' lang='lat' dir='ltr'>de</span> <span class='ocrx_word' id='word_1_150' title='bbox 1193 2334 1330 2399; x_wconf 89' lang='lat' dir='ltr'>decreto</span> <span class='ocrx_word' id='word_1_151' title='bbox 1346 2347 1365 2401; x_wconf 69' lang='lat' dir='ltr'>t</span> <span class='ocrx_word' id='word_1_152' title='bbox 1382 2333 1466 2398; x_wconf 88' lang='lat' dir='ltr'>Post</span> <span class='ocrx_word' id='word_1_153' title='bbox 1479 2327 1542 2394; x_wconf 91' lang='lat' dir='ltr'>obi·</span> 
     </span>
     <span class='ocr_line' id='line_1_20' title="bbox 439 2433 1541 2520; baseline -0.002 -22"><span class='ocrx_word' id='word_1_154' title='bbox 439 2443 512 2498; x_wconf 91' lang='lat' dir='ltr'>tum</span> <span class='ocrx_word' id='word_1_155' title='bbox 530 2445 548 2500; x_wconf 90' lang='grc'>))</span> <span class='ocrx_word' id='word_1_156' title='bbox 576 2433 696 2516; x_wconf 86' lang='lat' dir='ltr'>agitur,</span> <span class='ocrx_word' id='word_1_157' title='bbox 713 2435 757 2499; x_wconf 92' lang='lat' dir='ltr'>de</span> <span class='ocrx_word' id='word_1_158' title='bbox 780 2435 916 2501; x_wconf 89' lang='lat' dir='ltr'>decreto</span> <span class='ocrx_word' id='word_1_159' title='bbox 932 2437 997 2520; x_wconf 84' lang='lat' dir='ltr'>agi,</span> <span class='ocrx_word' id='word_1_160' title='bbox 1023 2439 1076 2502; x_wconf 92' lang='lat' dir='ltr'>cui</span> <span class='ocrx_word' id='word_1_161' title='bbox 1092 2437 1250 2520; x_wconf 85' lang='lat' dir='ltr'>refragari</span> <span class='ocrx_word' id='word_1_162' title='bbox 1278 2437 1417 2519; x_wconf 90' lang='lat' dir='ltr'>impune</span> <span class='ocrx_word' id='word_1_163' title='bbox 1433 2436 1541 2506; x_wconf 89' lang='lat' dir='ltr'>liceat;</span> 
     </span>
     <span class='ocr_line' id='line_1_21' title="bbox 438 2537 1540 2624; baseline 0 -24"><span class='ocrx_word' id='word_1_164' title='bbox 438 2537 519 2602; x_wconf 92' lang='lat' dir='ltr'>illud</span> <span class='ocrx_word' id='word_1_165' title='bbox 535 2557 641 2621; x_wconf 90' lang='lat' dir='ltr'>prope</span> <span class='ocrx_word' id='word_1_166' title='bbox 656 2537 875 2604; x_wconf 90' lang='lat' dir='ltr'>inscientibus</span> <span class='ocrx_word' id='word_1_167' title='bbox 901 2541 1010 2606; x_wconf 92' lang='lat' dir='ltr'>Nobis</span> <span class='ocrx_word' id='word_1_168' title='bbox 1027 2541 1153 2607; x_wconf 86' lang='lat' dir='ltr'>iactum</span> <span class='ocrx_word' id='word_1_169' title='bbox 1179 2543 1327 2624; x_wconf 88' lang='lat' dir='ltr'>itemque</span> <span class='ocrx_word' id='word_1_170' title='bbox 1343 2541 1452 2604; x_wconf 90' lang='lat' dir='ltr'>latum</span> <span class='ocrx_word' id='word_1_171' title='bbox 1474 2557 1540 2622; x_wconf 89' lang='lat' dir='ltr'>pro·</span> 
     </span>
     <span class='ocr_line' id='line_1_22' title="bbox 439 2640 1280 2725; baseline 0.008 -22"><span class='ocrx_word' id='word_1_172' title='bbox 439 2640 694 2724; x_wconf 83' lang='lat' dir='ltr'>mulgatumque</span> <span class='ocrx_word' id='word_1_173' title='bbox 709 2642 781 2707; x_wconf 92' lang='lat' dir='ltr'>sine</span> <span class='ocrx_word' id='word_1_174' title='bbox 796 2644 1042 2725; x_wconf 88' lang='lat' dir='ltr'>approbatione</span> <span class='ocrx_word' id='word_1_175' title='bbox 1058 2645 1184 2709; x_wconf 89' lang='lat' dir='ltr'>Nostra</span> <span class='ocrx_word' id='word_1_176' title='bbox 1196 2665 1280 2711; x_wconf 91' lang='lat' dir='ltr'>esse.</span> 
     </span>
     <span class='ocr_line' id='line_1_23' title="bbox 262 2743 1539 2832; baseline -0.001 -26"><span class='ocrx_word' id='word_1_177' title='bbox 262 2790 290 2821; x_wconf 64' lang='lat' dir='ltr'>a,</span> <span class='ocrx_word' id='word_1_178' title='bbox 299 2775 414 2820; x_wconf 53' lang='lat' dir='ltr'>,im</span> <span class='ocrx_word' id='word_1_179' title='bbox 484 2743 660 2808; x_wconf 89' lang='lat' dir='ltr'>Praeterea</span> <span class='ocrx_word' id='word_1_180' title='bbox 682 2745 745 2809; x_wconf 92' lang='lat' dir='ltr'>hac</span> <span class='ocrx_word' id='word_1_181' title='bbox 768 2747 842 2828; x_wconf 85' lang='lat' dir='ltr'>ipsa</span> <span class='ocrx_word' id='word_1_182' title='bbox 857 2747 890 2811; x_wconf 93' lang='lat' dir='ltr'>in</span> <span class='ocrx_word' id='word_1_183' title='bbox 908 2767 944 2812; x_wconf 90' lang='lat' dir='ltr'>re</span> <span class='ocrx_word' id='word_1_184' title='bbox 958 2767 1090 2813; x_wconf 90' lang='lat' dir='ltr'>sacrum</span> <span class='ocrx_word' id='word_1_185' title='bbox 1108 2748 1340 2832; x_wconf 92' lang='lat' dir='ltr'>Inquisitionis</span> <span class='ocrx_word' id='word_1_186' title='bbox 1361 2743 1539 2812; x_wconf 90' lang='lat' dir='ltr'>Consilium</span> 
     </span>
     <span class='ocr_line' id='line_1_24' title="bbox 254 2835 1537 2953; baseline 0.002 -42"><span class='ocrx_word' id='word_1_187' title='bbox 254 2835 414 2953; x_wconf 42' lang='lat' dir='ltr'>§fl-0⁰1&amp;</span> <span class='ocrx_word' id='word_1_188' title='bbox 439 2869 459 2911; x_wconf 91' lang='lat' dir='ltr'>a</span> <span class='ocrx_word' id='word_1_189' title='bbox 484 2848 645 2914; x_wconf 90' lang='lat' dir='ltr'>Pontifice</span> <span class='ocrx_word' id='word_1_190' title='bbox 661 2849 814 2915; x_wconf 89' lang='lat' dir='ltr'>maximo</span> <span class='ocrx_word' id='word_1_191' title='bbox 829 2852 1012 2935; x_wconf 85' lang='lat' dir='ltr'>seiungunt</span> <span class='ocrx_word' id='word_1_192' title='bbox 1027 2872 1066 2917; x_wconf 90' lang='lat' dir='ltr'>ac</span> <span class='ocrx_word' id='word_1_193' title='bbox 1093 2863 1273 2937; x_wconf 87' lang='lat' dir='ltr'>separant;</span> <span class='ocrx_word' id='word_1_194' title='bbox 1303 2853 1336 2916; x_wconf 93' lang='lat' dir='ltr'>in</span> <span class='ocrx_word' id='word_1_195' title='bbox 1368 2871 1440 2934; x_wconf 89' lang='lat' dir='ltr'>quo</span> <span class='ocrx_word' id='word_1_196' title='bbox 1466 2865 1537 2913; x_wconf 86' lang='lat' dir='ltr'>sane</span> 
     </span>
    </p>
   </div>
   <div class='ocr_carea' id='block_1_3' title="bbox 260 2951 1538 3069">
    <p class='ocr_par' dir='ltr' id='par_1_3' title="bbox 260 2951 1538 3069">
     <span class='ocr_line' id='line_1_25' title="bbox 260 2951 1538 3069; baseline -0.012 -43"><span class='ocrx_word' id='word_1_197' title='bbox 260 2951 414 3069; x_wconf 41' lang='lat' dir='ltr'>dinarii</span> <span class='ocrx_word' id='word_1_198' title='bbox 438 2962 578 3036; x_wconf 89' lang='lat' dir='ltr'>apparet</span> <span class='ocrx_word' id='word_1_199' title='bbox 599 2953 750 3018; x_wconf 90' lang='lat' dir='ltr'>callidior</span> <span class='ocrx_word' id='word_1_200' title='bbox 765 2956 932 3038; x_wconf 91' lang='lat' dir='ltr'>quaedam</span> <span class='ocrx_word' id='word_1_201' title='bbox 948 2959 1179 3039; x_wconf 86' lang='lat' dir='ltr'>tergiversatio</span> <span class='ocrx_word' id='word_1_202' title='bbox 1206 2979 1281 3022; x_wconf 87' lang='lat' dir='ltr'>curn</span> <span class='ocrx_word' id='word_1_203' title='bbox 1299 2953 1538 3038; x_wconf 87' lang='lat' dir='ltr'>suspicionibus</span> 
     </span>
    </p>
   </div>
   <div class='ocr_carea' id='block_1_4' title="bbox 260 3053 1540 3352">
    <p class='ocr_par' dir='ltr' id='par_1_4' title="bbox 260 3053 1540 3352">
     <span class='ocr_line' id='line_1_26' title="bbox 260 3053 1539 3146; baseline 0.002 -32"><span class='ocrx_word' id='word_1_204' title='bbox 260 3075 318 3116; x_wconf 74' lang='lat' dir='ltr'>ctus.</span> <span class='ocrx_word' id='word_1_205' title='bbox 438 3079 506 3123; x_wconf 92' lang='lat' dir='ltr'>non</span> <span class='ocrx_word' id='word_1_206' title='bbox 523 3057 639 3140; x_wconf 87' lang='lat' dir='ltr'>aequis</span> <span class='ocrx_word' id='word_1_207' title='bbox 655 3067 781 3124; x_wconf 89' lang='lat' dir='ltr'>temere</span> <span class='ocrx_word' id='word_1_208' title='bbox 807 3060 997 3126; x_wconf 89' lang='lat' dir='ltr'>coniuncta.</span> <span class='ocrx_word' id='word_1_209' title='bbox 1011 3099 1055 3111; x_wconf 92' lang='lat'><em>-</em></span> <span class='ocrx_word' id='word_1_210' title='bbox 1078 3062 1151 3127; x_wconf 94' lang='lat' dir='ltr'>Nos</span> <span class='ocrx_word' id='word_1_211' title='bbox 1171 3063 1307 3146; x_wconf 91' lang='lat' dir='ltr'>quidem</span> <span class='ocrx_word' id='word_1_212' title='bbox 1324 3057 1482 3145; x_wconf 89' lang='lat' dir='ltr'>propensi</span> <span class='ocrx_word' id='word_1_213' title='bbox 1502 3053 1539 3118; x_wconf 86' lang='lat' dir='ltr'>ad</span> 
     </span>
     <span class='ocr_line' id='line_1_27' title="bbox 438 3158 1538 3230; baseline -0.005 -6"><span class='ocrx_word' id='word_1_214' title='bbox 438 3160 651 3224; x_wconf 88' lang='lat' dir='ltr'>clementiam</span> <span class='ocrx_word' id='word_1_215' title='bbox 679 3171 798 3226; x_wconf 90' lang='lat' dir='ltr'>natura</span> <span class='ocrx_word' id='word_1_216' title='bbox 825 3170 859 3226; x_wconf 90' lang='lat' dir='ltr'>et</span> <span class='ocrx_word' id='word_1_217' title='bbox 886 3161 997 3228; x_wconf 88' lang='lat' dir='ltr'>officio</span> <span class='ocrx_word' id='word_1_218' title='bbox 1023 3184 1160 3230; x_wconf 91' lang='lat' dir='ltr'>sumus:</span> <span class='ocrx_word' id='word_1_219' title='bbox 1183 3164 1419 3230; x_wconf 89' lang='lat' dir='ltr'>consuevimus</span> <span class='ocrx_word' id='word_1_220' title='bbox 1445 3158 1538 3224; x_wconf 89' lang='lat' dir='ltr'>etiam</span> 
     </span>
     <span class='ocr_line' id='line_1_28' title="bbox 437 3263 1540 3352; baseline -0.003 -25"><span class='ocrx_word' id='word_1_221' title='bbox 437 3263 600 3327; x_wconf 88' lang='lat' dir='ltr'>benevole</span> <span class='ocrx_word' id='word_1_222' title='bbox 615 3271 718 3347; x_wconf 89' lang='lat' dir='ltr'>atque</span> <span class='ocrx_word' id='word_1_223' title='bbox 732 3275 885 3330; x_wconf 89' lang='lat' dir='ltr'>amanter</span> <span class='ocrx_word' id='word_1_224' title='bbox 909 3267 1088 3350; x_wconf 90' lang='lat' dir='ltr'>complecti</span> <span class='ocrx_word' id='word_1_225' title='bbox 1115 3278 1283 3352; x_wconf 92' lang='lat' dir='ltr'>quotquot</span> <span class='ocrx_word' id='word_1_226' title='bbox 1297 3287 1369 3331; x_wconf 89' lang='lat' dir='ltr'>esse</span> <span class='ocrx_word' id='word_1_227' title='bbox 1390 3267 1540 3348; x_wconf 82' lang='lat' dir='ltr'>prompta</span> 
     </span>
    </p>
   </div>
   <div class='ocr_carea' id='block_1_5' title="bbox 298 3364 1539 3454">
    <p class='ocr_par' dir='ltr' id='par_1_5' title="bbox 298 3364 1539 3454">
     <span class='ocr_line' id='line_1_29' title="bbox 298 3364 1539 3454; baseline 0.003 -29"><span class='ocrx_word' id='word_1_228' title='bbox 298 3379 354 3426; x_wconf 69' lang='lat' dir='ltr'>aas</span> <span class='ocrx_word' id='word_1_229' title='bbox 379 3381 414 3426; x_wconf 74' lang='lat' dir='ltr'>aa</span> <span class='ocrx_word' id='word_1_230' title='bbox 436 3365 478 3428; x_wconf 88' lang='lat' dir='ltr'>ad</span> <span class='ocrx_word' id='word_1_231' title='bbox 506 3364 733 3430; x_wconf 90' lang='lat' dir='ltr'>obediendum</span> <span class='ocrx_word' id='word_1_232' title='bbox 761 3367 936 3434; x_wconf 88' lang='lat' dir='ltr'>voluntate</span> <span class='ocrx_word' id='word_1_233' title='bbox 966 3370 1136 3454; x_wconf 88' lang='lat' dir='ltr'>vidimus;</span> <span class='ocrx_word' id='word_1_234' title='bbox 1166 3391 1227 3435; x_wconf 91' lang='lat' dir='ltr'>nec</span> <span class='ocrx_word' id='word_1_235' title='bbox 1255 3369 1350 3434; x_wconf 87' lang='lat' dir='ltr'>sacile</span> <span class='ocrx_word' id='word_1_236' title='bbox 1379 3369 1539 3451; x_wconf 87' lang='lat' dir='ltr'>patiemur</span> 
     </span>
    </p>
   </div>
   <div class='ocr_carea' id='block_1_6' title="bbox 255 3439 1537 3557">
    <p class='ocr_par' dir='ltr' id='par_1_6' title="bbox 255 3439 1537 3557">
     <span class='ocr_line' id='line_1_30' title="bbox 259 3439 1190 3491; baseline -0.006 -7"><span class='ocrx_word' id='word_1_237' title='bbox 259 3439 411 3486; x_wconf 73' lang='lat' dir='ltr'>clenentiam</span> <span class='ocrx_word' id='word_1_238' title='bbox 567 3469 575 3483; x_wconf 86' lang='lat'><strong>.</strong></span> <span class='ocrx_word' id='word_1_239' title='bbox 710 3470 718 3484; x_wconf 90' lang='lat'><strong><em>.</em></strong></span> <span class='ocrx_word' id='word_1_240' title='bbox 944 3473 952 3488; x_wconf 87' lang='lat'>,</span> <span class='ocrx_word' id='word_1_241' title='bbox 1118 3476 1124 3489; x_wconf 82' lang='grc'>,</span> <span class='ocrx_word' id='word_1_242' title='bbox 1182 3477 1190 3491; x_wconf 75' lang='grc'>,</span> 
     </span>
     <span class='ocr_line' id='line_1_31' title="bbox 255 3463 1537 3557; baseline -0.003 -23"><span class='ocrx_word' id='word_1_243' title='bbox 255 3501 411 3557; x_wconf 59' lang='lat' dir='ltr'>mm„</span> <span class='ocrx_word' id='word_1_244' title='bbox 436 3469 538 3534; x_wconf 88' lang='lat' dir='ltr'>talem</span> <span class='ocrx_word' id='word_1_245' title='bbox 565 3489 599 3532; x_wconf 91' lang='lat' dir='ltr'>1n</span> <span class='ocrx_word' id='word_1_246' title='bbox 629 3469 737 3534; x_wconf 87' lang='lat' dir='ltr'>Nobrs</span> <span class='ocrx_word' id='word_1_247' title='bbox 752 3474 1032 3539; x_wconf 77' lang='lat' dir='ltr'>consuetudinem</span> <span class='ocrx_word' id='word_1_248' title='bbox 1060 3474 1208 3540; x_wconf 77' lang='lat' dir='ltr'>lenitatis</span> <span class='ocrx_word' id='word_1_249' title='bbox 1232 3473 1467 3550; x_wconf 87' lang='lat' dir='ltr'>exsolescere;</span> <span class='ocrx_word' id='word_1_250' title='bbox 1485 3463 1537 3530; x_wconf 86' lang='lat' dir='ltr'>sed</span> 
     </span>
    </p>
   </div>
   <div class='ocr_carea' id='block_1_7' title="bbox 259 3571 1537 3665">
    <p class='ocr_par' dir='ltr' id='par_1_7' title="bbox 259 3571 1537 3665">
     <span class='ocr_line' id='line_1_32' title="bbox 259 3571 1537 3665; baseline -0.006 -23"><span class='ocrx_word' id='word_1_251' title='bbox 259 3571 412 3665; x_wconf 38' lang='lat' dir='ltr'>agema„</span> <span class='ocrx_word' id='word_1_252' title='bbox 435 3586 547 3639; x_wconf 88' lang='lat' dir='ltr'>tamen</span> <span class='ocrx_word' id='word_1_253' title='bbox 564 3593 650 3651; x_wconf 89' lang='lat' dir='ltr'>eam,</span> <span class='ocrx_word' id='word_1_254' title='bbox 673 3595 776 3658; x_wconf 91' lang='lat' dir='ltr'>quam</span> <span class='ocrx_word' id='word_1_255' title='bbox 791 3575 943 3642; x_wconf 87' lang='lat' dir='ltr'>diximus</span> <span class='ocrx_word' id='word_1_256' title='bbox 970 3579 1206 3644; x_wconf 90' lang='lat' dir='ltr'>nonnullorum</span> <span class='ocrx_word' id='word_1_257' title='bbox 1234 3577 1357 3662; x_wconf 86' lang='lat' dir='ltr'>agendi</span> <span class='ocrx_word' id='word_1_258' title='bbox 1380 3575 1537 3640; x_wconf 89' lang='lat' dir='ltr'>rationem</span> 
     </span>
    </p>
   </div>
   <div class='ocr_carea' id='block_1_8' title="bbox 257 3677 1537 4080">
    <p class='ocr_par' dir='ltr' id='par_1_8' title="bbox 257 3677 1537 3974">
     <span class='ocr_line' id='line_1_33' title="bbox 279 3677 1536 3763; baseline 0.003 -23"><span class='ocrx_word' id='word_1_259' title='bbox 279 3677 304 3722; x_wconf 80' lang='lat' dir='ltr'>S·</span> <span class='ocrx_word' id='word_1_260' title='bbox 328 3678 388 3748; x_wconf 52' lang='grc' dir='ltr'>,Μ</span> <span class='ocrx_word' id='word_1_261' title='bbox 436 3677 698 3761; x_wconf 89' lang='lat' dir='ltr'>Nobismetipsis</span> <span class='ocrx_word' id='word_1_262' title='bbox 713 3688 747 3744; x_wconf 93' lang='lat' dir='ltr'>et</span> <span class='ocrx_word' id='word_1_263' title='bbox 763 3678 984 3763; x_wconf 90' lang='lat' dir='ltr'>Apostolicae</span> <span class='ocrx_word' id='word_1_264' title='bbox 1011 3682 1091 3748; x_wconf 90' lang='lat' dir='ltr'>Sedi</span> <span class='ocrx_word' id='word_1_265' title='bbox 1119 3683 1323 3758; x_wconf 88' lang='lat' dir='ltr'>iniuriosam,</span> <span class='ocrx_word' id='word_1_266' title='bbox 1339 3699 1405 3745; x_wconf 94' lang='lat' dir='ltr'>non</span> <span class='ocrx_word' id='word_1_267' title='bbox 1429 3691 1536 3760; x_wconf 76' lang='lat' dir='ltr'>possu-</span> 
     </span>
     <span class='ocr_line' id='line_1_34' title="bbox 257 3745 1536 3870; baseline 0.005 -32"><span class='ocrx_word' id='word_1_268' title='bbox 257 3745 409 3842; x_wconf 50' lang='lat' dir='ltr'>:ww</span> <span class='ocrx_word' id='word_1_269' title='bbox 436 3802 509 3847; x_wconf 89' lang='lat' dir='ltr'>mus</span> <span class='ocrx_word' id='word_1_270' title='bbox 528 3801 595 3846; x_wconf 95' lang='lat' dir='ltr'>non</span> <span class='ocrx_word' id='word_1_271' title='bbox 613 3783 803 3867; x_wconf 90' lang='lat' dir='ltr'>improbare</span> <span class='ocrx_word' id='word_1_272' title='bbox 819 3785 1042 3852; x_wconf 86' lang='lat' dir='ltr'>vehementer.</span> <span class='ocrx_word' id='word_1_273' title='bbox 1053 3823 1098 3838; x_wconf 91' lang='lat'>--</span> <span class='ocrx_word' id='word_1_274' title='bbox 1113 3787 1223 3852; x_wconf 90' lang='lat' dir='ltr'>Probe</span> <span class='ocrx_word' id='word_1_275' title='bbox 1237 3787 1410 3870; x_wconf 82' lang='lat' dir='ltr'>cognitum</span> <span class='ocrx_word' id='word_1_276' title='bbox 1435 3773 1536 3846; x_wconf 83' lang='lat' dir='ltr'>Nobis</span> 
     </span>
     <span class='ocr_line' id='line_1_35' title="bbox 433 3886 1537 3974; baseline 0.005 -24"><span class='ocrx_word' id='word_1_277' title='bbox 433 3898 494 3965; x_wconf 91' lang='lat' dir='ltr'>est,</span> <span class='ocrx_word' id='word_1_278' title='bbox 508 3886 721 3952; x_wconf 89' lang='lat' dir='ltr'>Venerabilis</span> <span class='ocrx_word' id='word_1_279' title='bbox 738 3888 865 3966; x_wconf 85' lang='lat' dir='ltr'>Frater,</span> <span class='ocrx_word' id='word_1_280' title='bbox 886 3889 977 3954; x_wconf 90' lang='lat' dir='ltr'>haud</span> <span class='ocrx_word' id='word_1_281' title='bbox 994 3892 1137 3974; x_wconf 84' lang='lat' dir='ltr'>exiguas</span> <span class='ocrx_word' id='word_1_282' title='bbox 1153 3913 1173 3956; x_wconf 91' lang='lat' dir='ltr'>a</span> <span class='ocrx_word' id='word_1_283' title='bbox 1189 3902 1223 3957; x_wconf 90' lang='lat' dir='ltr'>te</span> <span class='ocrx_word' id='word_1_284' title='bbox 1241 3911 1337 3954; x_wconf 89' lang='lat' dir='ltr'>curas</span> <span class='ocrx_word' id='word_1_285' title='bbox 1363 3892 1537 3968; x_wconf 78' lang='lat' dir='ltr'>susceptas</span> 
     </span>
    </p>

    <p class='ocr_par' dir='ltr' id='par_1_9' title="bbox 285 3986 1535 4080">
     <span class='ocr_line' id='line_1_36' title="bbox 285 3986 1535 4080; baseline -0.002 -31"><span class='ocrx_word' id='word_1_286' title='bbox 285 4005 408 4054; x_wconf 69' lang='lat' dir='ltr'>stimulat</span> <span class='ocrx_word' id='word_1_287' title='bbox 435 4004 470 4056; x_wconf 93' lang='lat' dir='ltr'>ut</span> <span class='ocrx_word' id='word_1_288' title='bbox 482 3993 655 4056; x_wconf 89' lang='lat' dir='ltr'>decretum</span> <span class='ocrx_word' id='word_1_289' title='bbox 672 3991 754 4056; x_wconf 90' lang='lat' dir='ltr'>illud</span> <span class='ocrx_word' id='word_1_290' title='bbox 771 3993 901 4059; x_wconf 90' lang='lat' dir='ltr'>sincero</span> <span class='ocrx_word' id='word_1_291' title='bbox 922 4016 961 4059; x_wconf 91' lang='lat' dir='ltr'>ac</span> <span class='ocrx_word' id='word_1_292' title='bbox 977 4006 1145 4080; x_wconf 92' lang='lat' dir='ltr'>prompto,</span> <span class='ocrx_word' id='word_1_293' title='bbox 1161 3998 1210 4062; x_wconf 92' lang='lat' dir='ltr'>uti</span> <span class='ocrx_word' id='word_1_294' title='bbox 1226 3994 1411 4060; x_wconf 87' lang='lat' dir='ltr'>catholicae</span> <span class='ocrx_word' id='word_1_295' title='bbox 1427 3986 1535 4054; x_wconf 90' lang='lat' dir='ltr'>Eccle-</span> 
     </span>
    </p>
   </div>
   <div class='ocr_carea' id='block_1_9' title="bbox 266 4063 1535 4184">
    <p class='ocr_par' dir='ltr' id='par_1_10' title="bbox 266 4063 1535 4184">
     <span class='ocr_line' id='line_1_37' title="bbox 266 4063 1535 4184; baseline -0.002 -27"><span class='ocrx_word' id='word_1_296' title='bbox 266 4063 397 4171; x_wconf 52' lang='lat' dir='ltr'>stiffi</span> <span class='ocrx_word' id='word_1_297' title='bbox 433 4097 502 4158; x_wconf 86' lang='lat' dir='ltr'>siae</span> <span class='ocrx_word' id='word_1_298' title='bbox 514 4094 600 4158; x_wconf 89' lang='lat' dir='ltr'>filios</span> <span class='ocrx_word' id='word_1_299' title='bbox 612 4096 718 4173; x_wconf 88' lang='lat' dir='ltr'>decet,</span> <span class='ocrx_word' id='word_1_300' title='bbox 731 4089 853 4160; x_wconf 88' lang='lat' dir='ltr'>mentis</span> <span class='ocrx_word' id='word_1_301' title='bbox 869 4107 903 4162; x_wconf 88' lang='lat' dir='ltr'>et</span> <span class='ocrx_word' id='word_1_302' title='bbox 913 4099 1097 4166; x_wconf 87' lang='lat' dir='ltr'>voluntatis</span> <span class='ocrx_word' id='word_1_303' title='bbox 1112 4101 1276 4184; x_wconf 90' lang='lat' dir='ltr'>obsequio</span> <span class='ocrx_word' id='word_1_304' title='bbox 1292 4100 1336 4165; x_wconf 91' lang='lat' dir='ltr'>ab</span> <span class='ocrx_word' id='word_1_305' title='bbox 1351 4094 1505 4162; x_wconf 86' lang='lat' dir='ltr'>omnibus</span> <span class='ocrx_word' id='word_1_306' title='bbox 1519 4107 1535 4149; x_wconf 83' lang='lat' dir='ltr'>e</span> 
     </span>
    </p>
   </div>
   <div class='ocr_carea' id='block_1_10' title="bbox 255 4180 1534 4393">
    <p class='ocr_par' dir='ltr' id='par_1_11' title="bbox 255 4180 1534 4393">
     <span class='ocr_line' id='line_1_38' title="bbox 255 4180 1533 4298; baseline -0.007 -28"><span class='ocrx_word' id='word_1_307' title='bbox 255 4180 410 4298; x_wconf 51' lang='lat' dir='ltr'>mmssj</span> <span class='ocrx_word' id='word_1_308' title='bbox 434 4197 532 4262; x_wconf 85' lang='lat' dir='ltr'>Clero</span> <span class='ocrx_word' id='word_1_309' title='bbox 556 4197 749 4282; x_wconf 88' lang='lat' dir='ltr'>populoque</span> <span class='ocrx_word' id='word_1_310' title='bbox 774 4207 833 4264; x_wconf 90' lang='lat' dir='ltr'>tuo</span> <span class='ocrx_word' id='word_1_311' title='bbox 858 4203 1090 4284; x_wconf 87' lang='lat' dir='ltr'>exciperetur:</span> <span class='ocrx_word' id='word_1_312' title='bbox 1105 4205 1289 4270; x_wconf 89' lang='lat' dir='ltr'>dolendum</span> <span class='ocrx_word' id='word_1_313' title='bbox 1312 4214 1436 4280; x_wconf 88' lang='lat' dir='ltr'>tamen,</span> <span class='ocrx_word' id='word_1_314' title='bbox 1450 4200 1533 4264; x_wconf 85' lang='lat' dir='ltr'>hisce</span> 
     </span>
     <span class='ocr_line' id='line_1_39' title="bbox 256 4297 1534 4393; baseline 0.005 -29"><span class='ocrx_word' id='word_1_315' title='bbox 256 4297 367 4347; x_wconf 61' lang='lat'>‘01101212</span> <span class='ocrx_word' id='word_1_316' title='bbox 432 4300 518 4363; x_wconf 91' lang='lat' dir='ltr'>curis</span> <span class='ocrx_word' id='word_1_317' title='bbox 535 4301 601 4363; x_wconf 94' lang='lat' dir='ltr'>tuis</span> <span class='ocrx_word' id='word_1_318' title='bbox 618 4320 685 4366; x_wconf 91' lang='lat' dir='ltr'>non</span> <span class='ocrx_word' id='word_1_319' title='bbox 711 4322 798 4380; x_wconf 89' lang='lat' dir='ltr'>eum,</span> <span class='ocrx_word' id='word_1_320' title='bbox 812 4323 913 4386; x_wconf 91' lang='lat' dir='ltr'>quem</span> <span class='ocrx_word' id='word_1_321' title='bbox 940 4305 1090 4386; x_wconf 91' lang='lat' dir='ltr'>velimus,</span> <span class='ocrx_word' id='word_1_322' title='bbox 1106 4311 1317 4393; x_wconf 90' lang='lat' dir='ltr'>respondisse</span> <span class='ocrx_word' id='word_1_323' title='bbox 1343 4307 1482 4374; x_wconf 87' lang='lat' dir='ltr'>exitum.</span> <span class='ocrx_word' id='word_1_324' title='bbox 1496 4337 1534 4351; x_wconf 91' lang='lat'><em>-</em></span> 
     </span>
    </p>
   </div>
   <div class='ocr_carea' id='block_1_11' title="bbox 433 4402 1534 4495">
    <p class='ocr_par' dir='ltr' id='par_1_12' title="bbox 433 4402 1534 4495">
     <span class='ocr_line' id='line_1_40' title="bbox 433 4402 1534 4495; baseline 0.002 -30"><span class='ocrx_word' id='word_1_325' title='bbox 433 4402 599 4466; x_wconf 88' lang='lat' dir='ltr'>Maiorem</span> <span class='ocrx_word' id='word_1_326' title='bbox 617 4404 731 4487; x_wconf 92' lang='lat' dir='ltr'>itaque</span> <span class='ocrx_word' id='word_1_327' title='bbox 747 4407 780 4469; x_wconf 92' lang='lat' dir='ltr'>in</span> <span class='ocrx_word' id='word_1_328' title='bbox 799 4409 938 4473; x_wconf 89' lang='lat' dir='ltr'>modum</span> <span class='ocrx_word' id='word_1_329' title='bbox 955 4421 988 4475; x_wconf 91' lang='lat' dir='ltr'>te</span> <span class='ocrx_word' id='word_1_330' title='bbox 1004 4411 1185 4490; x_wconf 88' lang='lat' dir='ltr'>hortamur,</span> <span class='ocrx_word' id='word_1_331' title='bbox 1201 4423 1239 4477; x_wconf 91' lang='lat' dir='ltr'>ut</span> <span class='ocrx_word' id='word_1_332' title='bbox 1248 4415 1375 4495; x_wconf 90' lang='lat' dir='ltr'>coeptis</span> <span class='ocrx_word' id='word_1_333' title='bbox 1391 4407 1534 4477; x_wconf 87' lang='lat' dir='ltr'>alacriter</span> 
     </span>
    </p>
   </div>
   <div class='ocr_carea' id='block_1_12' title="bbox 1526 4564 1624 4628">
    <p class='ocr_par' dir='ltr' id='par_1_13' title="bbox 1526 4564 1624 4628">
     <span class='ocr_line' id='line_1_41' title="bbox 1526 4564 1624 4628; baseline 0 0"><span class='ocrx_word' id='word_1_334' title='bbox 1526 4564 1535 4617; x_wconf 83' lang='lat' dir='ltr'>l</span> <span class='ocrx_word' id='word_1_335' title='bbox 1623 4623 1624 4628; x_wconf 73' lang='grc'>,</span> 
     </span>
    </p>
   </div>
   <div class='ocr_carea' id='block_1_13' title="bbox 0 0 1672 4870">
    <p class='ocr_par' dir='ltr' id='par_1_14' title="bbox 0 0 1672 4870">
     <span class='ocr_line' id='line_1_42' title="bbox 0 0 1672 4870; baseline 0 1"><span class='ocrx_word' id='word_1_336' title='bbox 0 0 1672 4870; x_wconf 95' lang='lat' dir='ltr'> </span> 
     </span>
    </p>
   </div>
   <div class='ocr_carea' id='block_1_14' title="bbox 1510 4807 1625 4850">
    <p class='ocr_par' dir='ltr' id='par_1_15' title="bbox 1510 4807 1625 4850">
     <span class='ocr_line' id='line_1_43' title="bbox 1510 4807 1625 4850; baseline -0.009 0"><span class='ocrx_word' id='word_1_337' title='bbox 1510 4807 1521 4850; x_wconf 88' lang='lat' dir='ltr'>l</span> <span class='ocrx_word' id='word_1_338' title='bbox 1616 4848 1625 4849; x_wconf 20' lang='lat' dir='ltr'><em>ff</em></span> 
     </span>
    </p>
   </div>
  </div>
 </body>
</html>
