3250 4876
500 281 622 380 limax
648 329 899 381 ANALYTICUS.

202 540 269 596 fera
282 541 394 598 amittit
406 555 466 598 001.
480 569 515 580 -
530 538 673 596 Libertate
686 538 768 610 proin
788 538 874 609 piena
891 539 1007 610 polleat,
1017 549 1058 609 ut,
1069 540 1107 596 ed
1123 557 1188 613 quae

203 620 313 691 prosit,
335 621 488 678 ostendere
502 619 596 674 valeat
611 633 672 674 001.
690 647 725 658 ·-
738 619 824 674 Redit
848 619 978 675 Pontifex
994 619 1032 676 ad
1052 635 1134 692 spem
1153 635 1189 676 ex

203 699 333 771 jubilaeo
345 708 515 773 conceptam
527 711 590 754 202.
606 727 642 737 -
655 697 800 752 Christum
813 695 919 768 navigii
932 697 1072 755 Ecclesiae
1088 699 1190 770 guber·

204 789 346 835 natorem
371 779 542 851 adprecatur
554 787 584 832 ut
596 776 760 848 tempestati
773 777 903 850 imperet,
915 793 1091 849 regnumque
1106 793 1190 834 suum

206 868 351 929 pacatum
361 857 498 916 advenire
510 855 596 912 faciat
610 871 670 911 202.
1233 879 1235 884 ·

169 975 225 1028 45.
248 975 466 1028 EPISTOLA
484 976 528 1028 ad
545 976 692 1027 Abbetes
713 975 746 1024 et
764 972 890 1037 priores
909 973 1188 1026 uenenariorum

135 1054 277 1106 Ordinis
298 1057 331 1108 S.
357 1057 527 1108 Benedicti
549 1057 585 1106 in
609 1055 756 1106 Aurinia.
781 1076 817 1088 -
839 1052 888 1104 De
911 1053 1042 1105 unitate
1060 1055 1190 1116 ordinis

136 1134 266 1187 ibidem
277 1133 606 1200 procuranda.-30
619 1131 900 1185 decembris1888.

244 1241 306 1296 Pro
325 1239 566 1312 gratulationibus
584 1239 623 1294 ab
636 1237 744 1294 Ordine
766 1237 796 1292 S.
817 1237 887 1293 Ben.
900 1237 1035 1308 acceptis,
1058 1237 1188 1292 Pontifex

206 1329 296 1389 grata
314 1320 387 1389 vice,
407 1322 445 1377 ad
466 1321 573 1376 bunum
594 1317 723 1389 ejusdem
746 1317 864 1374 Ordinis
887 1316 1098 1388 procurandum
1123 1335 1189 1375 sese

207 1397 316 1456 iterato
336 1401 445 1456 confert
467 1413 528 1468 203.
548 1427 584 1438 -
604 1396 717 1453 Recolii
736 1397 896 1467 Collegium
919 1399 948 1454 S.
965 1397 1094 1453 Auseimi
1116 1413 1135 1454 a
1155 1414 1188 1454 se

208 1477 387 1551 restitutum,
406 1481 524 1551 ejusque
553 1493 671 1548 scopum
696 1475 841 1548 duplicem
865 1476 980 1548 exponit
1001 1475 1130 1533 scientiae
1154 1493 1188 1532 ac

208 1557 375 1631 disciplinae
398 1561 602 1632 promovendae
624 1570 685 1625 003.
712 1586 748 1596 -
769 1557 857 1627 Cujus
878 1555 995 1612 alterius
1014 1556 1093 1628 scopi
1115 1557 1188 1612 ratio

206 1639 348 1709 postulat,
358 1649 389 1696 nt
401 1640 535 1711 quaedam
548 1643 577 1696 in
590 1636 750 1696 Austriacis
761 1637 943 1692 monasteriis
954 1637 1051 1706 vigeat
1061 1636 1187 1708 discipli·

209 1733 257 1772 nae
269 1718 377 1788 unitas,
389 1733 510 1790 summe,
520 1720 557 1776 ad
574 1719 721 1790 augendas
734 1715 818 1786 vires,
832 1716 981 1772 monachis
994 1715 1187 1789 optabilis‚nti

206 1804 335 1852 testatur
344 1799 407 1870 ipsa
421 1799 539 1855 Ordinis
551 1795 725 1857 benedictini
737 1795 857 1852 historia
869 1811 930 1863 004.
938 1825 974 1838 -
984 1796 1080 1866 Quare
1090 1794 1186 1850 Ponti·

207 1875 254 1930 fex
276 1878 403 1949 injungit
421 1879 584 1936 Abbatibus
604 1888 634 1935 et
656 1877 811 1946 Prioribus,
839 1887 870 1931 ut
891 1875 1041 1932 consulant
1061 1873 1136 1930 inter
1154 1891 1186 1930 se

207 1955 245 2010 de
258 1957 366 2013 mediis
383 1960 421 2015 ad
432 1960 509 2015 11000
526 1960 665 2031 majorem
678 1957 817 2013 unitatem
829 1957 1039 2028 procurandam
1051 1962 1185 2026 opportu-

206 2033 262 2104 nis,
280 2038 386 2093 eadem
404 2037 466 2109 ipsc
477 2039 649 2110 probaturus
666 2051 727 2104 204
744 2067 781 2078 -
794 2039 881 2095 Diem
899 2045 1057 2093 conventus
1075 2031 1185 2104 indicit,

207 2115 331 2188 ejusque
344 2118 487 2188 objectum
500 2119 603 2174 diffinit
617 2133 677 2185 204
691 2150 728 2162 -
746 2121 853 2192 Quales
866 2129 945 2192 optet
959 2117 1186 2174 Constitutiones

207 2212 303 2251 novas
312 2195 436 2253 insinuat
447 2211 506 2269 005.
516 2228 551 2238 -
564 2200 708 2257 Caveatur
717 2219 734 2256 a
741 2201 853 2273 privato
863 2199 983 2270 peculio,
993 2197 1088 2252 officia
1095 2195 1186 2252 nitide

209 2277 420 2346 describantur,
443 2277 594 2347 stabilitas,
614 2277 729 2352 vitaque
750 2279 921 2347 communis,
940 2276 1056 2332 familiae
1073 2275 1187 2331 vincula

210 2355 380 2411 muniantur
392 2369 452 2427 005.
468 2387 504 2398 -
518 2358 594 2414 Loco
607 2359 780 2416 famulorum
792 2357 988 2428 extrariorum,
1005 2357 1071 2412 laici
1083 2355 1185 2411 fratres

207 2435 403 2493 adhibeantur
415 2449 477 2507 005.
495 2467 530 2478 -
546 2439 697 2493 Silentium
712 2456 747 2494 ac
763 2439 895 2496 clausura
915 2445 1061 2492 serventur
1073 2448 1135 2504 005.
1149 2463 1186 2475 -

210 2515 295 2587 Opus
316 2516 372 2570 Dei
393 2533 505 2572 summe
522 2517 633 2572 colatur
647 2529 708 2588 005.
721 2547 757 2560 -
780 2520 824 2572 Ex
843 2517 888 2572 his
909 2513 1058 2573 elementis
1077 2530 1183 2571 novum

210 2594 315 2653 Ordini
329 2596 425 2666 decus,
434 2607 464 2652 et
475 2597 569 2668 majus
577 2597 709 2655 fidelibus
721 2599 829 2653 bonum
836 2596 986 2669 prosilient
998 2607 1058 2664 005.

181 2707 233 2758 46.
248 2706 461 2758 EPISTOLA
475 2708 516 2758 ad
532 2709 583 2759 111.
598 2709 785 2761 Antonium
798 2709 908 2760 Floras
932 2706 1184 2768 AEquatorianae

145 2781 351 2847 Reipublicae
381 2787 569 2838 Praesldem.
593 2812 630 2823 -
660 2788 709 2840 De
733 2789 952 2840 vicariaiibus
971 2791 1075 2849 apost.
1094 2797 1184 2837 ama·

144 2866 381 2930 zonlclsplagis
392 2867 643 2920 constituendis.
658 2867 911 2932 -sojauuaril
925 2865 1043 2916 1889...
1205 2871 1257 2926 207

249 2969 381 3026 Pontifex
401 2971 520 3028 Praesidi
538 2989 572 3028 ac
585 2973 691 3044 populo
704 2971 921 3045 AEquatorianae
942 2969 1119 3042 Reipublicae
1136 2985 1188 3040 pro

212 3051 356 3121 expressis
368 3051 489 3121 epistola
506 3053 639 3108 sensibus
656 3053 765 3123 gratias
776 3050 836 3122 agit
853 3063 913 3116 207.
926 3079 963 3090 -
975 3047 1134 3105 Consilium
1150 3048 1189 3104 de

211 3128 308 3186 Vicar.
333 3131 432 3200 Apost.
459 3130 488 3185 in
512 3133 694 3189 Amazonicis
718 3132 811 3203 plagis
835 3128 1043 3186 constituendis
1074 3129 1187 3199 egregie

211 3209 420 3276 1001101οο7-
432 3211 535 3281 Sperat
547 3210 608 3268 fore
620 3222 652 3267 ut
661 3227 727 3267 mox
738 3211 860 3267 feliciter
868 3210 907 3264 ad
914 3209 1021 3264 exitum
1029 3208 1187 3264 deducatur

214 3302 280 3354 ²07·
300 3316 338 3328 -
357 3289 471 3344 Exinde
492 3289 612 3347 Praesidi
634 3292 759 3362 amplam
782 3290 945 3347 mercedem
966 3297 1048 3359 optat
1067 3287 1128 3342 208.
1149 3315 1186 3325 -

211 3365 332 3423 Praesidi
344 3385 379 3424 ac
388 3370 494 3439 populo
506 3371 623 3443 AEqunt.
634 3371 736 3427 iterum
748 3367 1024 3427 laudatisbeuedicit
1035 3367 1095 3422 208.

181 3477 232 3533 ir.
261 3482 468 3533 LITTERAE
489 3483 764 3537 APOSTOLICAE
793 3485 834 3536 de
863 3485 1029 3535 catholica
1054 3481 1184 3533 studio-

148 3565 219 3610 rum
243 3561 459 3612 universitate
480 3562 517 3612 in
539 3562 676 3615 civitate
689 3564 887 3616 Ottawiensi
906 3562 1125 3614 instituenda.
1150 3583 1187 3596 ·-

147 3633 338 3691 5februaril
355 3639 470 3692 188⁹...
1152 3650 1257 3704 ...209

253 3742 383 3800 Pontifex
395 3755 517 3803 testatur
529 3747 691 3804 Ecclesiam
703 3750 862 3805 studiorum
884 3767 998 3821 semper
1011 3749 1099 3804 fuisse
1111 3747 1188 3802 solli·
1241 3755 1246 3775 ·

218 3824 304 3880 citam
313 3841 372 3894 209.
380 3854 417 3865 -
425 3826 536 3882 laudat
546 3827 697 3898 collegium
708 3829 829 3886 Ottawae
841 3829 961 3900 aprime
969 3827 1099 3898 ejusdem
1111 3827 1188 3883 sedis

220 3903 365 3976 Episcopo
377 3905 537 3962 institutum
551 3921 612 3976 2⁰9·
624 3937 660 3948 -
681 3908 895 3964 Postulantibus
908 3917 938 3964 ut
957 3908 1051 3964 eidem
1068 3906 1189 3978 collegio

219 3985 369 4042 catholicae
392 3985 586 4042 universitatis
610 3987 736 4058 dignitas
767 3987 937 4056 conferatur,
962 3987 1055 4042 libens
1080 3985 1191 4055 annuit,

219 4062 320 4119 intuitu
329 4063 385 4121 loci
397 4076 609 4138 peropportune
620 4067 703 4122 electi
716 4067 817 4122 adhoc
826 4082 948 4133 munus;
961 4065 1065 4121 intuitu
1076 4081 1192 4137 quoque

220 4143 385 4200 meritorum
411 4142 648 4216 congregationis
673 4147 834 4203 oblatorum
859 4147 932 4200 Mar.
957 4147 1084 4216 immac,
1109 4145 1190 4215 cujus

221 4222 334 4297 laudem
355 4225 482 4281 celebrat
504 4239 564 4280 010.
582 4255 617 4264 -
631 4225 802 4280 Solemniter
820 4225 915 4280 evehit
935 4224 1087 4294 collegium
1109 4223 1191 4280 Otta-

223 4303 327 4360 wiense
335 4305 372 4359 ad
384 4305 505 4374 gradum
515 4303 665 4360 catholicae
678 4302 881 4360 Universitatis
894 4319 954 4360 210.
967 4334 1002 4343 —
1016 4306 1108 4374 Leges
1118 4303 1192 4374 ejus·

221 4383 287 4438 dem
300 4383 368 4439 Sedi
384 4385 560 4454 Apostolicae
573 4383 774 4456 approbandas
787 4385 914 4455 exposcit
927 4398 987 4439 211.
997 4413 1033 4424 -
1046 4384 1193 4440 Cancella·
