3230 4874
289 911 329 949 10⁰

253 965 334 1022 quoad
343 963 381 1008 in-

229 1022 355 1070 temissio·

230 1095 283 1126 nene
293 1083 381 1130 studio·

231 1153 298 1194 runc,-

290 1411 318 1443 η

253 1457 380 1504 deitatibus

229 1531 244 1562 a
254 1517 380 1577 benefacio·

229 1575 297 1622 ribus
306 1575 380 1636 conse·

231 1635 319 1687 mdis,

266 3347 383 3406 Pontifex

230 3405 279 3452 rite
306 3408 382 3452 omni·

230 3466 272 3510 bus
306 3471 382 3512 orato·

231 3537 287 3569 runt
303 3531 380 3582 postu·

230 3583 361 3629 dationibus

230 3643 328 3688 annuit.

416 397 481 468 132
503 396 651 448 LITTER.
665 395 790 447 apost.
807 381 827 410 ‘¹
842 393 1115 444 SEMPITERNAM
1134 389 1315 444 DOMlNlCl
1338 385 1474 439 camis
1491 417 1512 446 ,r

410 487 1511 517 -.-.--—--—--—-——---

409 567 479 632 dire
495 565 648 630 videatur
672 573 709 628 ut
734 563 773 626 iis
797 571 990 626 assuescant
1017 561 1118 625 sacris
1143 559 1320 636 exercitiis,
1344 557 1512 642 quibusin

410 680 579 754 posterum
610 667 786 733 vacabunt.
817 667 996 732 Missurum
1032 685 1111 732 vero
1141 663 1317 748 stipendia,
1353 682 1440 746 quas
1476 681 1514 724 eo

409 781 560 856 ternpore
585 769 812 846 celebrabunt,
841 769 873 831 in
904 769 1074 834 seminarii
1104 767 1269 833 aerarium
1296 765 1514 840 conferentur,

409 879 511 963 ipsius
522 877 711 960 sumptibus
723 875 1011 958 impendenda-
1025 891 1072 940 10.
1084 877 1267 960 Postquam
1284 873 1515 958 philosophiae

409 981 508 1047 linem
525 979 662 1046 fecerint
677 979 813 1056 alumni,
833 981 860 1043 si
885 997 1000 1044 eorum
1023 989 1058 1044 et
1079 979 1247 1044 seminarii
1263 975 1403 1044 utilitati
1419 973 1514 1059 profr-

408 1105 506 1150 cuum
522 1085 659 1150 duxerit
676 1084 866 1148 moderator
881 1081 993 1146 studia
1008 1081 1229 1148 intermittere
1240 1101 1300 1167 per
1314 1099 1443 1146 annum
1461 1089 1514 1143 aut

408 1189 561 1274 amplius,
585 1189 659 1272 cogi
687 1195 853 1269 poterunt,
877 1194 913 1249 ut
929 1185 1054 1250 ibidem
1081 1185 1252 1252 inferiores
1267 1185 1406 1250 tradant
1421 1185 1515 1248 disci·

408 1295 525 1380 plinas,
536 1303 637 1376 atque
650 1293 696 1355 ita
710 1291 752 1355 ad
766 1289 952 1372 superiores
963 1290 1194 1373 percipiendas
1206 1290 1352 1374 aptiores
1361 1287 1515 1352 evadant

320 1432 325 1442 ·
407 1437 450 1448 -
470 1416 517 1462 11.
534 1397 570 1464 Si
587 1396 661 1480 quis
684 1395 781 1460 huius
806 1395 916 1478 operis
943 1396 1149 1478 praestantia
1173 1395 1294 1460 ductus
1309 1395 1353 1458 ad
1369 1393 1516 1458 salutife

408 1522 480 1566 rum
497 1502 568 1564 eius
584 1499 684 1564 finem
708 1497 858 1563 conferre
879 1498 1029 1577 voluerit,
1054 1500 1125 1563 voti
1152 1519 1292 1582 compos
1318 1495 1405 1562 effici
1423 1496 1515 1560 facile

407 1605 539 1692 poterit,
554 1604 653 1668 unius
668 1611 727 1668 aut
742 1603 886 1686 plurium
909 1601 1171 1667 adolescentium
1187 1611 1343 1686 sumptus
1359 1601 1513 1684 suppedi-

407 1709 522 1786 tando,
545 1707 615 1771 sive
639 1715 810 1789 perpetuo,
840 1707 910 1770 sive
934 1706 977 1770 ad
1003 1715 1130 1770 certum
1162 1715 1317 1790 tempus3
1348 1714 1384 1770 at
1417 1704 1514 1769 solius

407 1810 627 1876 moderatoris
657 1809 720 1874 erit
750 1809 793 1873 de
815 1809 951 1874 dotibus
982 1809 1130 1874 iudicare
1157 1829 1244 1894 quae
1270 1817 1308 1874 ut
1338 1809 1514 1874 seminario

407 1916 638 1980 adscribantur
652 1913 874 1998 requiruntur,
889 1924 961 1978 tum
977 1914 1080 1979 etiarn
1096 1924 1135 1980 ut
1149 1915 1182 1978 in
1196 1933 1236 1979 eo
1252 1933 1466 1998 perseverare
1481 1935 1514 1978 ac

407 2020 561 2104 progredi
587 2020 619 2083 in
644 2019 763 2084 studiis
788 2019 927 2102 possint.
953 2017 1067 2102 Quum
1095 2027 1208 2084 autem
1240 2037 1376 2082 necesse
1409 2019 1453 2082 sit
1483 2029 1514 2082 ut

407 2129 525 2190 horum
543 2123 662 2208 aliquis
678 2143 697 2189 e
712 2125 892 2188 seminario
903 2121 1063 2200 discedat,
1076 2123 1237 2206 pecuniae
1247 2123 1290 2187 ad
1303 2123 1375 2186 eius
1385 2122 1514 2186 institu-

408 2227 535 2292 tionem
548 2227 695 2292 donatae
707 2226 780 2290 aliis
793 2225 1013 2290 informandis
1025 2227 1258 2302 attribuentur,
1267 2245 1352 2309 quos
1365 2223 1512 2290 beneficii

407 2332 528 2414 dignos
554 2329 643 2394 idem
670 2329 860 2394 moderator
891 2329 1113 2394 iudicarit-
1140 2347 1187 2395 12.
1214 2329 1345 2396 Omnes
1371 2328 1512 2412 denique

407 2435 534 2498 alumni
550 2433 698 2496 divinam
712 2433 872 2513 pietatem
885 2451 1026 2495 exorare
1037 2432 1203 2497 curabunt
1216 2433 1363 2516 primum
1379 2433 1511 2516 quidem

407 2557 468 2620 pro
492 2523 625 2600 summo
651 2533 872 2611 benefactore,
899 2534 1025 2599 scilicet
1051 2555 1113 2618 pro
1143 2536 1186 2602 D.
1209 2536 1364 2601 Antonio
1394 2536 1512 2619 Lopcr,

407 2641 543 2722 eiusque
558 2637 670 2702 liberis
683 2659 690 2716 ;
706 2638 827 2701 deinde
855 2659 934 2702 vero
949 2659 1011 2721 pro
1027 2640 1145 2705 ceteris
1160 2659 1303 2723 quorum
1320 2661 1387 2723 ope
1400 2661 1511 2706 eorum

406 2741 607 2806 institutioni
645 2740 848 2806 subvenitur.
880 2741 1001 2824 Itaque
1031 2751 1162 2824 praeter
1194 2763 1251 2807 eas
1288 2763 1405 2825 preces
1434 2763 1512 2827 quas

408 2864 536 2907 memor
558 2855 716 2927 suggerat
742 2845 883 2922 animus,
908 2843 1039 2928 singuli,
1063 2845 1121 2929 qui
1148 2847 1338 2913 sacerdotes
1364 2850 1511 2914 nondum

407 2946 537 3026 fuerint,
563 2947 666 3011 semel
688 2949 721 3011 in
747 2947 961 3013 hebdomada
985 2968 1088 3013 unam
1115 2951 1153 3017 B.
1169 2949 1211 3016 V.
1228 2971 1398 3028 coronam,
1412 2953 1511 3016 semel

406 3059 518 3113 autem
541 3049 573 3113 in
593 3070 706 3114 mense
722 3069 850 3114 sacram
868 3053 1139 3117 communionem
1163 3053 1252 3118 hunc
1267 3053 1301 3117 in
1318 3053 1420 3120 finem
1435 3053 1511 3120 offe-

406 3163 487 3217 rent
513 3151 736 3219 Sacerdotum
763 3163 875 3216 autem
905 3173 998 3232 unus,
1026 3167 1126 3238 prout
1142 3157 1334 3221 moderator
1349 3177 1512 3241 quemque

406 3257 638 3341 designaverit,
663 3277 792 3321 sacrum
823 3257 925 3321 semel
951 3260 984 3322 in
1001 3259 1215 3325 hebdomada
1231 3260 1339 3326 faciet.
1356 3299 1400 3312 -
1422 3260 1514 3344 Quae

407 3382 511 3444 quum
527 3363 575 3426 ita
590 3361 657 3426 sint
669 3381 786 3425 omnes
799 3369 832 3424 et
848 3361 998 3444 singulos
1009 3363 1130 3445 quibus
1146 3363 1210 3428 hae
1226 3364 1357 3430 litterae
1375 3365 1514 3429 Nostrae

408 3463 520 3529 favent
536 3483 556 3528 a
571 3463 744 3547 quibusvis
760 3465 1120 3530 excommunicationis
1136 3477 1169 3532 et
1185 3467 1364 3546 interdicti,
1380 3469 1514 3550 aliisque

406 3565 639 3632 ecclesiasticis
666 3566 822 3644 censuris,
848 3569 1022 3632 sententiis
1048 3578 1081 3634 et
1112 3570 1231 3652 poenis
1261 3571 1513 3654 quovismodo,
1592 3629 1593 3634 ,

408 3669 459 3734 vel
487 3671 604 3756 quavis
620 3671 662 3734 de
677 3690 795 3734 caussa
822 3671 907 3750 latis,
934 3674 961 3736 si
989 3695 1073 3759 quas
1089 3674 1175 3739 forte
1191 3675 1398 3754 incurrerint,
1419 3675 1510 3740 huius

407 3782 540 3837 tantum
556 3774 602 3837 rei
618 3771 727 3856 gratia
754 3773 965 3840 absolventes
992 3787 1026 3842 et
1052 3775 1225 3843 absolutos
1241 3779 1312 3844 fore
1334 3789 1510 3853 censentes,

406 3885 439 3939 ct
470 3877 578 3940 eidem
611 3875 735 3940 dilecto
762 3875 831 3940 tilio
859 3877 1002 3943 Claudio
1029 3881 1283 3948 benevolentiae
1314 3883 1457 3949 Nostrae
1478 3891 1511 3945 et

405 3979 575 4062 quaesitae
602 3998 739 4043 suorum
764 3983 991 4062 praestantiae
1019 3983 1214 4049 meritorum
1241 3986 1350 4050 laudis
1366 3987 1508 4051 testimo-

406 4084 497 4147 nium
525 4083 686 4148 exhibere
711 4084 860 4148 volentes
875 4087 955 4150 'eius
971 4089 1057 4152 votis
1084 4099 1119 4153 et
1141 4090 1440 4174 supplicationibus
1455 4109 1507 4155 an·

405 4185 575 4250 nuendum
589 4189 787 4253 censuimus.
800 4187 919 4272 ltaque
930 4191 1129 4257 seminariis
1140 4191 1173 4258 S.
1185 4193 1338 4261 Antonio
1352 4193 1504 4260 Patauino

407 4291 589 4372 nuncupati
605 4291 639 4354 in
656 4293 818 4356 dioecesis
835 4291 1127 4359 Santanderiensis
1143 4297 1270 4380 oppido
1289 4295 1500 4368 ‹comitiae›

405 4393 504 4455 erecti
520 4401 655 4472 statuta,
667 4415 723 4459 seu
737 4396 839 4477 leges,
852 4397 966 4461 decem
984 4398 1225 4483 comprehensa
1240 4401 1415 4486 capitibus,
1426 4413 1503 4483 quae
