3310 4868
443 646 544 720 Qun
570 648 789 708 nnueuu
820 647 1147 708 saruucrrnu
1177 647 1367 709 noman.

382 744 389 781 ²
527 795 912 859 coumumonam
946 797 1283 862 nsvocnnrun.
1422 750 1428 761 ’

229 1147 243 1180 2
386 1099 742 1250 fflssATERNA
766 1104 896 1181 caritas,
919 1125 986 1188 qua
1009 1113 1120 1186 partes
1147 1123 1264 1169 omnes
1288 1103 1459 1169 Dominici

199 1147 293 1299 Jjssplf
346 1101 497 1476 {VR
558 1209 669 1293 gregis
688 1208 951 1291 complectimur,
967 1209 998 1272 vi
1015 1210 1201 1292 naturaque
1223 1228 1283 1272 sua
1306 1219 1358 1272 est
1373 1207 1457 1272 eius·

498 1253 537 1477 Ξ
559 1314 660 1390 modi,
686 1322 724 1376 ut
750 1311 846 1388 laeta,
869 1313 985 1390 tristia,
1008 1332 1239 1396 quaecumque
1262 1314 1392 1396 uspiam
1422 1312 1456 1376 in

208 1413 323 1472 Ponrtsex
559 1417 739 1482 christiana
763 1415 932 1497 republica
955 1417 1123 1494 eveniunt,
1145 1417 1264 1481 intima
1289 1416 1363 1480 Nos
1386 1435 1457 1500 per·

166 1473 322 1602 ‘mritis‘
347 1527 516 1606 petudque
545 1520 849 1587 communicatione
873 1520 1067 1585 sentiamus.
1099 1520 1219 1603 ltaque
1249 1520 1335 1584 sicut
1358 1530 1458 1586 antea

169 1590 323 1709 mum
348 1645 492 1710 magnus
507 1646 547 1690 ac
562 1627 739 1689 diuturnus
755 1625 787 1688 in
804 1625 919 1688 animo
936 1624 1061 1689 Nostro
1072 1624 1239 1690 insederat
1249 1623 1355 1700 dolor,
1366 1624 1456 1708 quod

171 1708 322 1816 2⁰3ngss
347 1731 485 1814 quidam
513 1749 557 1794 ex
582 1728 747 1792 Armenia
772 1737 883 1810 gente,
899 1728 1094 1810 praesertim
1110 1727 1144 1790 in
1162 1729 1243 1792 urbe
1259 1727 1456 1794 Constanti·

49 1823 51 1828 ’
163 1827 282 1888 fecerant.
349 1833 472 1917 nopoli,
488 1853 561 1898 sese
583 1852 605 1895 a
629 1831 777 1896 fraterno
799 1841 897 1895 coetu
921 1841 1034 1896 vestro
1048 1831 1286 1908 seiunxissent,
1302 1832 1349 1895 ita
1365 1849 1455 1894 nunc

347 1937 511 2003 laetitiam
527 1937 680 2021 capimus
693 1935 896 2018 singularem
912 1956 951 2000 ac
962 1937 1178 2000 vehementer
1188 1945 1353 2020 optatam,
1363 1934 1454 2019 quod

346 2039 523 2106 dissidium
540 2039 632 2116 illud,
650 2039 714 2102 Dei
732 2037 903 2116 beneficio,
918 2039 1092 2122 auspicato
1107 2039 1346 2122 conquieverit.
1362 2037 1455 2101 Dum

347 2156 460 2210 autem
477 2143 666 2210 restitutam
683 2142 791 2208 Vobis
806 2142 1020 2208 concordiam
1037 2163 1224 2227 pacemque
1239 2140 1458 2226 gratulamur,

347 2259 534 2334 temperare
563 2249 670 2313 Nobis
697 2249 883 2332 nequimus,
909 2248 989 2332 quin
1006 2249 1079 2313 Vos
1106 2249 1279 2313 hortemur
1294 2246 1405 2324 enixe,
1421 2255 1460 2309 ut

346 2355 479 2420 divinae
505 2354 666 2418 bonitatis
693 2363 761 2418 tam
789 2354 917 2436 grande
941 2372 1061 2416 munus
1088 2353 1256 2417 custodire
1278 2351 1396 2417 sedulo
1422 2359 1458 2416 et

215 2491 260 2538 Aa
280 2493 322 2539 ,m
346 2479 468 2541 augere
494 2458 665 2523 studeatis.
691 2455 770 2540 Quo
794 2465 907 2520 autem
933 2456 997 2518 hoc
1023 2455 1284 2539 consequamini,
1299 2454 1455 2520 videlicet

170 2564 259 2597 Μ’
275 2566 323 2598 m·
347 2561 436 2625 idem
453 2581 570 2644 sapere
585 2561 742 2644 idemque
765 2561 798 2624 in
824 2560 873 2638 iis,
893 2578 979 2642 quae
1005 2560 1049 2623 ad
1066 2559 1260 2643 religionem
1277 2559 1458 2643 pertinent,

171 2612 322 2716 umga-
348 2667 478 2742 sentire,
508 2674 642 2748 oportet
671 2685 788 2729 omnes
812 2666 949 2748 quidem
979 2673 1182 2744 constanter,
1208 2674 1246 2730 ut
1276 2665 1394 2743 facitis,
1421 2665 1454 2728 in

194 2730 302 2775 servient
438 2769 446 2783 ,
509 2769 517 2784 ,
615 2769 622 2784 .
817 2771 823 2784 .
982 2769 989 2784 .

179 2789 312 2858 conarere,
348 2767 539 2832 obedientia
566 2769 643 2832 huic
668 2769 886 2852 Apostolrcae
910 2768 990 2834 Sedr
1006 2788 1225 2852 permanere:
1252 2778 1459 2846 vosautem,

171 2847 322 2967 ,fffflss
347 2871 460 2935 dilecti
492 2869 559 2949 filii,
585 2871 796 2936 Patriarchae
820 2883 940 2949 vestro,
966 2871 1106 2955 aliisque
1136 2871 1368 2952 Antistitibus,
1398 2875 1456 2957 qui

170 2966 322 3072 mium
347 2974 442 3038 vobis
457 2975 528 3038 iure
555 2975 707 3059 legitimo
721 2985 889 3059 praesunt,
905 2973 1047 3040 fideliter
1070 2976 1207 3041 subesse
1233 2988 1267 3042 et
1282 2978 1457 3062 obtempe-

347 3099 428 3144 rare.
454 3116 498 3129 -
525 3078 695 3163 Quoniam
722 3099 801 3143 vero
817 3081 859 3142 ad
876 3080 963 3142 hanc
980 3079 1088 3161 ipsam
1112 3080 1302 3165 religiosam
1318 3102 1455 3147 concor-

347 3182 438 3247 diam
478 3183 747 3248 labefactandam
786 3203 888 3265 saepe
927 3181 1097 3246 suboritur
1129 3184 1262 3249 occasio
1299 3205 1376 3251 cum
1410 3204 1456 3248 ex

193 3307 324 3378 'Publicus
348 3287 612 3352 dissensionibus
640 3288 672 3352 in
704 3286 847 3370 publicis
874 3286 1028 3370 negotiis,
1048 3297 1120 3351 tum
1137 3297 1276 3371 propter
1290 3289 1398 3373 iurgia
1413 3291 1459 3353 de

169 3366 324 3472 amssa
348 3391 486 3473 privatis
501 3393 609 3470 rebus,
625 3393 750 3475 primas
775 3392 850 3456 illas
874 3412 895 3455 a
915 3391 1011 3456 vobis
1038 3401 1152 3457 arceat
1180 3391 1289 3457 fidelis
1304 3414 1353 3473 ea,
1369 3414 1457 3478 quae

170 3487 317 3605 ffl‘fssfi
348 3495 593 3577 spectatissima
617 3496 651 3559 in
682 3496 776 3559 vobis
801 3505 862 3574 est,
882 3494 1096 3560 observantia
1122 3505 1155 3560 et
1172 3497 1362 3562 animorum
1378 3497 1456 3560 sub·

180 3579 323 3676 peremant}
347 3597 446 3663 iectio
456 3619 536 3682 erga
556 3619 748 3682 supremum
767 3600 983 3665 Othomauici
1000 3601 1129 3682 imperii
1152 3600 1350 3686 Principem,
1362 3604 1457 3667 cuius

169 3673 323 3785 22:12ssss
348 3714 521 3787 perspecta
550 3703 657 3769 Nobis
674 3713 725 3767 est
741 3705 903 3786 aequitas,
919 3704 1068 3768 studium
1085 3705 1269 3770 servandae
1296 3707 1399 3790 pacis,
1421 3719 1456 3771 et

347 3806 481 3890 egregia
504 3807 537 3871 in
563 3807 635 3871 Nos
657 3808 815 3872 voluntas
842 3806 1019 3871 luculentis
1036 3816 1160 3872 testata
1183 3808 1325 3875 indiciis.
1342 3811 1456 3893 Iurgia

346 3931 425 3975 vero
440 3930 480 3974 ac
496 3911 683 3977 simultates
700 3910 797 3975 facile
812 3933 831 3974 a
847 3911 942 3975 vobis
955 3911 1105 3989 aberunt,
1114 3913 1141 3976 si
1153 3914 1273 3977 vestris
1288 3915 1459 3978 haeserint

346 4014 460 4080 delixa
477 4017 654 4095 mentibus
678 4016 892 4099 moribusque
908 4035 1069 4098 expressa
1085 4015 1208 4081 suerint
1223 4037 1311 4101 quae
1337 4019 1457 4084 beatus

164 4159 252 4219 jurgia
267 4175 322 4208 vero
347 4119 470 4184 Paulus
485 4121 637 4203 gentium
654 4118 841 4202 Apostolus
858 4118 962 4182 tradit
978 4118 1021 4181 de
1039 4119 1178 4184 caritate
1195 4119 1354 4203 perfecta,
1367 4141 1455 4204 quae

185 4221 295 4278 poma.
339 4223 519 4306 patiensac
531 4223 670 4304 benegna
681 4231 736 4299 est,
749 4241 811 4284 non
820 4222 1016 4299 aemulatur,
1033 4243 1095 4286 non
1110 4223 1184 4306 agit
1191 4233 1374 4306 perperam,
1389 4244 1454 4287 non

170 4281 322 4399 (3ἶῖέῖἵῖ
348 4325 493 4411 instatur,
509 4333 635 4388 nonest
654 4323 836 4401 ambitiosa,
863 4344 926 4388 non
949 4325 1080 4408 quaerit
1097 4345 1180 4409 quae
1203 4347 1265 4390 sua
1287 4335 1373 4404 sunt,
1388 4347 1451 4392 nou
