3336 4870
383 403 563 454 snrsnom
592 390 613 418 ‘⁴
631 401 789 453 nnnnnn
816 401 923 454 scrro
951 403 1063 454 noers
1083 436 1104 465 „
1229 403 1298 472 233

187 589 339 645 evertere
351 589 564 664 potestatem,
573 581 706 646 initium
717 579 841 646 excidii
852 579 970 645 acivili
981 579 1169 663 principatu
1185 578 1302 653 secere,

188 692 228 748 ut
238 683 303 747 hoc
312 683 417 749 veluti
427 694 626 768 expugnato
640 685 841 767 deiectoque
854 685 1031 767 praesidio,
1040 682 1074 747 in
1086 683 1178 749 illam
1192 684 1300 766 ipsam

187 797 333 853 conatus
350 807 429 853 suos
444 789 656 872 impetusque
672 797 913 854 converterent.
930 788 971 854 Id
988 789 1055 853 iam
1072 807 1173 872 quam
1186 796 1301 871 aperte

187 893 429 977 obstinateque
444 891 626 960 moliantur
651 913 703 958 res
729 892 910 977 loquitur
900 913 1041 978 1psa.—
997 891 1299 976 —Opportunurn

188 1007 244 1062 est
260 999 362 1081 igitur
377 1018 417 1062 ac
434 1018 639 1082 magnopere
661 998 806 1063 salutare
823 997 952 1063 munire
975 997 1106 1061 animos
1121 996 1300 1080 diligenter
1343 1013 1390 1058 Mu
1391 1014 1477 1060 nunc·

188 1109 309 1165 contra
339 1101 438 1165 huius
469 1103 600 1185 generis
630 1103 764 1185 scripta,
793 1121 834 1165 eo
864 1099 1101 1184 periculosiora
1130 1100 1231 1183 quod,
1262 1073 1476 1178 υτ11***1*,*1*1*11”**

187 1203 382 1288 plurimum,
398 1205 612 1271 simulatione
629 1207 815 1272 modestiae
834 1214 936 1290 atque
952 1204 1114 1270 ementita
1129 1203 1299 1286 religionis
1323 1191 1384 1296 {¹2⁶⁰
1402 1199 1475 1296 mie*

185 1309 303 1392 specie
332 1310 542 1376 multitudini
573 1311 761 1395 imponunt.
799 1347 841 1360 -
879 1309 1083 1376 Caelestium
1121 1328 1297 1374 munerum
1316 1310 1434 1430 ἕξεθ’
1419 1324 1476 1356 oesr

185 1413 361 1496 auspicem
379 1435 418 1479 ac
433 1415 687 1481 benevolentiae
703 1415 849 1482 Nostrae
863 1424 985 1480 testem
1001 1415 1072 1492 tibi,
1087 1413 1298 1480 Venerabilis

187 1517 318 1595 Frater,
330 1527 365 1582 et
380 1517 480 1584 Clero
494 1520 687 1605 populoque
702 1529 762 1585 tuo
777 1519 1012 1602 Apostolicam
1028 1517 1297 1584 benedictionem

186 1632 403 1706 peramanter
417 1623 451 1687 in
464 1623 614 1688 Domino
626 1623 844 1708 impertimus.

237 1723 364 1790 Datum
389 1726 521 1791 Romae
543 1729 633 1811 apud
666 1727 701 1793 S.
733 1728 868 1792 Petrum
898 1727 954 1792 die
986 1746 1023 1810 31
1054 1727 1169 1794 Martii
1208 1729 1299 1810 1889,

187 1829 412 1896 Pontificatus
428 1831 545 1896 Nostri
562 1851 651 1898 anno
666 1831 877 1896 duodecimo.

742 1999 843 2098 nso¹
855 2001 917 2065 Pr.
935 2002 1036 2067 xrn.
