3336 4870
279 1001 308 1048 15
584 963 839 1048 UAMQUAM
866 963 990 1046 pluries
1022 965 1087 1030 iam
1113 966 1298 1050 singulares
1322 977 1395 1035 toto
1420 970 1505 1034 orbe

220 1047 368 1158 “ww
429 1029 548 1277 [Q]
602 1068 854 1150 deprecationes
867 1065 946 1144 lieri,
962 1069 1189 1153 maioremque
1205 1069 1238 1134 in
1257 1071 1394 1136 modum
1410 1092 1504 1136 com-

395 961 582 1343 [ἶέ
602 1171 752 1236 mendari
769 1170 845 1236 Deo
861 1190 930 1236 rem
955 1171 1155 1238 catholicam
1184 1175 1360 1255 iussimus;
1376 1177 1505 1242 nemini

233 1259 371 1364 „ff-22³2*
603 1285 716 1338 tamen
749 1273 868 1340 mirum
899 1273 1063 1338 videatur
1082 1275 1110 1340 si
1140 1275 1204 1341 hoc
1234 1277 1324 1342 idem
1354 1278 1503 1348 officium

217 1385 370 1484 mma&
395 1401 507 1446 rursus
533 1379 770 1444 inculcandum
797 1377 919 1441 animis
943 1376 1007 1441 hoc
1032 1386 1184 1461 tempore
1198 1399 1382 1452 censemus
1400 1419 1442 1435 -
1461 1384 1503 1446 ln

229 1498 356 1544 neuramm
395 1484 493 1547 rebus
523 1482 659 1564 asperis,
689 1479 838 1544 maxime
867 1499 944 1544 cum
971 1489 1112 1562 potestas
1140 1484 1347 1548 tenebrarum
1377 1486 1505 1550 audere

212 1557 369 1675 ,siim
395 1586 599 1670 quaelibet'
590 1604 623 1649 rn
650 1584 831 1668 perniciem
858 1585 1030 1652 christiani
1055 1587 1200 1650 nominis
1230 1608 1331 1671 posse
1360 1590 1506 1667 videtur,

217 1676 369 1794 ξξξηζᾞ·
397 1691 546 1756 Ecclesia
573 1691 707 1774 quidem
733 1688 962 1772 suppliciter'
953 1709 1109 1754 invocare
1125 1691 1248 1770 Deum,
1262 1703 1434 1758 auctorem
1462 1715 1506 1758 ac

216 1797 272 1840 ⁶¹⁰1·
395 1796 560 1861 vindicem
591 1815 698 1872 suum,
728 1793 840 1858 studio
871 1795 1182 1878 perseverantiaque
1213 1797 1339 1862 maiore
1369 1818 1507 1881 semper

395 1898 575 1974 consuevit,
591 1897 750 1962 adhibitis
766 1917 899 1981 quoque
915 1898 1039 1962 sanctis
1062 1898 1245 1978 caelitibus,
1260 1901 1508 1984 praecipueque

395 2015 537 2086 augusta
554 2001 693 2084 Virgine
710 2002 774 2065 Dei
790 2001 959 2085 genitrice,
975 2021 1118 2085 quorum
1135 2004 1322 2085 patrocinio
1347 2003 1506 2068 columen

395 2108 493 2171 rebus
508 2106 575 2169 suis
593 2107 742 2169 maxime
758 2104 849 2169 videt
864 2103 1067 2170 adfuturum.
1085 2106 1218 2172 Piarum
1246 2117 1359 2172 autem
1389 2127 1507 2190 preca·

394 2211 523 2276 tionum
535 2211 730 2293 positaeque
743 2209 775 2271 in
788 2209 901 2273 divina
912 2193 1147 2293 bonitate'spei
1158 2210 1262 2275 serius
1271 2213 1364 2276 ocius
1376 2211 1507 2275 fructus

394 2323 541 2397 apparet.
557 2351 599 2360 -
620 2313 773 2376 lamvero
798 2312 904 2376 nostis
930 2321 1094 2395 tempora,
1109 2312 1328 2378 Venerabiles
1346 2315 1478 2379 Fratres
1498 2337 1505 2378 :

393 2438 480 2501 quae
504 2437 584 2481 sane
611 2415 810 2479 christianae
838 2414 1039 2498 reipublicae
1054 2415 1143 2482 haud
1166 2416 1273 2482 multo
1289 2419 1398 2482 minus
1413 2417 1503 2481 cala-

396 2523 517 2586 mitosa
548 2529 635 2596 sunt,
660 2540 761 2604 quam
788 2538 875 2602 quae
901 2517 991 2583 fuere
1021 2540 1170 2603 unquam
1201 2521 1503 2587 calamitosissima.

393 2626 532 2690 Interire
548 2627 637 2708 apud
655 2623 816 2707 plurimos
831 2623 984 2687 videmus
1000 2624 1201 2706 principium
1228 2628 1381 2691 omnium
1397 2625 1502 2692 virtu-

256 2759 364 2805 caramr.
389 2739 461 2793 tum
486 2728 751 2804 christianarum,
774 2724 895 2790 fidem:
921 2724 1040 2810 frigere
1066 2730 1261 2794 caritatem:
1289 2729 1502 2795 subolescere

215 2825 288 2864 '‘m'‘
317 2833 365 2864 ‘⁷⁶'
392 2832 538 2896 moribus
576 2831 857 2912 opinionibusque
887 2832 1105 2913 depravatam
1143 2832 1378 2898 iuventutem:
1409 2833 1500 2898 IESU

225 2882 355 2994 ‘essaffffffm
392 2935 550 3002 CHRISTI
567 2935 753 2998 Ecclesiam
778 2936 810 2996 vi
835 2943 870 2998 et
895 2945 970 2998 astu
995 2955 1040 2998 ex
1065 2937 1158 3000 omni
1180 2947 1275 3019 parte
1290 2939 1503 3021 oppugnari:

230 2996 350 3046 ‘mmm
392 3040 516 3104 bellum
542 3048 641 3102 atrox
665 3058 741 3102 cum
759 3037 960 3102 Pontificatu
977 3039 1069 3120 geri:
1082 3040 1167 3122 ipsa
1194 3040 1364 3123 religionis
1379 3041 1501 3104 funda-

393 3153 506 3208 menta
521 3151 690 3206 crescente
702 3143 735 3205 in
752 3141 823 3205 dies
835 3141 976 3206 audacia
992 3140 1192 3236 labefactpri.
1207 3143 1286 3228 Quo
1300 3145 1500 3209 descensum

392 3248 575 3313 novissimo
602 3255 753 3328 tempore
780 3245 832 3322 sit,
848 3255 882 3308 et
897 3245 978 3328 quid
995 3245 1106 3310 adhuc
1119 3249 1265 3329 agitetur
1280 3249 1410 3326 animis,
1425 3249 1503 3332 plus

393 3360 443 3414 est
459 3349 524 3412 iam
542 3349 723 3432 cognitum,
735 3369 836 3429 quam
853 3357 890 3413 ut
907 3347 1016 3412 verbis
1031 3349 1193 3413 declarari
1208 3361 1372 3434 oporteat.

216 3482 314 3530 nonnos
312 3483 366 3527 a·-
437 3453 523 3517 Tam
539 3451 664 3516 difficili
682 3452 869 3534 miseroque
884 3460 984 3528 statu,
1001 3452 1161 3535 quoniam
1190 3456 1280 3520 mala
1297 3465 1384 3534 sunt,
1398 3476 1502 3539 quam

214 3543 366 3648 ξζξζηὼξζξ
393 3558 539 3623 remedia
562 3557 719 3634 humana,
736 3557 871 3633 maiora,
887 3565 991 3620 restat
1018 3568 1055 3620 ut
1070 3577 1091 3620 a
1105 3557 1220 3623 divina
1247 3560 1371 3624 virtute
1391 3560 1503 3624 omnis

392 3683 506 3727 eorum
532 3662 678 3744 petenda
702 3659 835 3723 sanatio
862 3660 972 3724 sit.-
990 3659 1066 3724 Hac
1093 3661 1136 3724 de
1163 3683 1281 3728 caussa
1308 3662 1502 3728 laciendum

391 3766 607 3842 duximus,ut
622 3764 782 3847 pietatem
799 3763 915 3845 populi
930 3762 1101 3826 christiani
1118 3766 1161 3828 ad
1173 3766 1420 3849 implorandam
1432 3776 1503 3832 stu·

390 3871 516 3936 diosius
532 3878 567 3932 et
582 3867 790 3932 constantius
807 3866 872 3930 Dei
889 3867 1130 3949 omnipotentis
1153 3889 1253 3952 opem
1276 3871 1503 3938 incitaremus.

391 3972 567 4048 Videlicet,
579 3971 871 4055 appropinquante
887 3971 954 4034 iam
969 3989 1084 4035 mense
1095 3971 1245 4051 Octobri,
1254 3995 1354 4058 quem
1368 3974 1502 4058 Virgini

391 4077 519 4140 Mariae
531 4096 551 4138 a
561 4074 701 4136 Rosario
710 4073 859 4136 dicatum
875 4093 947 4137 esse
963 4072 1045 4137 alias
1057 4075 1275 4154 decrevimus,
1285 4077 1504 4141 vehementer

390 4181 572 4257 hortamur,
595 4187 633 4242 ut
659 4178 810 4242 maxima
836 4197 903 4260 qua
929 4175 998 4241 fieri
1030 4189 1142 4260 potest
1170 4179 1339 4262 religione,
1366 4180 1505 4264 pietate,

392 4281 577 4364 frequentia
602 4281 724 4345 mensis
749 4281 805 4344 ille
829 4288 921 4344 totus
947 4279 1010 4344 hoc
1033 4301 1123 4344 anno
1139 4292 1265 4364 agatur.
1280 4321 1324 4332 -
1340 4283 1503 4350 Paratum

393 4385 546 4447 novimus
567 4385 600 4446 in
618 4393 769 4448 materna
784 4383 934 4466 Virginis
950 4384 1101 4450 bonitate
1128 4384 1315 4469 perfugium
1332 4407 1503 4472 :spesque
