3310 4868
594 495 915 580 EPISTOLA

385 1275 442 1340 ST
467 1295 549 1339 sane
572 1273 751 1339 molestum
776 1283 811 1339 et
837 1293 948 1356 grave,
967 1273 1127 1337 adhibere
1160 1274 1308 1337 severius
1335 1295 1488 1378 mam

403 1399 470 1456 eos,
487 1379 545 1462 qui
572 1379 646 1443 loco
674 1377 816 1443 filiorum
833 1377 1035 1460 diligantur:
1064 1377 1097 1440 id
1119 1385 1232 1441 tamen
1254 1376 1306 1440 vel
1377 1384 1444 1432 1888·

403 1483 499 1548 inviti
531 1485 735 1566 quandoque
760 1483 886 1546 saciant
909 1490 1053 1564 oportet,
1078 1481 1135 1564 qui
1161 1480 1305 1546 aliorum
1369 1494 1485 1554 Ponnfex

404 1588 548 1650 salutem
565 1605 742 1669 procurare
757 1605 796 1649 ac
823 1586 907 1649 tueri
933 1595 1049 1648 sancte
1064 1583 1199 1649 debent.
1217 1584 1305 1648 Mul·
1331 1558 1484 1660 {ffiwr'uss

194 1701 298 1773 toque
314 1689 502 1752 severitatis
528 1698 609 1753 tunc
636 1698 687 1753 est
715 1691 894 1753 necessitas
917 1689 1031 1765 maior,
1051 1709 1127 1752 cum
1149 1708 1217 1752 non
1234 1688 1305 1752 sine
1329 1687 1401 1792 ᾗῇ*
1424 1672 1485 1778 ,2²2¹

193 1812 312 1856 caussa
325 1793 486 1855 metuitur
497 1813 538 1855 ne
554 1802 588 1855 et
599 1793 752 1874 graviora
763 1789 845 1856 fiant
855 1793 1071 1856 incommoda
1084 1791 1305 1873 productione
1326 1797 1398 1850 prum
1410 1790 1483 1861 qued

332 1895 340 1910 ,
484 1895 492 1910 ,
719 1897 726 1910 ,
1330 1851 1387 1897 dam
1416 1865 1484 1910 cnju-

194 1895 533 1978 tempor1s‚etlat1us
549 1897 592 1960 ad
608 1895 827 1960 offensionem
838 1897 1005 1960 bonorum
1017 1895 1132 1959 fluant.
1149 1931 1192 1944 -
1202 1895 1304 1958 Tales
1360 1911 1452 1958 »aarum

194 2007 230 2062 te
241 2019 380 2063 caussae
395 2000 560 2076 videntur,
576 1999 790 2064 Venerabilis
807 2000 934 2078 Frater,
949 2018 1055 2082 nuper
1067 1997 1250 2082 impulisse,
1266 2007 1304 2062 ut
1321 1969 1483 2077 {mim

194 2123 258 2185 pro
273 2112 443 2185 potestate
467 2105 501 2167 in
527 2103 887 2186 scriptum'quoddam
914 2103 1206 2179 animadverteres,
1222 2121 1304 2166 saue

195 2207 518 2290 reprehendendum,
530 2209 620 2291 quod
631 2217 719 2272 esset
735 2209 769 2271 in
786 2203 915 2272 s'acram
930 2207 1174 2288 Episcoporum
1187 2215 1302 2270 aucto-

193 2309 329 2374 ritatem
358 2311 563 2389 iniuriosum,
579 2331 687 2394 neque
712 2331 816 2374 unum
838 2311 984 2393 aliquem
1013 2330 1057 2372 ex
1078 2309 1126 2372 eis
1142 2318 1301 2391 carperet,

193 2414 253 2477 sed
271 2415 452 2497 plurimos:
467 2436 610 2499 quorum
626 2416 749 2499 agendi
766 2415 970 2498 regendique
983 2415 1068 2478 ratio
1084 2414 1131 2477 sic
1147 2422 1219 2477 erat
1233 2414 1301 2477 acri

193 2518 362 2603 descripta
381 2521 460 2585 stilo
474 2531 509 2584 et
531 2541 636 2604 prope
651 2522 685 2585 in
702 2521 863 2584 iudicium
880 2529 1009 2592 vocata,
1024 2517 1120 2601 quasi
1141 2519 1301 2583 maximis

192 2623 386 2706 sanctisque
413 2625 607 2689 muneribus
626 2624 819 2689 defuissent.
840 2661 885 2672 —
901 2621 1055 2686 Proiecto
1076 2641 1142 2686 non
1165 2632 1217 2687 est
1233 2621 1300 2687 ullo

193 2727 299 2791 modo
331 2729 515 2806 serendum,
549 2728 653 2792 laicos
679 2728 843 2805 homines,
872 2726 1078 2810 professione
1108 2727 1301 2806 catholicos,
1388 2737 1480 2798 Calcat

192 2830 307 2913 palam
323 2833 357 2896 in
373 2833 554 2898 diariorum
582 2832 715 2916 paginis
730 2841 863 2897 tantum
887 2833 950 2897 sibi
967 2852 1133 2915 arrogare,
1148 2842 1185 2896 ut
1201 2832 1300 2896 licere
1323 2795 1478 2904 emm

193 2944 314 3017 putent
329 2946 363 3001 et
377 2938 595 3014 contendant,
610 2937 653 3000 de
668 2937 821 3019 personis
836 2936 1049 3019 quibuslibet,
1061 2956 1128 3001 non
1146 2937 1298 3018 exceptis
1324 2915 1477 3032 ,fflgmfjp

193 3041 370 3125 episcopis,
384 3042 561 3120 liberrime,
582 3053 682 3125 prout
697 3044 806 3107 visum
822 3041 921 3107 fuerit
948 3043 1094 3106 iudicare
1115 3052 1149 3107 et
1164 3043 1276 3125 eloqui
1292 3065 1299 3105 :
1324 3033 1476 3144 affixa

193 3145 227 3209 in
246 3149 344 3211 rebus
364 3149 530 3224 omnibus,
556 3147 620 3211 nisi
647 3167 734 3229 quae
760 3146 860 3210 fidem
885 3147 1034 3210 divinam
1056 3147 1236 3230 attingant,
1251 3147 1299 3211 ita
1320 3157 1394 3213 gant.

192 3251 317 3315 sentire
348 3252 397 3316 uti
430 3252 543 3327 libeat,
572 3262 606 3316 et
639 3271 701 3315 suo
727 3271 895 3334 quemque
925 3251 1086 3314 arbitratu
1117 3271 1226 3334 agere.
1256 3288 1300 3300 -

197 3354 236 3418 lu
252 3354 316 3418 hac
331 3376 449 3420 caussa
471 3356 553 3419 nihil
570 3377 643 3420 esse
663 3365 786 3440 potest,
807 3354 1018 3419 Venerabilis
1034 3355 1160 3432 Frater,
1180 3375 1239 3419 cur
1257 3357 1300 3420 de

192 3460 387 3523 assensione
402 3468 436 3523 et
458 3461 703 3543 approbatione
731 3458 856 3522 Nostra
874 3458 1018 3524 dubites.
1035 3458 1185 3522 Muneris
1208 3460 1297 3523 enim

191 3563 309 3626 Nostri
333 3565 484 3628 maxime
507 3573 558 3627 est
573 3564 710 3645 vigilare
736 3573 771 3626 et
797 3563 934 3640 conniti,
956 3572 993 3626 ut
1019 3562 1134 3627 divina
1158 3563 1298 3646 Episco·
1348 3605 1475 3675 Ponnficis

190 3685 311 3748 porum
328 3676 478 3750 potestas
494 3669 633 3731 omnino
649 3667 825 3755 incolumis
842 3677 944 3749 atque
955 3665 1116 3730 inviolata
1126 3666 1297 3730 consistat.
1322 3670 1357 3711 ’δί
1392 3665 1474 3711 mnar-

192 3767 354 3834 Nostrum
382 3781 434 3835 est
464 3773 588 3855 pariter
618 3773 782 3854 imperare
808 3780 842 3834 et
877 3770 1014 3848 efficere,
1042 3781 1081 3836 ut
1111 3791 1149 3835 ea
1174 3770 1298 3853 ubique
1322 3725 1476 3844 zaream

188 3873 318 3938 honore
352 3875 465 3958 vigeat
495 3895 567 3953 su0,
598 3895 682 3939 neve
713 3874 897 3959 quidquam
931 3895 950 3938 a
982 3875 1156 3939 catholicis
1190 3875 1298 3939 iustae
1323 3844 1475 3955 tssp‘m,

188 3977 490 4062 obtemperationis
522 3989 557 4043 et
590 3980 795 4043 reverentiae
830 3978 898 4043 ulla
930 3981 962 4042 in
996 3989 1091 4062 parte
1122 3979 1297 4043 desideret.
1320 3962 1475 4081 {erffl‘ffl‘f

189 4082 353 4147 Divinum
376 4085 502 4168 quippe
532 4083 731 4160 aedificium,
753 4085 844 4166 quod
869 4091 920 4148 est
945 4082 1103 4160 Ecclesia,
1126 4083 1298 4146 verissime
1320 4081 1407 4142 gentis.

189 4187 317 4265 nititur,
331 4197 506 4270 mmquam
519 4187 552 4251 in
563 4187 785 4252 fundamento
800 4186 991 4270 conspicuo,
1007 4186 1150 4268 primum
1162 4186 1298 4269 quidem

191 4293 225 4354 in
252 4291 351 4355 Petro
372 4301 407 4355 et
429 4291 676 4356 successoribus
710 4294 790 4372 eius,
814 4291 968 4375 proxime
1001 4290 1034 4353 in
1058 4290 1235 4374 Apostolis
1265 4304 1299 4355 et

189 4394 438 4460 successoribus
454 4395 699 4478 Apostolorum
718 4397 915 4479 Episcopis:
939 4413 1022 4477 quos
1050 4395 1106 4475 qui
1127 4395 1222 4460 audit
1246 4397 1299 4460 vel
