3310 4868
436 381 503 430 112
734 374 947 430 sucrcnrca
967 361 988 390 “
1007 373 1197 426 crsaarns
1216 407 1237 436 „

253 560 405 680 qlfffffflwssg
432 559 500 626 fieri
518 562 658 646 impune
673 562 789 646 possit,
804 569 841 626 ut
868 579 922 625 ars
940 560 1084 626 docendi
1101 559 1134 624 in
1153 560 1412 623 instrumentum
1428 575 1522 621 corru-

253 678 350 726 vman·
369 679 405 748 a<-
431 664 543 748 ptelae
553 673 712 732 uertatur.
727 701 771 716 -
787 664 1005 742 venantem,
1025 663 1059 728 in
1081 683 1149 747 quo
1166 663 1263 727 unice
1278 661 1400 726 versari
1415 661 1522 744 praeci·

253 739 405 843 ᾝῖἶῖ
432 768 597 852 pientium
613 767 767 833 doctrina
781 768 891 846 debet,
917 785 1020 832 unum
1037 775 1089 830 est
1118 766 1271 830 naturale
1297 781 1411 847 genus,
1428 781 1523 846 super·

254 918 279 966 a)
294 857 409 962 ‘Z'ssssjf
433 870 586 938 naturale
615 872 767 938 alterum.
804 872 861 936 Ex
894 871 1094 936 veritatibus
1118 869 1336 946 naturalibus,
1356 865 1523 932 cuiusmodi

254 976 407 1080 “2333“
432 986 511 1042 sunt
525 976 689 1060 principia
706 986 855 1053 naturae,
870 986 904 1040 et
920 995 960 1040 ea
976 995 1063 1060 quae
1087 995 1131 1039 ex
1154 974 1220 1038 illis
1239 972 1395 1058 proxime
1412 972 1523 1036 ratione

267 1085 386 1164 patrimo<
433 1081 608 1158 ducuntur,
634 1081 752 1146 existit
767 1079 906 1144 humani
922 1081 1054 1164 generis
1067 1080 1158 1144 velut
1180 1099 1360 1143 commune
1383 1077 1523 1161 patrimo·

255 1165 407 1257 ll?”r{‘,l⁸iss
433 1185 524 1248 nium
539 1208 548 1249 :
563 1184 597 1249 in
613 1204 691 1269 quo,
705 1195 868 1268 tanquam
884 1183 1107 1250 fundamento
1124 1183 1323 1260 firmissimo,
1335 1204 1413 1248 cum
1431 1197 1525 1244 mores

257 1272 293 1323 ''²''
432 1299 466 1353 et
481 1288 609 1354 iustitia
624 1298 658 1354 et
671 1289 797 1372 religio,
812 1299 915 1371 atque
930 1289 1004 1372 ipsa
1019 1289 1213 1352 coniunctio
1235 1287 1407 1352 societatis
1422 1287 1525 1350 huma·

433 1410 496 1454 nae
512 1391 648 1468 nitatur,
657 1389 738 1470 nihil
752 1401 822 1456 tam
840 1391 981 1472 impium
994 1399 1082 1456 esset
1098 1400 1235 1474 tamque
1248 1388 1371 1455 stolide
1389 1389 1525 1452 inhuma-

433 1513 524 1572 num,
546 1514 648 1578 quam
671 1493 754 1560 illud
778 1495 894 1560 violari
918 1515 957 1560 ac
981 1496 1079 1578 diripi
1103 1497 1241 1580 impune
1264 1496 1382 1560 sinere.
1403 1530 1445 1544 -
1466 1491 1527 1556 Nec

255 1631 313 1688 ab)
330 1639 407 1701 mm.
434 1599 562 1663 minore
584 1599 833 1662 conservandus
855 1599 1016 1682 religione
1040 1601 1210 1664 maximus
1242 1598 1525 1678 sanctissimusque

267 1691 394 1736 'mma‘
433 1701 608 1765 thesaurus
630 1720 745 1766 earum
769 1720 888 1780 rerum,
911 1723 1004 1785 quas,
1029 1703 1105 1766 Deo
1126 1714 1272 1781 auctore,
1295 1702 1527 1785 cognoscimus.

433 1804 655 1886 Argumentis
676 1805 790 1870 multis
813 1815 847 1870 et
870 1805 1063 1885 illustribus,
1088 1809 1177 1891 quod
1201 1827 1302 1891 saepe
1328 1806 1530 1890 Apologetae

318 1963 320 1968 ,
433 1911 868 1994 consueverunt,praecipua
877 1913 1044 1994 quaedam
1055 1914 1167 1996 capita
1176 1909 1528 1988 constituuntur,cuius·

258 2067 332 2113 mm
344 2053 409 2097 Dm,
436 2013 528 2078 modi
551 2014 609 2078 illa
631 2024 709 2079 sunt
735 2037 742 2078 :
776 2015 943 2098 quaedam
968 2037 1040 2081 esse
1064 2038 1084 2082 a
1108 2017 1184 2081 Deo
1207 2018 1369 2082 divinitus
1394 2011 1548 2080 traditaz'

258 2111 340 2159 “⁰⁶⁸⁸'‘
438 2118 659 2201 Unigenitum
683 2119 748 2184 Dei
774 2119 897 2184 Filium
921 2141 1055 2186 carnem
1083 2121 1220 2199 iactum,
1245 2131 1282 2186 nt
1312 2119 1529 2185 testimonium

435 2223 623 2307 perhiberet
648 2223 799 2289 veritati:
825 2224 1008 2307 perlectam
1035 2228 1206 2308 quandam
1234 2227 1278 2290 ab
1304 2246 1345 2288 eo
1372 2223 1529 2290 conditam

434 2329 639 2404 societatem,
666 2346 789 2409 nempe
817 2328 1013 2406 Ecclesiam,
1037 2328 1132 2394 cuius
1149 2329 1294 2414 ipsemet
1309 2339 1412 2412 caput
1428 2336 1483 2402 est,
1503 2332 1530 2386 et
1618 2377 1619 2380 ,

434 2454 577 2518 quacum
595 2452 700 2517 usque
716 2433 760 2497 ad
776 2435 1101 2500 consummationem
1114 2436 1237 2499 saeculi
1253 2455 1290 2499 se
1306 2435 1453 2500 futurum
1470 2451 1532 2497 esse

434 2539 596 2620 promisit.
621 2537 711 2602 Huic
741 2539 894 2602 societati
925 2539 1180 2604 commendatas
1211 2561 1339 2618 omnes,
1363 2560 1449 2622 quas
1484 2537 1533 2600 ille

434 2643 611 2718 docuisset,
626 2641 783 2705 veritates
799 2643 913 2718 voluit,
930 2642 992 2706 hac
1016 2642 1099 2726 lege,
1115 2654 1152 2709 ut
1172 2665 1228 2708 eas
1252 2645 1325 2727 ipsa
1348 2644 1529 2712 custodiret

345 2759 349 2766 '
434 2755 591 2822 tueretur,
606 2745 755 2828 legitima
767 2765 843 2809 cum
859 2747 1060 2810 auctoritate
1068 2749 1254 2831 explicaret
1269 2771 1277 2812 :
1293 2749 1428 2830 unique
1443 2743 1532 2810 simul

435 2849 668 2927 iussit,omnes
683 2859 802 2932 gentes
819 2849 991 2913 Ecclesiae
1006 2869 1096 2927 suae,
1115 2851 1252 2934 perinde
1268 2871 1307 2914 ac
1334 2847 1535 2932 sibimetipsi,

435 2951 527 3014 dicto
542 2953 716 3016 audientes
739 2971 833 3016 esse:
860 2953 916 3034 qui
933 2972 1028 3016 secus
1043 2953 1199 3031 iacerent,
1215 2955 1351 3020 interitu
1368 2954 1530 3036 perditum

434 3054 472 3117 iri
489 3056 700 3136 sempiterno.
718 3055 795 3138 Qua
810 3057 940 3120 ratione
955 3056 1056 3139 plane
1071 3066 1214 3134 constat,
1229 3058 1397 3139 optimum
1414 3053 1531 3122 homini

435 3181 507 3224 esse
522 3160 811 3243 certissimumque
839 3161 1036 3243 magistrum
1057 3162 1179 3240 Deum,
1205 3163 1316 3226 omnis
1344 3162 1473 3227 iontem
1499 3177 1531 3220 ac

433 3263 633 3347 principium
646 3264 806 3342 veritatis,
814 3265 893 3328 item
912 3263 1139 3347 Unigenitum,
1152 3267 1209 3349 qui
1222 3276 1272 3329 est
1285 3266 1318 3329 in
1334 3267 1410 3329 sinu
1425 3262 1536 3334 Patris,

434 3370 533 3446 viam,
543 3368 728 3444 veritatem,
743 3371 858 3443 vitam,
871 3367 978 3432 lucem
990 3389 1112 3446 veram,
1124 3389 1212 3451 quae
1227 3369 1395 3434 illuminat
1406 3385 1535 3434 ornnem

436 3475 617 3552 hominem,
628 3484 662 3538 et
677 3475 720 3539 ad
737 3475 830 3537 cuius
846 3474 1057 3556 disciplinam
1074 3474 1200 3537 dociles
1216 3495 1289 3539 esse
1305 3493 1425 3538 omnes
1436 3471 1535 3537 homi-

262 3637 284 3677 n
301 3632 413 3678 Eam
437 3600 495 3644 nes
507 3587 655 3662 oportet:
666 3578 714 3642 Et
727 3587 824 3642 amnt
838 3599 946 3642 omnes
960 3567 1109 3642 docibiles
1125 3577 1194 3642 Dei
1209 3579 1222 3662 (
1240 3580 1260 3662 ).
1277 3617 1320 3628 -
1337 3579 1405 3644 Sed
1427 3581 1461 3645 in
1479 3577 1536 3640 lide

261 3691 372 3737 credidit.
436 3695 537 3768 atque
562 3687 595 3748 in
620 3683 832 3748 institutione
859 3704 999 3760 morum,
1023 3684 1127 3748 divini
1154 3685 1337 3768 magisterii
1355 3683 1535 3749 Ecclesiam

437 3791 515 3855 lecit
531 3789 625 3854 Deus
640 3788 711 3872 ipse
736 3787 946 3870 participem,
961 3789 1185 3871 eamdemque
1201 3791 1315 3853 divino
1331 3790 1402 3853 eius
1420 3783 1536 3852 benefi-

436 3897 488 3960 cio
504 3895 573 3958 lalli
591 3894 737 3958 nesciam
749 3915 756 3955 :
768 3910 871 3974 quare
888 3893 1047 3975 magistra
1066 3894 1257 3958 mortalium
1274 3905 1324 3958 est
1341 3893 1493 3957 maxima
1502 3908 1538 3952 ac

436 4001 612 4076 tutissima,
636 3998 669 4062 in
695 3999 802 4080 eaque
828 3997 914 4060 inest
938 4017 1005 4061 non
1031 3998 1188 4062 violabile
1214 3999 1264 4062 ius
1289 3998 1331 4062 ad
1358 3991 1534 4080 magisterii

436 4105 634 4169 libertatem.
666 4103 795 4166 Revera
826 4101 986 4164 doctrinis
1021 4103 1182 4166 divinitus
1218 4101 1365 4185 acceptis
1394 4122 1433 4164 se
1469 4102 1540 4182 ipsa

438 4209 587 4274 Ecclesia
610 4216 812 4282 sustentans,
827 4205 908 4268 nihil
924 4205 1042 4269 habuit
1058 4207 1237 4289 antiquius,
1248 4225 1350 4290 quam
1368 4212 1404 4268 ut
1422 4217 1541 4267 munus

472 4445 489 4475 r.
506 4428 583 4480 loan,
596 4435 632 4478 vl,
645 4438 666 4471 v.
680 4433 716 4482 45
