3206 4880
419 411 438 462 2
444 411 492 484 30
595 411 742 464 murus.
764 410 891 464 aeosr.
915 397 937 426 ‘⁴
956 408 1036 461 uou
1055 410 1174 464 nurus
1193 409 1305 462 nolus
1324 444 1345 472 ,.

413 586 540 651 titulari
556 585 696 650 ecclesia
712 585 918 669 Calyndensi
934 585 977 652 ad
993 587 1220 672 episcopalem
1236 588 1350 652 sedem
1362 585 1489 650 Hacoda·

315 713 321 726 ·
414 699 543 754 tensem
560 688 790 754 transferimus
806 697 841 753 et
857 708 1103 775 promovemus

262 789 331 848 Quid
338 800 389 832 nru-

238 847 390 895 neresAnri-

237 907 334 954 alitibus
350 907 389 952 ἰκ-

237 967 339 1012 cuncter.

238 1649 324 1753 ssuid
332 1650 391 1708 jrrre

285 1709 389 1754 auctori-

238 1767 389 1828 ratepublica

237 1833 352 1885 speretur.

285 2991 390 3038 Praesen·

240 3048 305 3096 rium
313 3059 391 3097 aecro-

241 3109 305 3155 ritus
343 3113 391 3168 fir·

241 3173 331 3216 morer.

457 791 712 876 Archiepiscopi
738 802 850 857 autem
879 802 912 857 et
940 791 1186 878 Episcoporum
1215 813 1337 858 munus
1359 791 1415 857 erit
1433 807 1489 854 con·

415 897 535 962 iunctis
559 896 678 961 animis
695 903 728 960 et
744 897 862 961 studiis
886 897 949 962 rite
971 897 1169 964 ordinandis
1191 897 1353 962 ecclesiae
1367 897 1452 961 rebus
1468 905 1490 956 et

415 1001 538 1067 Christi
555 999 694 1066 Domini
711 1019 815 1084 regno
829 999 1068 1084 amplificando
1079 1021 1217 1086 operam
1230 1021 1364 1079 navare,
1375 999 1490 1081 itemque

414 1115 523 1171 rectae
539 1125 648 1170 rerum
664 1124 833 1169 sacrarum
854 1105 1137 1171 administrationi
1162 1116 1320 1172 accurate
1342 1103 1491 1170 consulere·

415 1209 523 1275 Nobis
538 1217 651 1274 autern
667 1207 749 1273 nihil
766 1228 914 1292 unquam
927 1209 1098 1293 antiquius
1115 1209 1274 1290 futurum,
1290 1229 1390 1294 quam
1405 1213 1489 1272 aucto·

413 1314 521 1391 ritate,
532 1312 680 1388 consilio,
696 1331 760 1396 ope
776 1311 902 1378 Nostra
918 1312 1036 1378 iisdem
1061 1322 1195 1397 praesto
1211 1334 1286 1378 esse
1302 1314 1337 1378 in
1358 1309 1490 1384 omnibus¹

413 1435 499 1500 quae
515 1417 558 1482 ad
575 1415 677 1481 divini
694 1414 840 1480 nominis
851 1413 993 1500 gloriam
1010 1423 1045 1481 et
1060 1417 1250 1484 animarum
1260 1417 1402 1482 salutem
1415 1412 1488 1498 perti·

416 1539 494 1585 nere
515 1519 788 1586 intellexerimus.

460 1623 546 1690 Cum
572 1643 671 1707 porro
698 1622 848 1706 Iaponicl
873 1623 1004 1706 imperii
1029 1624 1179 1690 studium
1195 1622 1487 1690 luculentereniteat

416 1731 448 1792 in
465 1729 504 1792 iis
522 1727 728 1812 peragendis,
744 1747 831 1811 quae
853 1727 896 1792 ad
912 1727 1103 1806 utilitatem,
1131 1730 1398 1813 prosperitatem,
1417 1727 1489 1792 decus

417 1831 566 1916 Iaponicl
584 1830 728 1896 nominis
741 1831 951 1916 potissimum
977 1841 1143 1915 spectant,
1160 1833 1241 1898 nihil
1257 1833 1489 1899 dubitamusau·

414 1935 569 2002 ctoritate
585 1933 718 2018 publica
733 1946 869 2002 cautum
886 1935 964 2015 sore,
980 1945 1017 2002 ut
1041 1937 1136 2001 novis
1153 1938 1346 2022 pastoribus
1361 1937 1446 2022 plena
1460 1951 1487 1995 ea

414 2038 550 2104 libertas
567 2038 739 2104 ministerii
756 2047 895 2118 constet,
910 2041 1004 2105 cuius
1030 2061 1096 2124 ope
1111 2060 1179 2106 non
1208 2043 1314 2108 modo
1340 2039 1486 2107 christiana

415 2143 589 2226 sapientia,
604 2143 663 2206 sed
681 2161 777 2207 verae
792 2143 893 2207 etiam
910 2143 1130 2210 humanitatis
1146 2143 1218 2208 laus
1234 2145 1268 2208 in
1286 2143 1423 2228 populos
1435 2157 1485 2224 pro

414 2257 567 2332 pagatur.
582 2246 724 2312 Annuat
739 2247 832 2311 dives
847 2248 881 2311 io
900 2246 1125 2314 misericordia
1139 2248 1243 2326 Deus,
1258 2250 1320 2332 qui
1330 2247 1405 2313 iacit
1419 2243 1486 2310 min·

414 2352 493 2418 bilia
518 2370 641 2435 magna
665 2349 764 2425 solus,
790 2360 828 2415 ut
852 2370 932 2415 suae
956 2351 1119 2416 bonitatis
1135 2350 1261 2416 divitiis
1277 2353 1313 2417 in
1332 2344 1486 2417 uniusfide'

414 2453 622 2520 confessione
636 2463 670 2520 et
683 2457 716 2519 in
728 2454 912 2519 catholicae
924 2455 1097 2521 Ecclesiae
1109 2457 1239 2540 gremio
1252 2455 1411 2541 iaponiae
1423 2453 1486 2517 cives

415 2558 559 2625 universi
572 2556 641 2623 late
656 2557 878 2642 perfruantur.

459 2660 679 2727 Decernimus
706 2663 843 2726 tandem
863 2663 925 2726 has
942 2662 1084 2727 Nostras
1104 2663 1230 2730 litteras
1257 2663 1354 2729 nullo
1373 2671 1485 2744 unquam

414 2774 567 2847 ternpore
590 2767 634 2831 de
657 2765 881 2850 subreptionis
900 2777 959 2831 aut
976 2767 1184 2852 obreptionis
1207 2768 1291 2832 vitio
1320 2769 1388 2833 sive
1409 2767 1485 2828 inteu-

414 2867 515 2932 tionis
540 2869 694 2948 Nostrae,
719 2869 851 2954 alioque
875 2873 994 2954 quovis
1018 2871 1152 2937 delectu
1179 2873 1288 2937 notari
1325 2873 1375 2937 vel
1407 2869 1483 2947 inpu-

415 2972 510 3053 gnari
543 2991 649 3054 posse,
684 2983 717 3038 et
741 2993 873 3057 semper
894 2972 1022 3039 validas
1046 2995 1085 3039 ac
1118 2973 1230 3040 firmas
1261 2975 1344 3054 sore,
1375 2983 1484 3050 suumne

416 3073 554 3141 effectus
588 3076 621 3142 in
654 3077 810 3143 omnibns
820 3077 971 3142 obtinere
980 3099 1020 3144 ac
1030 3078 1265 3145 inviolabiliter
1289 3069 1488 3145 observande·

418 3183 504 3248 bere.

462 3285 539 3350 Non
556 3283 768 3349 obstantibus
783 3283 991 3367 Apostolicis
1017 3292 1119 3369 atque
1146 3285 1179 3350 in
1195 3285 1416 3369 synodalibus,
1435 3294 1485 3362 pro·

415 3386 612 3451 vincialibus
628 3394 661 3450 et
680 3384 922 3450 universalibus
946 3386 1095 3451 conciliis
1110 3387 1209 3452 editis
1231 3386 1431 3472 generalibus
1448 3370 1482 3440 vel

415 3489 614 3573 specialibus
637 3489 875 3567 sanctionibus,
899 3509 960 3555 nec
976 3509 1044 3554 non
1060 3497 1211 3557 veterum
1227 3493 1355 3556 sedium
1371 3487 1485 3552 existen·

298 3579 303 3590 ’
414 3593 498 3657 tium
515 3593 595 3657 olim
612 3593 645 3657 in
664 3595 792 3676 Iapone
807 3602 840 3658 et
858 3593 1053 3660 missionum
1077 3615 1116 3660 ac
1132 3592 1351 3661 vicariatuum
1367 3591 1485 3674 Aposto-

414 3696 554 3763 licorum
575 3698 621 3762 ibi
644 3698 912 3776 constitutorum,
936 3709 970 3764 et
994 3719 1281 3785 quarumcumque
1306 3692 1484 3765 ecclesiarum

413 3821 453 3868 ac
469 3802 599 3887 piorum
616 3802 765 3868 locorum
782 3803 909 3868 iuribus
932 3811 992 3868 aut
1007 3803 1198 3889 privilegiis,
1212 3805 1393 3869 iuramento
1407 3793 1483 3860 etiam

414 3907 668 3974 confirmatione
682 3907 892 3992 Apostolica,
907 3918 965 3973 aut
980 3908 1047 3975 alia
1062 3929 1273 3995 quacumque
1296 3908 1436 3974 firmitate
1448 3915 1483 3959 ro·

413 4013 549 4090 boratis,
564 4012 749 4095 ceterisque
764 4012 939 4078 contrariis
948 4014 1224 4099 quibuscumque
1239 4013 1303 4078 His
1312 4012 1393 4078 enim
1400 3995 1484 4070 omni·

413 4117 476 4181 bus
485 4114 619 4180 tametsi
629 4136 689 4198 pro
698 4114 831 4181 illorum
839 4116 1057 4201 derogatione
1067 4117 1220 4201 specialis
1231 4099 1480 4182 mentiofaeienda

413 4226 511 4296 esset,
527 4227 586 4282 aut
601 4217 667 4282 alia
679 4218 895 4302 quantumvis
910 4219 1082 4304 exquisita
1098 4221 1206 4287 forma
1221 4217 1383 4290 servanda,
1393 4213 1481 4295 quate·

414 4342 476 4387 nus
488 4322 689 4404 supradictis
698 4322 835 4388 obstant
845 4343 1004 4408 expresse
1014 4325 1225 4409 derogamus.
1241 4323 1368 4390 irritum
1378 4321 1479 4400 q1¹0l¹¹⁶

413 4433 447 4488 et
463 4413 562 4489 inane
578 4425 799 4503 decernimus,
814 4427 840 4490 si
859 4446 954 4493 secus
970 4448 1071 4513 super
1084 4426 1137 4493 his
1160 4447 1182 4494 a
1208 4443 1379 4513 quoquam,
1391 4405 1478 4501 ‘lum
