3194 4872
472 361 524 412 DE
546 361 667 412 REBUS
691 361 888 412 BAVARIAE.
1185 365 1226 416 21

140 545 205 609 illae
219 555 251 608 et
266 545 498 610 contentiones
514 545 644 628 imperii
660 546 819 610 adversus
836 545 1068 624 sacerdotium,
1083 566 1230 630 asperae,
1258 578 1407 651 mam

138 651 311 728 diuturnae,
325 650 542 715 calamitosae
557 651 610 728 ;in
627 650 668 712 iis
684 659 796 713 tamen
810 650 884 732 plus
897 670 973 714 vere
985 650 1047 716 suit
1060 652 1230 717 Ecclesiae
1299 659 1364 715 1887·

138 757 217 838 quod
245 754 425 819 laetaretur
449 755 482 818 in
503 753 649 831 Bavaris,
675 773 776 836 quam
804 756 895 836 quod
926 755 1062 822 doleret.
1088 757 1230 823 Summa
1253 752 1404 870 umal}

137 869 237 923 autem
264 859 492 934 consensione,
512 877 533 920 a
549 855 711 940 Gregorio
728 857 791 934 XI,
805 856 967 922 Pontifice
981 857 1141 941 legitimo,
1165 861 1227 944 ipsi
1257 885 1297 940 zon
1334 870 1404 938 irnpe-

137 973 298 1042 steterunt,
313 960 475 1026 effrenati
489 961 722 1027 dissidentium
740 963 881 1025 audacia
911 962 1105 1045 neutiquam
1120 964 1227 1028 dimo·
1254 935 1406 1058 {gmssc'e'ssfiss'

137 1078 232 1146 vente,
255 1067 377 1132 srustra
393 1067 594 1144 minitante;
615 1075 658 1144 et,
673 1068 763 1150 quod
796 1069 995 1149 perarduum
1028 1078 1108 1146 erat,
1128 1068 1231 1152 longo
1255 1053 1325 1100 ‘'m''

137 1173 204 1236 inde
218 1171 403 1242 intervallo,
421 1170 502 1234 nihil
523 1171 556 1234 vi
574 1181 675 1253 atque
691 1171 819 1253 impetu
834 1172 1044 1235 Novatorum
1061 1173 1227 1238 absterriti
1279 1212 1382 1266 ,mm

135 1275 203 1339 fidei
217 1277 444 1359 integritatem
462 1284 496 1340 et
511 1285 657 1339 veterem
673 1295 750 1338 curn
770 1295 908 1339 romana
923 1275 1074 1340 Ecclesia
1089 1277 1226 1342 coniun-
1255 1267 1405 1312 Nm‘ffl‘l'

1263 1325 1396 1377 seditiones.

133 1380 268 1444 ctionem
285 1379 439 1462 religiose
449 1398 580 1462 semper
596 1388 775 1442 servarunt.
787 1376 884 1460 Quae
897 1379 1000 1443 virtus
1012 1389 1046 1444 et
1058 1377 1229 1446 firmitudo
1246 1385 1407 1489 figqffiit

131 1493 253 1563 patrum
266 1493 452 1546 vestrorum
469 1501 510 1545 eo
538 1481 646 1563 magis
662 1481 887 1562 praedicanda
903 1490 963 1560 est,
978 1484 1067 1565 quod
1085 1483 1227 1567 populos
1268 1504 1313 1548 aa
1327 1509 1387 1548 secra

131 1575 328 1650 lere'omnes
344 1605 459 1650 eorum
476 1584 636 1650 finitimos
662 1605 749 1651 nova
774 1596 865 1650 secta
892 1589 1010 1652 misere
1034 1587 1230 1670 subegisset.
1254 1564 1396 1672 ppona-

132 1688 212 1754 Sane
227 1689 375 1767 Bavaris,
387 1690 443 1772 qui
465 1709 506 1752 eo
533 1699 628 1754 erant
652 1688 804 1754 luctuoso
820 1700 981 1774 ternpore,
996 1691 1053 1756 illa
1074 1694 1228 1776 apposite

130 1793 361 1876 congruebant,
372 1792 494 1876 quibus
515 1791 697 1876 Gregorius
720 1794 808 1858 idem
827 1795 863 1859 Il
888 1795 1071 1861 catholicos
1082 1797 1226 1861 Thurin·
1329 1833 1331 1838 ·

130 1899 197 1980 giae
211 1898 404 1976 homines‚a
429 1897 463 1964 S.
475 1897 648 1963 Bonifacio
672 1899 852 1963 christiana
883 1902 1048 1984 sapientia
1070 1902 1227 1978 imbutos,
1249 1933 1374 1992 sumu„
1389 1948 1404 1977 a

131 2003 228 2066 multo
246 2013 325 2066 ante
341 2001 464 2066 aflatus
479 2012 559 2080 erat,
581 2003 719 2066 meritae
734 2006 1037 2070 commendationis
1067 2005 1227 2088 gratiam
1254 1993 1406 2098 {affiigfffll
1461 2042 1463 2046 ·

129 2107 267 2188 quadam
278 2105 421 2188 epistola
436 2106 479 2170 ad
496 2106 677 2189 optimates
690 2107 918 2174 :insinuatam
935 2109 1026 2175 nobis
1037 2111 1229 2194 magnificae

129 2210 160 2270 in
174 2209 301 2276 Clrn'sto
306 2209 395 2292 fidei
405 2219 531 2272 vestrae
544 2210 761 2274 constantiam
774 2223 983 2293 agnoscentes,
992 2214 1080 2296 quod
1082 2215 1229 2297 paganis
1251 2209 1257 2219 ’

126 2311 381 2394 compellantibus
396 2333 452 2375 oos
476 2312 525 2375 ad
546 2312 634 2377 idola
663 2313 800 2389 colenda,
801 2315 873 2398 fide
880 2315 980 2397 plena
992 2316 1230 2397 responderitis,

128 2419 227 2498 magis
242 2417 321 2480 velle
340 2415 489 2496 feliciter
518 2415 610 2492 mori,
625 2437 724 2498 quam
730 2416 836 2499 fidem
854 2418 955 2482 semel
981 2420 1015 2481 in
1034 2417 1162 2484 Chre'sto
1176 2441 1226 2483 ac-

126 2531 238 2602 ceptam
255 2519 463 2602 aliquatenus
478 2519 600 2582 violare
610 2542 626 2594 ‚·
643 2519 748 2583 nimia
759 2521 954 2584 exultatione
965 2521 1084 2604 repleti,
1094 2523 1228 2604 gratias

127 2622 554 2705 debitaspcrsalvimusDeo
570 2627 684 2687 nostro'
707 2634 740 2686 et
767 2625 967 2707 redemptori,
982 2623 1135 2690 bonorum
1161 2649 1227 2692 om·

127 2728 211 2790 nium
225 2727 390 2810 largitori,
398 2727 489 2790 cuius
495 2727 612 2809 gratia
629 2725 864 2805 comitantc,oos
878 2728 927 2791 ad
938 2729 1073 2793 meliora
1087 2731 1226 2812 etpotr'o·

127 2853 161 2894 ra
182 2843 330 2915 optamus
348 2831 508 2914 proicere,
520 2841 553 2894 et
566 2831 615 2895 ad
637 2832 897 2915 confirmandum
903 2832 992 2915 fidei
1016 2843 1141 2897 vestrae
1150 2845 1225 2916 pro-

121 2938 258 3015 positum
268 2945 397 3000 sanctae
409 2936 486 2998 Sodi
496 2934 693 3019 Apostolicae
704 2937 865 3019 religiosis
874 2937 1035 3002 mentibus
1044 2938 1226 3014 adhaerere,

124 3047 159 3112 et,
167 3046 268 3118 prout
280 3047 358 3119 opus
364 3037 542 3118 poposcerit
555 3056 665 3100 sacrae
684 3035 859 3118 reltgzom's,
875 3057 896 3100 a
909 3048 1088 3102 memorata
1113 3047 1226 3101 sancta

128 3139 205 3204 Sede
218 3140 413 3223 Apostolica,
425 3139 596 3221 spirituali
608 3141 754 3204 cronium
769 3140 915 3215 fidelium
943 3151 1054 3218 matre,
1069 3141 1223 3204 solatium

124 3244 364 3324 quaerere,sicut
377 3243 461 3307 decet
462 3243 557 3326 filios
570 3243 753 3308 colmeredes
765 3245 861 3328 regni
874 3267 894 3308 a
911 3237 1159 3329 legaliparcnte
1173 3249 1185 3328 (
1203 3246 1223 3328 ).

166 3349 237 3413 Etsi
254 3368 332 3412 vero
348 3348 413 3412 Dei
430 3347 616 3412 miserentis
631 3349 748 3430 gratia,
765 3368 851 3430 quae
867 3351 1037 3430 superiore
1063 3351 1223 3414 memoria
1250 3377 1317 3422 Ha„
1331 3393 1397 3424 naen

1239 3436 1309 3496 felix
1351 3445 1397 3498 pro

125 3465 254 3534 gentem
271 3463 414 3517 vestram
434 3461 543 3516 tutata
559 3462 610 3517 est
632 3453 937 3537 benignissimeque
960 3453 1147 3537 complexa,
1163 3475 1221 3538 op·
1269 3495 1369 3554 smum-5

125 3555 200 3619 time
216 3557 250 3620 in
274 3565 445 3638 posterum
470 3565 604 3638 tempus
634 3559 799 3639 augurari,
827 3556 956 3640 optime
986 3576 1119 3639 sperare
1150 3558 1221 3622 Nos
1247 3557 1388 3612 amporam

124 3659 220 3736 iubet,
235 3661 451 3726 nihilominus
467 3679 506 3724 ea
521 3661 644 3737 omnia,
661 3662 772 3744 quoad
789 3679 868 3724 suae
883 3661 1044 3744 cuiusque
1055 3675 1132 3726 sunt
1148 3683 1221 3744 par·
1257 3619 1383 3732 ‘'Tfilzi‘'

124 3771 179 3838 tes,
194 3774 361 3846 praestare
387 3764 557 3840 debemus,
575 3784 661 3846 quae
692 3764 766 3847 plus
782 3764 928 3828 habeant
958 3764 1162 3829 efficacitatis
1178 3767 1221 3830 ad
1246 3732 1382 3836 mestas

123 3865 243 3931 damna
258 3869 428 3952 religionis
454 3869 524 3932 sive
554 3880 692 3951 accepta
722 3869 904 3947 sarcienda,
916 3869 986 3932 sive
1012 3870 1221 3934 imminentia

124 3971 346 4052 prohibenda;
362 3973 409 4035 ita
434 3982 471 4036 ut
497 3971 678 4036 christiana
704 3973 856 4038 doctrina
873 3980 907 4036 et
922 3973 1075 4037 instituta
1091 3992 1221 4037 morum

125 4076 329 4140 sanctissima
344 4077 388 4141 ad
418 4075 530 4159 plures
546 4076 697 4159 quotidie
712 4097 748 4140 se
773 4077 903 4158 possint
925 4074 1094 4139 effundere
1110 4075 1221 4138 laetis·

125 4177 278 4262 simisque
292 4178 454 4243 fructibus
470 4178 570 4245 latius
587 4180 782 4244 redundare.
799 4176 900 4260 Quod
917 4197 984 4241 non
1001 4197 1041 4239 eo
1071 4176 1222 4245 dicimus,

155 4413 176 4446 r.
188 4401 233 4461 Ep.
246 4404 309 4450 vAd
318 4405 447 4464 optimates
455 4405 572 4466 Thuring.
586 4431 614 4441 -
624 4406 673 4454 Cir.
696 4405 829 4458 labbeum,
841 4405 873 4452 lb.
