3336 4870
156 608 190 766 ξ
392 669 449 728 nd
471 664 698 738 Episcopum
716 658 1008 719 Cremonensem
1214 622 1241 731 ij

153 774 192 915 {i
221 825 288 886 ns
310 813 576 882 urrunnmm
596 806 823 870 suusnau
840 801 1182 864 susurssmua.
1301 785 1305 792 '

178 926 189 968 ς
195 928 984 967 ······························································
990 919 1093 950 unm
1101 924 1211 941 ·········
1215 900 1223 938 ἶ

143 1059 542 1448 ἰἶ-ἶῖΞΙΒΕΝΤΕΞ
585 1054 823 1130 intelleximus,
864 1051 897 1115 id
939 1049 1030 1133 quod
1072 1058 1107 1115 te
1147 1047 1255 1111 iacere
1288 1065 1421 1156 quqm

179 1134 304 1372 *U
356 1181 500 1250 aequum
516 1170 589 1226 erat
603 1178 664 1222 nec
678 1155 918 1221 dubitabamus
933 1152 1108 1228 iacturum,
1124 1169 1256 1215 summa
1323 1164 1388 1222 1889.

181 1365 296 1382 .-
357 1281 391 1336 te
420 1269 593 1334 voluntate
626 1260 803 1345 potestatis
833 1256 1004 1341 legitimae
1033 1257 1169 1320 decreto
1198 1273 1256 1336 pa-

357 1376 470 1450 ruisse,
489 1367 678 1450 iudicioque
704 1365 832 1430 Nostro
855 1369 1022 1426 recentem
1051 1359 1142 1423 illam
1166 1358 1256 1422 lucu·
1297 1323 1413 1441 125}ssss

148 1486 341 1553 brationem
372 1489 465 1544 tuam
495 1483 595 1556 teque
625 1469 735 1552 ipsum
767 1464 962 1530 submisisse
998 1482 1075 1528 cum
1106 1461 1257 1544 obsequii
1281 1442 1436 1563 922ssssss

150 1586 422 1666 reverentiaeque
448 1574 681 1644 testificatione
706 1571 829 1636 debita
845 1567 990 1649 -Qua
1015 1569 1049 1632 in
1074 1588 1109 1632 re
1134 1567 1259 1632 eminet
1284 1563 1357 1672 m
1379 1559 1435 1665 ’δὲ

151 1692 304 1780 proiecto
326 1685 458 1752 virtutis
485 1677 689 1762 exemplum,
705 1673 905 1740 nominatim
933 1671 966 1736 in
993 1671 1164 1755 Episcopo
1190 1669 1259 1732 lau·
1299 1678 1417 1726 monetans

150 1797 324 1864 dandum:
339 1793 441 1874 idque
452 1787 553 1851 etiam
570 1781 742 1864 insignius,
754 1778 832 1862 quia
843 1775 995 1842 maxima
1006 1773 1122 1858 populi
1137 1775 1262 1838 corona
1285 1740 1438 1858 ,5222ss

152 1905 260 1970 libere
283 1897 419 1962 editum
447 1891 501 1954 De
525 1887 582 1953 illa
607 1885 709 1967 vulgo
735 1882 873 1964 cognita
897 1879 1064 1944 modestia
1090 1877 1262 1942 Fenelonii
1287 1859 1344 1964 ζζξ,
1373 1869 1437 1902 Μ

153 2005 307 2072 nondum
323 1998 413 2064 fama
425 1992 586 2060 conticuit
600 2013 607 2054 :
622 2007 690 2070 quo
705 1988 780 2069 ipso
791 1983 1016 2060 confirmatur,
1026 2003 1092 2048 non
1104 1992 1174 2048 tam
1191 2002 1263 2046 esse

155 2111 317 2176 miserum
333 2100 444 2184 aliqua
460 2098 494 2161 in
511 2115 545 2161 re
560 2092 718 2176 opinione
741 2087 942 2171 delinquere,
957 2106 1059 2169 quarn
1086 2084 1265 2170 deliquisse

157 2216 254 2284 lateri
280 2208 472 2296 gloriosum.
497 2241 539 2254 -
568 2200 684 2266 Habes
711 2198 820 2282 igitur,
843 2194 1054 2261 Venerabilis
1082 2197 1208 2273 Frater,
1231 2195 1265 2257 in
1322 2211 1441 2256 Fructum

159 2325 233 2406 ipsa
259 2315 340 2382 iacti
366 2308 570 2376 conscientia
595 2303 812 2388 praecipuum
839 2300 983 2364 fructum
1008 2297 1266 2363 consolationis:
1291 2266 1441 2374 *mxi

160 2435 368 2510 quamquam
383 2414 487 2479 videri
502 2411 564 2476 tibi
579 2408 725 2473 iucunda
741 2425 780 2470 ac
795 2401 1037 2487 perhonorifica
1053 2402 1154 2466 debet
1163 2402 1264 2466 etiarn
1291 2387 1406 2435 ἀπήω-

159 2521 362 2614 approbatio
385 2515 560 2583 hominum
587 2511 755 2593 sapienter
781 2506 1011 2572 iudicantium.
1029 2507 1171 2570 Horum
1188 2526 1268 2590 erga

159 2648 195 2701 te
209 2630 368 2696 voluntas
383 2622 474 2686 illam
491 2636 624 2702 quoque
639 2614 742 2679 animi
760 2611 947 2678 molestiam
961 2610 1058 2675 facile
1069 2610 1270 2686 absterserit,

161 2753 265 2822 quarn
281 2729 384 2795 debes
400 2746 444 2791 ex
471 2741 585 2788 eorum
612 2719 758 2783 clamore
773 2714 961 2799 plausuque
987 2715 1123 2798 cepisse,
1139 2715 1196 2799 qui
1211 2723 1270 2778 tna
1337 2689 1342 2701 ’

161 2841 220 2906 illa
235 2835 400 2916 scriptura
415 2830 448 2892 in
464 2823 658 2908 suffragium
676 2839 813 2884 caussae
829 2837 909 2884 suae
925 2819 1055 2882 avidius
1079 2818 1270 2882 abutuntur.

161 2983 208 2995 -
223 2941 381 3007 Ceterum
393 2928 554 3011 intelligis
570 2924 687 3009 quanti
702 2924 746 2988 sit
766 2921 878 2987 videre
893 2921 1080 3004 diligenter,
1097 2939 1138 2984 ne
1153 2940 1272 2985 caussa
1327 2950 1366 2996 A,
1400 2947 1449 2992 aa,

163 3043 296 3112 romani
313 3033 531 3103 Pontificatus
554 3032 588 3094 in
616 3027 843 3110 angustiorem
868 3044 1025 3106 campum
1052 3023 1273 3107 disceptando
1309 3003 1439 3056 ‘mm

1298 3075 1333 3117 est
1352 3065 1451 3128 queastio

163 3155 315 3230 cogatur.
329 3137 498 3205 Videlicet
521 3140 655 3216 oportet
679 3131 712 3194 in
741 3127 878 3211 negotio
901 3136 971 3192 tam
996 3127 1089 3210 gravi
1106 3147 1173 3191 non
1189 3127 1273 3191 iudi·
1300 3131 1330 3235 ζεῦ
1350 3128 1450 3232 pm

165 3253 258 3317 cium
283 3267 328 3311 ex
357 3242 485 3308 eventis
510 3255 620 3302 rerum
652 3232 869 3299 mutabilibus
897 3231 1015 3308 iacere,
1040 3230 1099 3295 sed
1126 3240 1275 3314 repetere
1295 3253 1366 3309 paru.

166 3355 270 3420 altius
294 3349 448 3423 rationes,
464 3342 615 3424 serioque
630 3337 835 3422 perpendere
859 3334 940 3418 quid
967 3335 1094 3399 iustitia
1120 3335 1277 3418 postulet,

168 3458 253 3544 quid
270 3453 350 3520 Sedi
366 3445 584 3533 Apostolicae
596 3443 638 3509 ad
649 3441 799 3506 divinum
813 3458 934 3503 munus
949 3458 1047 3503 suum
1064 3439 1277 3503 desideretur.

168 3600 216 3612 -
232 3558 332 3644 Quod
347 3555 438 3619 enim
463 3536 563 3633 saepe
588 3547 738 3611 diximus
754 3543 953 3625 saepiusque
973 3552 1024 3607 est
1038 3543 1228 3620 dicendum,
1244 3544 1277 3606 in

170 3663 263 3731 civili
289 3659 476 3744 principatu
502 3670 568 3716 non
596 3651 743 3713 humana
770 3645 937 3728 quaedam
965 3664 1027 3724 res,
1053 3646 1112 3709 sed
1143 3645 1278 3708 libertas

172 3768 314 3835 vertitur
328 3759 511 3826 officiorum
528 3751 804 3836 Apostolicorum
831 3769 870 3812 ac
886 3748 1027 3812 iurium:
1043 3767 1129 3831 quae
1145 3748 1280 3812 libertas
1336 3765 1432 3824 Aga„

172 3871 304 3938 alienae
327 3863 478 3930 obnoxia
501 3878 574 3922 esse
600 3855 759 3939 potestati
786 3851 991 3933 arbitrioque
1007 3871 1074 3916 non
1097 3851 1207 3916 debet.
1226 3850 1281 3913 ld.
1306 3821 1460 3933 mm

173 3981 265 4043 circo
290 3973 480 4039 decessores
498 3965 613 4030 Nostri
638 3981 754 4026 omnes
779 3958 1045 4023 incolumitatem
1062 3957 1147 4022 tueri
1163 3953 1283 4039 princi·
1308 3939 1464 4050 mm

174 4090 276 4167 patus
292 4077 342 4140 sui
357 4073 450 4138 omni
476 4065 693 4134 contentione
719 4061 898 4145 studioque
914 4060 1025 4125 conati
1042 4068 1130 4136 sunt,
1146 4059 1284 4142 Nosque
1310 4061 1462 4179 flamia

176 4183 242 4267 ipsi
258 4196 419 4245 conamur
432 4172 600 4239 vindicare
610 4163 856 4250 perseverantia
871 4164 952 4246 pari,
963 4173 1165 4244 quantarum
1176 4182 1285 4226 rerum
1312 4183 1354 4228 rus
1377 4183 1467 4236 semper

177 4283 352 4352 contineat
375 4277 431 4342 ille
454 4273 667 4358 praesidium,
693 4269 921 4333 aestimantes.
948 4265 1026 4329 Hoc
1056 4264 1179 4329 iudicio
1208 4263 1286 4327 diri·
1322 4245 1456 4347 υἷξῗξζῖα

179 4387 293 4472 genda
307 4381 423 4466 opinio
438 4387 507 4445 est:
523 4377 587 4442 hoc
603 4375 692 4438 idem
716 4379 869 4436 accurate
896 4368 1018 4433 animis
1042 4368 1289 4448 inculcandum,
