3230 4874
129 350 141 382 uf
174 364 178 373 ι
208 356 216 375 'e
248 364 253 375 s
284 364 290 375 v
322 362 327 375 a
358 363 364 373 ν
395 364 401 375 r
951 366 972 385 ῃ.
988 366 1005 383 1.
1026 348 1046 384 ’.η
1063 366 1068 377 ⁸
1100 365 1119 382 'v
1136 360 1157 381 R·
1173 363 1188 381 ⁸.
1219 352 1231 381 „¹¹

137 429 164 473 2:
1197 422 1225 461 .·,

1197 464 1204 477 ι

156 480 163 492 ι
700 486 702 490 .

142 504 163 519 ”
524 484 840 568 EPISTOLA
1197 488 1220 525 ²‘

137 529 163 545 {a
1197 539 1204 553 0
1216 526 1225 543 ,ι

156 554 163 569 ⁰
1196 564 1204 577 ο

128 579 163 599 ,μί
1197 572 1220 602 ὑί

137 603 144 620 Ι,
156 604 163 617 ·
1197 613 1204 627 .
1218 598 1225 609 ⁴

156 630 163 643 e

137 655 164 744 j}
183 656 225 715 ,d
238 655 477 718 cardinalem
490 656 684 734 sanlellce,
695 656 870 729 archiep.
882 655 1182 730 Neapolitanum,

226 801 264 856 et
279 798 534 873 Capeoelatro,
550 797 885 870 Archiepiscopum
901 799 1134 870 capuanum,

371 942 409 996 et
427 937 521 996 allos
537 936 763 1011 Campaniae
780 937 993 1010 episcopos.

323 1487 426 1552 IERI
443 1505 511 1550 non
529 1494 660 1566 poterat
675 1485 756 1568 quin
773 1503 822 1564 ea,
844 1505 930 1569 quae
949 1488 1132 1570 perscripta
1156 1485 1237 1568 legi·
1270 1505 1408 1596 ΝΟνέΜΒ

351 1589 470 1654 musin
488 1586 605 1652 litteris
621 1589 739 1652 vestris
755 1589 1014 1654 die8kalendas
1027 1587 1237 1654 Novembres
1308 1603 1375 1662 raon
1408 1578 1414 1591 ’

351 1691 574 1757 communiter
588 1691 687 1769 datis,
707 1691 911 1773 periucunda
927 1693 1035 1757 Nobis
1051 1693 1240 1757 acciderent
1301 1709 1417 1771 eonayaex

353 1806 388 1860 et
415 1794 661 1878 probatissima.
685 1794 889 1861 Ostendistis
915 1796 1006 1862 enim
1033 1817 1121 1860 novo
1147 1795 1240 1860 testi·
1266 1773 1404 1878 lm„

133 1903 259 1981 monio,
288 1899 351 1965 etsi
380 1899 493 1983 gnaris
524 1897 633 1962 Nobis
659 1918 744 1982 opus
768 1919 836 1964 non
860 1909 940 1978 erat,
964 1919 1066 1983 quam
1082 1897 1240 1964 concordi
1265 1888 1416 1996 mm

132 2010 307 2074 intervos
334 2003 449 2068 animo
475 2001 556 2079 sitis,
585 2021 688 2084 quam
715 2001 914 2086 obsequenti
939 2004 974 2066 in
1004 2003 1239 2086 Apostolicam
1266 2010 1388 2058 πιεῖνκ-

133 2113 269 2187 Sedern,
283 2125 384 2191 quam
400 2115 520 2190 parato
535 2105 578 2169 ad
595 2104 765 2188 explenda
792 2105 958 2172 desideria
982 2107 1117 2184 Nostra,
1139 2117 1241 2189 atque

133 2217 178 2282 ad
195 2213 352 2279 obeunda
367 2220 501 2274 strenue
516 2208 699 2293 pastoralia
715 2211 828 2274 munia
844 2221 997 2294 tempore
1013 2210 1090 2276 licet
1114 2209 1240 2274 difficili

134 2320 228 2386 etin
255 2335 389 2380 summa
412 2333 521 2378 rerum
549 2313 738 2396 asperitate.
759 2314 910 2378 -Licet
936 2324 1050 2378 autem
1075 2333 1121 2376 ex
1148 2313 1242 2376 hisce
1283 2369 1419 2416 mmm

131 2421 254 2490 studiis
269 2418 388 2484 vestris
412 2438 478 2482 non
507 2416 580 2482 leve
606 2437 801 2500 caperemus
825 2417 992 2496 solatium,
1017 2417 1098 2481 illud
1124 2426 1240 2481 tamen
1268 2429 1347 2474 nurus
1390 2441 1420 2473 a

132 2527 279 2612 graviter
303 2522 511 2604 molesteque
537 2520 685 2599 tulimus,
711 2521 802 2604 quod
830 2521 916 2586 inter
942 2541 1009 2598 eos,
1034 2541 1118 2603 quos
1146 2517 1242 2584 vobis
1267 2487 1421 2600 ffimdissl.

131 2630 271 2697 subesse
285 2635 429 2710 oportet,
451 2625 606 2688 homines
622 2642 688 2688 non
705 2624 817 2690 desint
832 2625 899 2710 qui,
923 2633 1101 2709 praetexto
1129 2621 1242 2687 studio
1268 2605 1421 2713 fflffl'

131 2733 279 2801 tuendae
294 2729 469 2813 dignitatis
486 2727 640 2804 Nostrae,
655 2737 800 2792 vestram
825 2737 1023 2808 extenuant,
1046 2739 1080 2795 et
1102 2728 1243 2795 dissidia
1270 2731 1354 2779 rentes,

131 2843 280 2902 serentes
296 2832 540 2916 impedimento
555 2841 634 2895 sunt
648 2831 785 2896 salutari
796 2831 980 2897 ministerio
996 2842 1109 2897 vestro
1131 2832 1244 2897 eiusve

131 2941 260 3004 fructus
276 2935 490 3001 imminuunt.
503 2971 548 2984 -
564 2934 667 2998 Haud
684 2955 744 2999 vos
760 2935 926 3018 praeterit,
942 2935 1056 3001 dilecti
1085 2934 1144 3001 filii
1171 2936 1245 3002 No·

132 3042 193 3106 stri
208 3049 243 3105 et
258 3039 478 3104 Venerabiles
495 3037 638 3116 Fratres,
653 3059 739 3122 quae
767 3037 875 3104 Nobis
902 3059 981 3106 cura
1009 3039 1053 3104 sit
1082 3049 1120 3105 ut
1147 3060 1244 3106 suum

131 3146 276 3230 quisque
292 3153 406 3209 teneat
431 3143 464 3206 in
483 3142 634 3207 Ecclesia
658 3143 723 3208 Dei
750 3144 891 3227 gradum
918 3144 950 3207 in
979 3164 1047 3227 quo
1077 3143 1160 3208 situs
1187 3153 1246 3219 est,

136 3268 246 3333 neque
262 3256 471 3331 pervertatur
485 3247 569 3310 ordo
585 3267 604 3311 a
620 3247 735 3312 divino
745 3247 927 3314 Conditore
943 3249 1014 3311 eius
1025 3247 1245 3311 constitutus.

137 3355 318 3436 Propterea
334 3370 466 3434 semper
481 3351 593 3415 studia
616 3349 764 3416 fidelium
792 3372 853 3435 pro
879 3352 1020 3416 veritate
1047 3349 1246 3414 certantium
1272 3346 1422 3448 ξξῇιῇῗζζξ

137 3457 185 3520 ita
199 3453 427 3538 probavimus,
442 3453 469 3518 si
485 3454 518 3517 in
536 3455 642 3518 aciem
667 3455 841 3538 prodirent
864 3453 1068 3520 Antistitum
1093 3451 1197 3517 ductu
1213 3461 1247 3516 et
1274 3409 1388 3508 aaronis

137 3557 346 3624 auctoritate.
363 3555 513 3623 Caveant
525 3557 589 3636 isti,
604 3559 662 3642 qui
678 3558 753 3642 plus
769 3557 833 3623 sibi
849 3567 1009 3643 arrogant
1019 3577 1120 3640 quam
1132 3575 1246 3621 eorum
1274 3525 1356 3633 lm,
1369 3533 1426 3638 ill

138 3657 289 3725 conditio
317 3659 411 3738 ferat,
436 3680 478 3726 ne
506 3661 628 3727 milites
652 3661 833 3739 imitentur,
862 3661 919 3746 qui
946 3661 1098 3744 legitima
1123 3662 1247 3724 ducum
1271 3637 1426 3756 lssrafrllss

140 3764 368 3828 detrectantes
383 3764 522 3848 imperia
537 3767 714 3830 castrensis
730 3765 927 3850 disciplinae
952 3764 1045 3848 leges
1063 3763 1249 3846 infringunt
1276 3755 1426 3863 mem·

143 3887 183 3932 ac
198 3887 260 3950 pro
275 3867 408 3932 virtutis
424 3869 578 3951 praemiis
599 3868 802 3954 ignominiae
828 3879 945 3934 notam
974 3876 1152 3933 merentur.
1177 3866 1248 3931 Me·
1371 3849 1377 3862 ¹

141 3970 307 4048 minerint‚
322 3971 351 4034 si
378 3971 565 4037 Ecclesiam
589 3973 742 4056 diligunt,
766 3981 1002 4037 contumacem
1027 3981 1061 4036 et
1088 3971 1249 4054 importu·
1283 4036 1288 4047 ,
1314 3974 1430 4080 Dffr

140 4092 222 4137 num
254 4074 362 4139 zelum
394 4075 513 4140 inertia
543 4077 742 4140 deteriorem
776 4095 857 4154 esse,
887 4076 1083 4159 praesertim
1116 4075 1149 4138 in
1188 4073 1250 4137 hac
1276 4049 1409 4142 {glum

142 4179 263 4241 misera
279 4197 389 4242 rerum
405 4179 556 4243 omnium
573 4178 835 4263 perturbatione.
851 4178 978 4242 -Nos
994 4179 1125 4242 interim
1145 4177 1251 4241 aDeo
1278 4157 1347 4202 '‘²¹⁴''

141 4282 372 4363 adprecamur,
387 4292 424 4346 ut
442 4301 559 4347 omnes
586 4283 638 4346 sui
664 4283 775 4366 gregis
806 4301 885 4346 oves
912 4291 1085 4365 pastorum
1112 4279 1251 4344 vocibus

141 4383 269 4450 dociles
285 4384 406 4452 efficiat
421 4396 455 4454 et
470 4409 530 4454 vos
555 4389 588 4454 in
613 4389 718 4454 ardua
735 4389 839 4454 vestri
856 4390 1002 4454 muneris
1019 4387 1251 4472 perfunctione
