3230 4874
268 397 320 450 DE
338 394 663 450 CONGREGATIONE
679 393 1100 448 aucto-nurtumctmn.
1170 389 1238 459 103

131 583 166 640 et
182 572 308 638 fructus
323 569 494 658 proferant
505 589 582 636 vere
597 571 858 654 salutares,opus
873 578 925 634 est
937 567 1001 633 illis
1011 588 1078 634 non
1092 565 1241 633 ministe·
1267 560 1415 659 mm

131 679 182 743 rio
198 685 331 742 tantum
349 673 601 753 monachorum,
614 676 673 740 sed
690 675 799 740 multo
815 673 922 758 magis
937 671 1103 756 exemplis
1125 689 1240 736 eorum
1308 666 1374 725 ¹890·

129 787 362 866 sanctissimis,
376 807 464 872 quae
479 785 617 852 mirifice
631 794 772 871 possunt
788 786 831 850 ad
848 786 1022 851 veritatem
1039 785 1241 870 persuaden-

128 897 221 972 dam,
236 891 280 956 ad
295 890 454 956 virtutem
479 889 804 956 commendandam:
828 899 862 954 et
887 888 965 954 licet
988 887 1134 953 cultores
1156 886 1242 952 tales

127 993 345 1079 evangelicae
358 994 486 1072 vineae,
507 993 663 1060 industrii
686 993 952 1078 probabilesque,
970 1009 1036 1056 oon
1053 991 1174 1067 desint,
1201 1009 1242 1054 eo

129 1111 247 1168 tamen
273 1097 385 1182 plures
409 1097 675 1164 numerabuntur
697 1108 732 1163 et
759 1095 834 1181 plus
858 1096 1059 1162 auctoritate
1073 1095 1243 1173 valebunt,

130 1225 202 1292 quo
223 1202 433 1269 monasteriis
455 1203 622 1286 praesidia
643 1203 865 1268 institutionis
888 1200 1102 1278 accreverint.
1124 1209 1159 1266 et
1182 1200 1243 1266 lux

129 1306 340 1376 domesticae
368 1305 583 1391 perfectionis
612 1307 824 1391 praestiterit.
850 1343 895 1358 —-
921 1305 1074 1372 Edendis
1108 1306 1244 1388 insuper
1299 1329 1421 1376 monaste-

130 1411 265 1496 scriptis
280 1429 384 1495 quum
400 1430 539 1496 campus
556 1411 770 1478 missionibus
786 1421 902 1495 pateat
911 1411 1029 1496 copiae
1041 1409 1245 1495 multiplicis,
1269 1390 1422 1520 aaz*

130 1515 165 1581 in
192 1533 263 1600 quo
288 1513 385 1580 Ordo
408 1515 647 1582 Benedictinus
672 1536 732 1600 per
756 1521 885 1582 aetates
900 1534 1018 1580 omnes
1045 1522 1142 1579 tanta
1168 1532 1243 1579 cum
1266 1510 1423 1629 mm·

129 1619 239 1704 gloria
265 1617 459 1698 elaboravit.
485 1619 519 1684 in
544 1641 586 1686 eo
609 1621 684 1704 ipso
709 1619 853 1685 Familia
880 1617 1035 1702 Angites,
1057 1617 1245 1684 coniunctis
1271 1628 1421 1689 serapem.

129 1723 254 1790 animis
270 1734 305 1789 et
319 1722 499 1802 laboribus,
512 1724 741 1790 doctrinarum
766 1723 888 1790 studiis
910 1723 1068 1788 excitatis
1092 1731 1194 1806 atque
1210 1721 1244 1786 in

131 1825 254 1892 melius
269 1825 445 1910 provectis,
458 1825 600 1893 honeste
615 1829 739 1912 poterit
752 1827 944 1910 utiliterque
959 1837 1107 1892 certare:
1121 1825 1247 1908 scripta

132 1929 225 1994 enim
242 1929 439 1995 eruditionis
461 1929 563 2014 plena
578 1942 612 1997 et
627 1931 796 1998 litteratae
811 1929 988 2014 gravitatis
1009 1929 1194 1996 admodum
1211 1929 1245 1994 in

130 2032 264 2116 Aoglia
293 2031 483 2116 proficiunt,
508 2034 566 2100 ubi
597 2035 817 2118 intelligentis
841 2033 955 2098 iudicii
983 2033 1063 2098 viris
1092 2035 1247 2116 quaesita

130 2136 329 2222 probantur,
343 2138 562 2221 scriptoribus
577 2139 751 2205 catholicis
777 2138 922 2221 gratiam
949 2137 1142 2216 conciliant,
1155 2156 1247 2200 reve·

131 2240 278 2306 rentiam
309 2240 448 2307 eliciunt
477 2263 557 2326 erga
585 2241 772 2308 Ecclesiam
804 2260 989 2318 romanam,
1019 2242 1063 2306 ad
1095 2259 1248 2321 eamque,

129 2343 233 2432 quod
243 2338 281 2406 fit
294 2361 465 2427 persaepe,
480 2345 597 2410 devios
613 2344 765 2409 invitant.
781 2379 826 2394 —-
844 2341 905 2407 llla
920 2361 1056 2426 quoque
1080 2340 1248 2406 laboriosa
1272 2341 1327 2410 ¹2¹⁰.
1341 2339 1426 2386 “im

131 2457 168 2511 et
197 2446 310 2529 magni
338 2447 502 2513 momenti
518 2467 631 2532 opera,
646 2468 748 2532 quam
768 2447 971 2512 imbuendae
987 2446 1247 2528 edocendaeque
1273 2402 1425 2504 iiiiii&

130 2549 301 2616 iuventuti
328 2548 362 2616 in
392 2551 482 2616 ludis
512 2551 682 2618 litterariis
712 2563 746 2618 et
777 2554 810 2616 in
847 2547 1008 2635 e'phebeis
1047 2549 1248 2614 missionarii
1272 2517 1324 2622 iiii,
1333 2518 1424 2636 affigi}

133 2651 347 2736 impendunt,
376 2673 421 2718 ex
453 2656 595 2722 arctiore
631 2675 710 2720 cum
750 2653 962 2720 monasteriis
1000 2653 1249 2720 necessitudine
1272 2635 1426 2742 {3222

132 2756 284 2822 futurum
315 2756 466 2841 prolecto
496 2759 568 2838 erit,
594 2770 631 2827 ut
661 2759 841 2843 perfectius
867 2759 1031 2842 quiddam
1063 2755 1249 2840 contingat,
1265 2755 1387 2816 frutua-

131 2869 379 2946 proptereaque
405 2859 464 2927 liat
488 2873 523 2929 et
549 2864 582 2928 in
610 2864 865 2929 existimatione
891 2862 1035 2947 amplior
1062 2871 1096 2926 et
1118 2859 1247 2926 civitati

136 2964 254 3032 multis
269 2963 380 3030 modis
396 2965 537 3033 uberior.

180 3069 260 3134 Huc
272 3068 440 3148 nimirum,
452 3079 488 3136 ut
505 3091 573 3136 una
583 3091 629 3137 ex
645 3071 857 3138 monasteriis
873 3090 912 3136 ac
929 3069 1144 3137 missionibus
1155 3088 1246 3134 com·
1273 3065 1424 3170 amm*

1346 3125 1377 3169 ha

132 3172 252 3240 munio
267 3172 433 3252 evaderet,
448 3173 495 3238 sic
512 3185 550 3242 ut
565 3175 804 3241 coenobiorum
832 3174 1044 3258 praepositis,
1069 3183 1245 3257 tamquam
1273 3139 1410 3230 miserandi

133 3277 314 3362 potestatis
348 3295 487 3343 munere
522 3279 812 3357 antecedentibus,
849 3277 1006 3346 monachi
1046 3276 1246 3342 missionarii
1271 3245 1424 3349 finam&

131 3379 312 3446 subessent
336 3389 372 3445 et
397 3379 583 3461 obedirent,
605 3401 766 3465 responsa
792 3389 1040 3466 spectaverunt,
1066 3401 1086 3446 a
1106 3378 1246 3446 delectis
1271 3361 1419 3468 'C‘Jssfflm

132 3481 373 3552 Cardinalibus
387 3484 469 3549 data
484 3494 518 3550 et
533 3487 734 3552 auctoritate
752 3485 878 3554 Nostra
902 3484 1043 3552 firmata
1068 3484 1143 3550 Etsi
1167 3505 1247 3550 vero
1272 3480 1409 3534 inmo

131 3587 178 3653 ad
191 3596 294 3672 caput
305 3587 512 3672 quaestionis
525 3589 670 3674 primum
684 3615 691 3656 :
704 3605 723 3660 t
737 3590 982 3674 Derogandum
997 3609 1040 3656 ne
1051 3599 1085 3654 et
1097 3607 1246 3672 quonam

134 3709 154 3765 t
172 3696 277 3760 modo
291 3695 336 3760 de
351 3694 550 3762 Urbaniana
566 3697 819 3765 Constitutione
837 3697 998 3762 Plantam
1013 3715 1076 3780 pro
1099 3693 1246 3778 Congre-
1272 3755 1320 3788 m
1344 3739 1426 3800 infici,

136 3799 311 3883 (gatione
334 3797 756 3882 Anglo·Bcnedictina?»
788 3820 987 3884 responsum
1017 3808 1095 3866 est:
1123 3813 1140 3868 t
1167 3799 1245 3864 Non
1272 3807 1408 3870 mmmm

134 3902 241 3969 videri
257 3903 301 3968 de
319 3921 359 3966 ea
373 3903 606 3986 derogandum
621 3917 659 3974 >r
674 3923 742 3970 non
758 3915 873 3970 tamen
898 3903 932 3969 ld
958 3901 1083 3968 iactum
1108 3902 1247 3986 perinde
1271 3861 1423 3980 {dmum

134 4003 232 4091 quasi
262 4025 303 4068 ea
333 4005 491 4070 rectionis
521 4007 607 4071 ratio
636 4007 729 4072 nulla
759 4007 832 4072 visa
856 4005 901 4073 sit
925 4005 1163 4072 emendatione
1189 4015 1249 4072 aut

136 4107 374 4176 immutatione
389 4127 496 4191 egere,
511 4119 546 4175 at
570 4111 679 4175 verius
704 4111 783 4193 quia
807 4129 886 4192 spes
912 4117 984 4175 erat
1010 4107 1082 4175 lore
1110 4119 1146 4176 ut
1161 4109 1247 4174 eius·

142 4213 234 4278 modi
251 4212 382 4297 rogatio
397 4233 417 4276 a
430 4211 604 4279 monachis
619 4213 700 4298 ipsis
715 4212 989 4298 proficisceretur,
999 4213 1132 4297 saepius
1148 4223 1249 4279 antea

140 4317 308 4402 protessis,
337 4316 435 4382 huius
465 4317 687 4402 Apostolicae
716 4317 816 4384 Sedis
845 4319 972 4404 optatis
1002 4317 1108 4383 nihilo
1138 4318 1249 4382 minus

142 4441 246 4506 quam
272 4419 409 4486 monitis
432 4421 685 4507 praeceptisque
709 4421 802 4487 omni
828 4441 865 4487 se
887 4421 973 4488 velle
996 4429 1031 4487 et
1046 4420 1250 4488 demissione
