3250 4876
625 336 627 343 ,
701 336 738 345 „

583 352 600 369 ἰ
619 353 634 371 ἰ
657 352 676 370 ’ν
693 352 708 369 ἰ
730 340 749 371 'l-
767 350 787 370 ὐ
804 351 819 367 ’-
842 350 856 367 ¹-
879 352 893 367 ἰ
915 350 930 367 ’ν
952 349 968 367 “ι
990 350 1005 365 ‘-
1027 350 1040 367 '·
1065 350 1078 382 k
1100 351 1119 367 'w
1137 350 1151 367 ἰ
1174 350 1193 367 'a-
1210 350 1230 367 ἰι
1247 350 1267 367 'u
1293 358 1304 369 η
1323 350 1339 367 ἰ
1357 350 1363 361 ¹

464 471 789 553 LITTERAE
828 465 1275 551 ueneror-rcus:
1378 418 1407 578 {3

391 657 457 719 DE
491 655 743 719 CANOHICA
777 653 1125 716 THEOLOGICAE
1155 655 1334 716 FACUL·

433 823 572 884 TATIS
606 823 884 884 ERECTIONE
918 821 971 880 m
1006 820 1286 884 CATHOLICA

510 1473 760 1539 mendationem
798 1474 889 1557 apud
925 1471 1159 1558 Apostolicam
1191 1473 1312 1540 Sederu
1346 1476 1412 1541 sibi

507 1596 724 1660 comparasse
738 1573 791 1640 vel
807 1595 853 1640 ex
869 1595 986 1640 caussa
1003 1575 1099 1640 facile
1114 1575 1298 1654 coniicitur,
1309 1599 1414 1662 quare

124 1657 276 1762 '‘ffl‘ffl'
301 1683 455 1748 decessor
481 1681 606 1746 Noster
633 1679 793 1745 Urbanus
819 1680 853 1745 V
876 1680 1036 1745 mortales
1065 1679 1224 1762 Angelici
1251 1668 1413 1746 Doctoris

139 1778 261 1904 ’ζζξζῖζξζ
301 1785 441 1851 exuvias
456 1783 618 1849 Tolosam
643 1781 813 1847 transferri
837 1783 956 1860 iussit;
983 1801 1084 1864 quam
1111 1801 1264 1848 caussam
1290 1783 1412 1849 beatus

130 1891 266 1996 agalmata
300 1889 355 1954 ille
372 1889 530 1954 Pontifex
546 1889 594 1953 ita
609 1885 813 1972 significavit
831 1902 849 1956 t
865 1887 943 1970 quia
960 1886 1005 1951 ibi
1029 1895 1080 1950 est
1098 1885 1308 1953 Universitas
1323 1909 1413 1956 nova

123 1965 276 2057 ῗηιῗὺνῆἷῖ
300 1995 334 2058 in
350 1993 530 2076 theologia,
544 2012 645 2077 quam
662 1990 740 2056 volo
755 1988 886 2056 fundari
903 1990 1061 2055 insolida
1087 2000 1121 2055 et
1137 1989 1232 2056 firma
1254 1991 1410 2057 doctrina

125 2071 275 2176 Jssssssm'
300 2097 388 2162 illius
404 2097 511 2161 sancti
527 2109 557 2164 l.
574 2095 778 2160 Huiusmodi
798 2092 1072 2171 Universitatem,
1088 2113 1176 2178 quae
1191 2093 1328 2177 quidem
1352 2095 1412 2158 ubi

164 2208 277 2271 Pvnlt's‘x
302 2201 388 2266 tanti
412 2199 474 2265 viri
500 2208 534 2264 et
557 2197 685 2264 conditi
709 2207 789 2261 sunt
816 2197 899 2262 sacri
926 2198 1055 2262 cineres
1080 2207 1114 2262 et
1130 2195 1290 2280 singulari
1308 2197 1413 2262 modo

122 2269 277 2374 mdiv?
304 2305 465 2371 memoria
480 2303 665 2368 celebratur
677 2300 773 2386 quasi
790 2312 1046 2366 monumentum
1063 2310 1171 2378 extat,
1181 2301 1303 2366 nostris
1318 2301 1413 2365 hisce

126 2387 278 2494 wlff?
305 2407 512 2494 temporibus
528 2427 608 2472 cura
622 2405 818 2491 praesertim
834 2413 937 2490 atque
951 2426 1054 2490 opera
1069 2415 1141 2470 tum
1155 2395 1324 2484 Tolosam,
1338 2415 1413 2470 tum

187 2521 222 2554 '⁸‘-
306 2515 407 2578 trium
423 2512 620 2578 viciniorum
643 2510 844 2575 dioeceseon
860 2508 1066 2575 Antistitum
1094 2511 1314 2574 instauratam
1340 2531 1415 2577 esse

306 2637 344 2682 ac
361 2627 565 2694 renovatam,
582 2614 654 2679 Nos
682 2632 897 2697 summopere
922 2614 1137 2680 delectamur.
1153 2612 1306 2697 Vestigia
1322 2615 1414 2679 enim

306 2724 439 2806 sequuti
454 2723 668 2786 decessorum
684 2721 898 2797 Nostrorum,
913 2721 970 2804 qui
997 2741 1165 2786 sacrarum
1183 2721 1414 2786 doctrinarum

305 2827 462 2891 custodes
478 2845 545 2890 non
563 2825 665 2890 modo
681 2825 854 2890 sedetiam
874 2825 1020 2888 lautores
1036 2845 1168 2908 semper
1184 2827 1336 2904 extitere,
1346 2825 1414 2890 iam

307 2930 385 2996 inde
401 2951 422 2994 a
437 2930 554 2994 Nostri
570 2925 790 2994 Pontificatus
808 2927 904 2992 initio
920 2929 1069 2992 studiose
1090 2927 1244 2993 dedimus
1269 2949 1418 3012 operam,

169 3044 282 3114 ‚Recolr't
308 3045 346 3100 ut
361 3035 574 3100 scientiarum
590 3033 740 3096 omnium
758 3032 913 3114 princeps
929 3043 963 3096 et
979 3032 1052 3096 dux
1081 3029 1261 3115 theologia,
1276 3053 1321 3096 ex
1337 3033 1416 3097 clvi·

129 3105 283 3224 wagriff
308 3139 394 3204 libus
419 3138 499 3202 exul
515 3137 712 3215 Athenaeis,
738 3135 770 3199 in
798 3135 976 3218 pristinum
1005 3137 1107 3200 decus
1132 3136 1223 3218 apud
1250 3137 1416 3202 catholica

130 3224 227 3328 {m
248 3223 284 3328 βξ
308 3245 495 3310 studiorum
512 3242 665 3306 instituta
681 3249 899 3305 revocaretur.
925 3239 1099 3324 Siquidem
1129 3243 1163 3306 in
1190 3250 1244 3307 tot
1267 3262 1415 3307 errorum

127 3341 285 3412 limiffl‘d‘
308 3346 455 3412 tenebris
479 3345 562 3410 utile
586 3363 658 3408 essc
685 3353 719 3410 et
746 3345 897 3408 maxime
920 3343 1082 3426 expedire
1097 3344 1207 3410 Nobis
1229 3347 1337 3410 visum
1354 3357 1416 3425 est,

130 3407 211 3461 ‘W'
308 3449 511 3514 clarissimae
537 3447 636 3512 huius
661 3447 859 3530 discit)linae
884 3447 998 3512 mdia
1023 3449 1171 3532 vaehf’
1187 3448 1416 3534 quippequae

162 1536 274 1584 Gloriam

119 1595 217 1666 prioris
246 1612 273 1642 rr·

123 1265 451 1642 Μσῆωἱῖ
489 1265 639 1332 ΧΙΜΙΑ
661 1283 828 1330 sacramm
855 1264 1108 1348 disciplinarum
1138 1264 1237 1330 laude
1259 1265 1409 1334 floruisse

1 1393 2 1396 ’
167 1376 234 1436 ἰθθᾳ
359 1381 425 1532 E
451 1265 716 1640 {Tolosanam
743 1368 871 1447 urbem,
891 1377 927 1435 et
953 1369 1156 1452 singularem
1187 1371 1230 1434 de
1254 1370 1294 1434 iis
1320 1391 1413 1438 com.

308 3553 350 3619 ad
369 3562 497 3618 mentes
513 3550 646 3616 divinae
662 3551 811 3616 veritatis
838 3551 966 3617 lumine
993 3551 1217 3632 illustrandas,
1233 3555 1276 3618 ad
1293 3574 1418 3638 propu-

307 3659 478 3742 gnandam
490 3656 690 3720 catholicam
702 3653 866 3731 fidem,ad
878 3655 1030 3720 omnium
1042 3657 1189 3740 denique
1200 3657 1416 3722 scientiarum

307 3765 550 3828 incrementum
577 3767 710 3824 tantum
737 3759 840 3824 habet
869 3759 1045 3840 momenti,
1061 3771 1097 3825 ut
1114 3759 1196 3824 nihil
1212 3761 1303 3844 quod
1321 3783 1416 3844 prae-

307 3879 400 3932 stans
427 3887 466 3930 ac
494 3864 624 3948 insigne
651 3863 694 3927 sit
715 3864 787 3927 sine
802 3884 842 3928 ea
858 3873 1041 3945 promatur.
1056 3864 1136 3949 Quo
1152 3885 1230 3930 vero
1247 3864 1416 3930 uberiores

308 3990 353 4032 ex
368 3989 408 4034 ea
423 3968 548 4050 percipi
565 3967 693 4030 fructus
709 3977 856 4048 possent,
866 3968 939 4032 Nos
954 3968 1045 4032 haud
1055 3965 1158 4031 semel
1176 3967 1416 4050 praecepimus,

308 4077 345 4133 ut
360 4069 551 4153 theologiae
567 4069 760 4154 magisteria
775 4081 990 4153 augerentur,
1005 4070 1118 4134 studia
1143 4079 1256 4134 autem
1279 4069 1322 4135 ad
1339 4092 1414 4135 eam

238 4179 240 4184 ’
307 4171 523 4254 exigerentur
548 4173 724 4252 rationem,
745 4191 833 4255 quae
857 4192 876 4236 a
902 4193 1036 4238 summo
1062 4173 1337 4239 scholasticorum
1365 4183 1417 4239 est

308 4276 489 4357 proposita.
508 4275 560 4336 Ea
575 4276 711 4357 quidem
736 4275 851 4339 omnia
876 4275 1054 4358 diligenter
1071 4274 1278 4359 fideliterque
1303 4277 1336 4342 in
1361 4299 1416 4342 ca·

309 4375 434 4440 tholico
449 4375 622 4441 Tolosano
637 4379 817 4443 Athenaeo
833 4379 898 4442 iam
917 4383 1071 4444 conlecta
1087 4399 1159 4444 esse
1185 4389 1218 4444 et
1234 4381 1357 4444 scimus
1378 4391 1414 4447 et
