3172 4874
412 377 480 464 198
560 393 748 444 cirri-:nne
777 391 932 442 encres.
955 378 976 406 ‘⁸
991 393 1124 444 xenon
1152 391 1337 443 xovnnux
1356 424 1376 451 ,,

407 505 522 516 ,ψη-.-

404 587 488 644 sum,
505 587 591 650 quae
606 568 650 631 sit
665 567 755 630 vitae
770 566 803 630 in
817 565 918 630 caelis
933 567 1158 650 sempiternae
1172 575 1400 630 consentanea
1409 563 1477 648 Quin

404 672 506 736 etiam
532 671 566 734 in
582 671 646 734 hoc
672 689 794 754 genere
821 670 956 734 tractari
971 689 1008 734 se
1023 689 1090 734 non
1113 671 1352 735 convenienter
1369 681 1479 734 namne

226 774 379 832 ΜΨ
405 796 494 852 suae,
523 775 693 860 animique
717 774 911 838 servitutem
942 774 1063 839 servire
1093 775 1187 852 velle,
1221 793 1264 838 ne
1292 793 1352 838 sua
1372 773 1478 856 quiden
1520 777 1521 850 i

226 833 293 938 ἴς
311 833 378 938 ‘badi'
404 889 526 962 sponte
542 878 644 942 homo
660 887 792 962 potest:
816 879 1029 960 nequeenim
1046 878 1088 942 de
1104 877 1229 942 iuribus
1246 876 1367 960 agitur,
1381 877 1418 939 de
1429 873 1479 957 qui·

221 957 302 1010 Μ’
404 984 466 1049 bus
482 984 526 1048 sit
542 983 709 1066 integrum
725 981 865 1060 homini,
891 1001 1006 1046 venrm
1022 981 1066 1048 de
1081 979 1198 1046 officiis
1213 983 1374 1046 adversus
1389 979 1479 1043 Deun.

403 1107 490 1170 quae
506 1105 641 1150 necesse
656 1095 708 1149 est
723 1094 839 1148 sancte
854 1083 986 1148 servari.

255 1207 324 1256 Hinc
341 1220 376 1253 re·
449 1189 540 1254 Hinc
556 1189 773 1272 consequitur
801 1189 930 1272 requies
946 1208 1086 1271 operum
1114 1197 1148 1253 ct
1163 1188 1320 1253 laborum
1337 1209 1393 1271 per
1405 1187 1479 1250 festos

224 1267 379 1388 Ξῖζῖᾋζζ
402 1290 474 1357 dies
490 1295 683 1358 necessaria
699 1293 737 1358 Id
751 1303 864 1358 tamen
882 1313 982 1358 nemo
994 1293 1159 1376 intelligat
1170 1294 1213 1358 de
1225 1294 1356 1358 maiore
1366 1293 1479 1375 quadan

224 1401 325 1432 mna·
402 1397 518 1462 inertis
545 1399 604 1462 otii
630 1417 738 1476 usura,
762 1397 935 1482 multoque
959 1399 1070 1462 minus
1093 1399 1136 1463 de
1159 1399 1359 1476 cessatione,
1378 1395 1477 1481 qualern
1520 1389 1521 1404 ¹

220 1459 377 1622 ᾗτὶνσέ
404 1500 499 1564 multi
516 1509 691 1582 expetunt,
718 1499 857 1565 fautrice
872 1489 1030 1567 vitiorum
1047 1511 1081 1567 et
1097 1503 1139 1568 ad
1161 1501 1344 1567 effusiones
1359 1501 1478 1584 pecuda

222 1637 264 1670 m
279 1637 321 1669 nx
340 1624 375 1681 sp·
403 1623 474 1668 rum
486 1605 716 1681 adiutrice,sed
731 1607 869 1668 omnino
881 1605 924 1669 de
937 1605 1086 1688 requiete
1095 1625 1232 1688 operum
1243 1627 1309 1688 per
1320 1607 1477 1688 religionen
1520 1641 1521 1646 κ

224 1683 376 1790 {ffmn
403 1719 605 1772 consecrata.
619 1707 808 1773 Coniuncta
819 1727 896 1773 cum
912 1707 1074 1791 reiigione
1089 1711 1182 1792 quies
1192 1719 1332 1774 sevocat
1343 1710 1478 1774 hominen

403 1829 423 1872 a
439 1808 609 1875 laboribu's
637 1813 849 1895 negotiisque
867 1813 956 1876 vitae
973 1812 1194 1896 quotidianae
1217 1821 1254 1876 ut
1271 1813 1317 1876 ad
1333 1811 1478 1894 cogitanda

403 1924 536 1978 revocet
575 1915 665 1978 bona
703 1915 870 1993 caelestia,
906 1915 1189 1998 tribuendumque
1222 1916 1354 1982 cultum
1384 1911 1479 1979 numini

402 2027 540 2083 aeterno
568 2019 692 2083 iustum
722 2038 761 2082 ac
785 2018 948 2085 debitum.
973 2019 1070 2084 Haec
1095 2021 1244 2085 maxime
1268 2031 1388 2086 natura
1408 2031 1477 2100 atque

403 2119 485 2184 haec
500 2141 619 2184 caussa
635 2122 758 2204 quietis
774 2131 826 2185 est
839 2123 873 2185 in
889 2122 962 2186 dies
977 2121 1082 2187 festos
1094 2123 1296 2206 capiendae:
1313 2123 1399 2206 quod
1414 2121 1476 2184 Deus

402 2233 437 2288 et
454 2225 486 2288 in
503 2223 725 2290 Testamento
739 2225 843 2290 veteri
859 2225 1039 2308 praecipua
1062 2225 1136 2308 lege
1151 2227 1281 2292 sanxit:
1297 2227 1477 2290 Memenuu

402 2331 489 2394 diem
507 2331 638 2396 sabbati
655 2331 833 2415 sanctifices
848 2332 909 2415 (1);
930 2341 964 2396 et
980 2332 1071 2398 facto
1087 2333 1159 2416 ipse
1175 2353 1237 2398 suo
1251 2334 1377 2410 docuit,
1391 2347 1476 2395 arcana

403 2436 561 2518 requiete,
575 2437 689 2501 statim
701 2447 922 2518 posteaquam
937 2435 1118 2501 fabricatus
1133 2437 1305 2502 hominem
1319 2447 1476 2513 erat,sump
1519 2515 1520 2520 ἵ

403 2551 454 2603 ta:
464 2541 641 2622 Requievit
651 2539 704 2604 die
717 2540 850 2622 septimo
862 2539 903 2604 ab
927 2541 1080 2604 uniuerso
1094 2553 1183 2624 opere
1196 2541 1287 2624 quod
1289 2548 1437 2626 patrarat
1446 2533 1475 2616 (i-
1519 2531 1520 2596 Ῐ

262 2655 289 2724 β)
310 2661 378 2730 sque
449 2643 550 2726 Quod
567 2645 609 2708 ad
637 2643 778 2707 tutelam
795 2644 959 2707 bonorum
987 2645 1135 2726 corporis
1150 2655 1183 2708 et
1199 2655 1419 2718 externorum,
1436 2635 1476 2721 pn‘·

227 2721 380 2826 {fffiffia
406 2765 499 2810 mum
526 2747 677 2811 omnium
705 2748 832 2829 eripere
860 2747 998 2810 miseros
1021 2747 1158 2829 opifices
1185 2767 1205 2812 e
1227 2749 1367 2813 saevitia
1380 2745 1475 2828 oportti

228 2839 358 2891 mm·
405 2845 955 2932 hominumcupidorum,personis
966 2870 1027 2933 pro
1038 2851 1136 2914 rebus
1147 2853 1190 2915 ad
1201 2864 1378 2934 quaestum
1391 2851 1474 2914 inten-

407 2964 561 3036 peranter
572 2953 935 3019 abutentiumScilicet
944 2955 1176 3039 tantumexigi
1186 2956 1346 3037 operis,ut
1357 2953 1475 3018 hebescat

406 3057 537 3122 animus
550 3058 663 3121 labore
676 3057 924 3140 nimio,unaque
933 3078 1054 3140 corpus
1066 3059 1300 3140 defatigationi
1309 3053 1473 3124 succumbat

406 3183 473 3225 non
490 3161 626 3237 iustitia,
642 3180 709 3225 non
726 3161 918 3224 humanitas
934 3163 1071 3243 patitur.
1090 3163 1128 3226 In
1142 3163 1286 3238 homine,
1304 3163 1386 3225 sicut
1398 3151 1474 3221 uniit

230 3305 266 3364 p)
289 3307 381 3366 imfi-
408 3277 526 3332 natura
541 3285 611 3341 sua,
621 3265 668 3328 ita
678 3275 711 3328 et
727 3265 776 3328 vis
786 3262 934 3328 efficiens
946 3264 1044 3329 certis
1061 3275 1113 3330 est
1124 3266 1370 3347 circumscripta
1380 3259 1472 3328 finibus,

229 3367 380 3436 ‘amitt'
406 3378 504 3433 extra
530 3389 615 3452 quos
639 3367 752 3450 egredi
776 3385 843 3430 non
868 3377 988 3450 potest.
1011 3367 1156 3432 Acuitur
1178 3369 1235 3432 illa
1257 3367 1388 3449 quidem
1407 3375 1472 3423 exer·
1518 3385 1519 3392 ¹

229 3428 311 3532 me
344 3439 384 3530 Ἴ]
406 3473 565 3536 citatione
580 3479 682 3553 atque
703 3488 775 3544 usu,
800 3469 859 3532 sed
876 3470 939 3533 hac
955 3479 1069 3534 tamen
1086 3469 1213 3554 legent
1235 3489 1334 3554 agere
1348 3458 1471 3532 intenuit·

230 3551 381 3651 mme-
407 3585 457 3640 tat
482 3577 666 3640 identidem
698 3583 732 3638 et
755 3573 954 3657 acquiescat
988 3575 1041 3638 De
1068 3575 1268 3656 quotidiano
1291 3574 1386 3657 igitur
1403 3576 1472 3648 opere

230 3669 280 3710 ‘'⁶'‘
406 3681 589 3745 videndum
620 3697 663 3742 ne
704 3677 737 3741 in
774 3678 885 3760 piures
919 3678 1118 3742 extrahatur
1152 3679 1260 3756 horas,
1293 3695 1387 3762 quam
1406 3671 1470 3733 vir&

406 3785 528 3847 sinant.
552 3780 732 3845 Intervalla
765 3799 844 3844 vero
875 3781 1069 3862 quiescendi
1095 3791 1222 3864 quanta
1255 3801 1327 3845 esse
1355 3773 1469 3860 oporteat

406 3881 451 3950 ex
467 3886 559 3949 vario
574 3904 695 3968 genere
710 3885 829 3966 operis,
854 3905 899 3946 ex
915 3885 1081 3948 adiunctis
1098 3895 1288 3967 temporum
1303 3895 1336 3948 et
1350 3882 1467 3945 loconn·

241 4023 293 4080 Quo
303 4023 381 4084 mgis
406 4007 451 4051 ex
467 3989 540 4069 ipsa
556 3985 713 4070 opificum
730 3988 923 4052 valetudine
946 3988 1173 4055 iudicandum.
1190 3987 1338 4072 Quorum
1352 3992 1395 4049 est
1410 3987 1467 4058 ορῑῑς

229 4085 381 4128 mm·
406 4091 553 4172 lapidem
569 4111 588 4154 e
603 4101 691 4155 terra
706 4091 895 4169 excindere,
910 4101 969 4154 aut
985 4090 1117 4170 ferrum,
1133 4111 1198 4170 aes,
1207 4091 1336 4174 aliaque
1351 4087 1379 4152 id
1391 4091 1465 4166 genus

229 4142 271 4185 bor
291 4147 330 4194 est.
356 4157 381 4188 eu

227 4201 378 4315 23⁰5?un
407 4193 553 4256 effodere
569 4194 703 4275 penitus
718 4195 844 4271 abdita,
870 4215 986 4259 eorum
1003 4194 1106 4275 labor,
1123 4197 1202 4280 quia
1219 4197 1323 4260 multo
1337 4189 1423 4256 maior
1431 4183 1466 4242 δῖ

407 4335 1463 4370 ,Ἣ

437 4443 457 4476 1.
472 4433 612 4487 Exod..xx.
627 4437 648 4480 8.
661 4459 691 4469 —
700 4449 721 4482 a.
734 4438 801 4490 Gen..
814 4448 842 4491 11.
856 4453 877 4484 a.
