3336 4870
191 1113 1275 1416 m

195 1514 208 1535 “’
364 1506 672 1573 RATULATIO
704 1507 873 1570 unanimis
897 1525 985 1588 quae
1012 1524 1032 1568 a
1060 1502 1167 1580 vobis,
1191 1499 1304 1564 dilecti
1406 1544 1421 1577 ο

203 1590 215 1626 ”
402 1610 469 1689 filii,
494 1621 528 1676 et
552 1633 572 1676 a
595 1612 758 1695 religiosis
785 1610 958 1674 sodalibus
990 1608 1111 1691 quibus
1142 1604 1305 1689 praeestis
1332 1589 1480 1678 ⁰⁸⁶1&ss

359 1761 366 1771 .
402 1715 510 1779 Nobis
526 1715 615 1780 iacta
631 1725 691 1794 est,
706 1716 797 1799 quod
814 1733 940 1778 annum
956 1713 1000 1776 ab
1016 1712 1100 1776 inito
1115 1708 1305 1774 sacerdotio

203 1856 206 1863 -
255 1832 301 1865 ·:
328 1832 335 1840 '
365 1840 375 1863 ·⁴
402 1819 719 1903 quinquagesimum
750 1817 895 1900 sospites
925 1815 1182 1900 impleverimus,
1213 1810 1303 1875 haud
1345 1791 1482 1897 tumul·

194 1923 366 1987 mediocre
392 1921 500 1986 Nobis
527 1924 641 1987 attulit
665 1922 824 1987 solatium
856 1931 889 1984 et
919 1920 1090 2003 gaudium.
1117 1918 1232 1999 Atque
1263 1935 1304 1980 eo
1330 1911 1482 2016 ffitfflj

191 2026 372 2090 iucundius
397 2026 470 2090 Nos
497 2025 610 2092 affecit
637 2047 676 2090 ea
701 2027 855 2109 egregiae
882 2024 1066 2089 voluntatis
1092 2020 1306 2105 significatio,
1330 2031 1438 2092 acceptis.

188 2131 284 2213 quod
301 2129 345 2193 ab
361 2130 489 2196 Ordine
505 2131 769 2214 proficisceretur
784 2131 842 2193 diu
865 2129 908 2192 de
926 2128 1077 2192 Ecclesia
1094 2126 1305 2208 multumque

118 2301 122 2306 ,
190 2236 336 2299 merito:
351 2234 408 2316 qui
435 2236 478 2298 ad
496 2234 719 2318 expoliendos
744 2233 895 2317 gentium
925 2251 1034 2296 mores
1051 2230 1138 2294 civili
1161 2232 1253 2295 cultu
1271 2241 1306 2296 et

190 2340 415 2404 humanitatis
445 2341 573 2405 artibus
600 2361 676 2406 cum
708 2339 869 2422 religione
899 2338 1086 2403 coniunctis
1117 2337 1232 2401 utilem
1265 2359 1304 2402 ac

189 2454 421 2529 praestantem
437 2465 574 2527 operam
592 2446 744 2510 contulit.
760 2446 874 2528 Quare
898 2444 1021 2506 amoris
1037 2443 1230 2507 testimonia
1246 2462 1305 2525 per

191 2567 256 2611 vos
289 2548 443 2613 exhibita
477 2560 573 2631 grata
608 2551 838 2614 recordatione
869 2547 1111 2630 prosequimur,
1137 2556 1171 2610 et
1201 2547 1305 2630 digna

188 2651 409 2732 agnoscimus
423 2651 547 2734 quibus
574 2673 689 2734 parem
717 2653 942 2735 rependamus
969 2659 1130 2731 paternae
1155 2651 1304 2714 caritatis

188 2755 310 2818 vicem.
328 2755 385 2818 Ex
401 2775 468 2836 quo
486 2754 522 2820 fit
550 2767 588 2821 ut
603 2758 712 2822 Nobis
738 2758 946 2842 gaudeamus
963 2754 1161 2835 iampridem
1178 2754 1303 2837 cogita·
1357 2790 1471 2850 Ponufex

188 2861 304 2923 tiones
331 2860 473 2924 Nostras
503 2859 603 2924 luisse
629 2880 806 2926 conversas
832 2861 875 2924 ad
902 2857 1133 2942 provehendas
1158 2860 1303 2923 rationes
1327 2855 1402 2910 W
1421 2851 1477 2902 Μ’

189 2964 333 3031 Ordinis
358 2967 469 3042 vestri,
485 2965 652 3048 simulque
676 2977 832 3050 optemus
860 2965 941 3028 illud
968 2965 1093 3048 ubique
1117 2983 1220 3046 penes
1244 2985 1303 3028 vos

187 3069 318 3146 induci,
333 3070 404 3134 sine
419 3089 488 3153 quo
504 3071 537 3134 id
555 3072 645 3153 quod
662 3071 827 3153 gessimus
843 3068 1027 3152 perlectum
1053 3089 1091 3132 ac
1108 3069 1302 3150 frugiferum

188 3193 363 3237 essenon
390 3182 512 3254 potest.
538 3173 655 3237 Nostis
683 3174 818 3250 scilicet,
841 3173 954 3236 dilecti
980 3171 1048 3249 filii,
1075 3173 1303 3236 restitutuma
1328 3171 1480 3241 ’Μῃον-

1328 3231 1398 3276 denas
1443 3247 1480 3276 ro·

187 3276 303 3344 Nobis
329 3277 362 3340 in
379 3277 474 3342 Urbe
491 3277 592 3342 fuisse
620 3278 796 3361 antiquum
813 3278 846 3342 S.
863 3276 1019 3342 Anselmi
1043 3275 1230 3358 collegium,
1246 3276 1303 3340 ubi
1335 3238 1472 3360 curapalrm

188 3383 333 3450 Ordinis
349 3383 450 3445 vestri
477 3383 604 3446 alumni
631 3383 796 3446 sincerum
822 3382 994 3445 haurirent
1018 3381 1134 3446 Sancti
1152 3382 1302 3444 Parentis
1328 3355 1480 3470 {lffpsslf'm

186 3485 245 3550 sui
261 3485 424 3566 spiritum,
435 3495 468 3548 et
483 3505 588 3568 prope
603 3484 691 3549 hanc
700 3485 850 3549 veritatis
862 3483 1064 3549 Cathedram
1078 3503 1189 3546 sacras
1205 3483 1302 3546 disci·
1387 3518 1481 3564 Remu,

186 3589 304 3678 plinas
318 3588 525 3653 docerentur.
540 3589 684 3652 Proinde
697 3589 760 3652 hoc
777 3608 863 3670 opus
873 3608 939 3651 non
957 3587 1060 3650 modo
1075 3606 1116 3649 eo
1128 3585 1302 3668 spectabat
1338 3576 1472 3636 ⁶⁰²l‘fflm

186 3705 233 3761 ut
248 3692 375 3757 solidae
391 3693 566 3756 doctrInae
582 3692 663 3770 laus,
679 3713 746 3774 qua
761 3702 872 3756 vester
888 3691 983 3757 Ordo
999 3692 1043 3755 ab
1069 3692 1218 3755 exordiis
1234 3690 1302 3752 suis
1327 3636 1480 3740 {sfr'e'lllll‘

187 3801 266 3863 iure
281 3796 450 3878 gloriatur,
465 3795 575 3859 eidem
592 3794 722 3859 illibata
739 3802 889 3858 maneret
904 3815 911 3872 ;
927 3793 987 3856 sed
1009 3814 1050 3856 eo
1066 3793 1243 3876 praecipue
1266 3799 1303 3854 ut
1327 3758 1422 3871 lllllue
1434 3827 1479 3882 scq-

187 3898 322 3966 alumni
352 3898 562 3980 perciperent
592 3899 726 3981 penitus
764 3908 866 3980 atque
905 3899 1133 3978 incorruptam
1171 3913 1302 3958 servare
1324 3872 1481 4000 {affl-2

187 4009 423 4068 assuescerent
454 4020 528 4064 eam
559 4001 649 4064 vitae
680 4001 903 4083 disciplinam,
929 4020 1016 4083 quae
1047 4001 1090 4063 ab
1120 3995 1303 4062 immortali
1328 3989 1479 4108 ³2:523?th

189 4105 334 4174 Ordinis
350 4103 524 4168 conditore
539 4102 664 4168 tradita
680 4114 738 4167 est.
758 4103 831 4167 lam
847 4123 927 4167 vero
942 4113 980 4166 ut
1005 4101 1069 4166 hoc
1094 4123 1179 4186 opus
1201 4100 1301 4166 finem
1335 4115 1472 4214 amphoren-

188 4230 294 4278 suum
316 4209 472 4290 attingat,
490 4229 627 4273 necesse
653 4217 704 4272 est
734 4228 860 4291 parem,
876 4209 945 4272 imo
961 4209 1115 4272 eamdem
1131 4209 1164 4271 in
1183 4207 1302 4273 Mona·
1417 4201 1424 4215 '

188 4314 305 4381 steriis
319 4312 477 4376 omnibus
489 4311 835 4395 vigeredisciplinam,
846 4313 894 4376 ita
904 4322 941 4376 ut
956 4311 1037 4375 nihil
1055 4311 1088 4374 in
1105 4313 1144 4375 iis
1160 4309 1302 4392 differat,

189 4417 278 4485 nihil
304 4418 441 4481 intersit.
459 4415 564 4482 Secus
590 4415 727 4496 alumni,
753 4437 838 4500 quos
863 4416 961 4481 istinc
987 4417 1090 4480 etiam
1108 4415 1246 4481 missum
1263 4419 1302 4482 iri

1328 3111 1363 3156 ad
1393 3111 1479 3160 bonum
