3140 4866
404 434 1484 663 {3³

404 816 1486 980 1³}-

401 972 1475 1126 Ιεὲ-’

404 1120 1488 1307 il

280 1529 309 1562 ιι
588 1493 774 1560 ΡΤΙΜΑΕ
802 1495 938 1578 quidem
965 1495 1046 1578 spei,
1060 1515 1162 1579 quam
1181 1501 1306 1564 recenti
1323 1501 1437 1590 Congi
1452 1511 1492 1574 in.

251 1575 342 1684 'ff
357 1491 584 1870 {Q}
610 1597 833 1682 dependentis
847 1607 937 1663 statu
953 1599 1017 1664 sub
1031 1599 1193 1664 carissimi
1208 1600 1242 1664 in
1265 1601 1407 1672 Christo
1427 1612 1491 1677 Filii

254 1735 305 1780 po„
276 1735 369 1794 00000000
611 1703 726 1768 Nostri
743 1702 907 1787 Leopoldi
925 1702 960 1766 11
979 1701 1158 1786 Belgarum
1176 1703 1282 1786 Regis
1297 1716 1491 1782 auctoritate

218 1795 370 1898 Ιθῑζζηζηῖ
610 1805 802 1884 constituto,
825 1807 895 1870 iure
924 1805 1110 1890 meritoque
1133 1827 1410 1892 conceperamus,
1432 1819 1491 1884 lore

217 1913 289 1958 Em
242 1913 367 2031 millia
364 1911 553 1982 nimirum
570 1919 609 1976 ut
623 1909 820 1976 vastissimis
835 1908 900 1973 illis
915 1909 1052 1974 Africae
1067 1909 1227 1974 tractibus
1243 1915 1367 1978 erroris
1392 1921 1491 1984 adbuc

217 1975 328 2100 ἷῖιιιριιῖ
338 1985 537 2098 A''carligine
564 2011 773 2076 circumfusis
788 2013 1001 2095 evangelicae
1015 2013 1166 2079 veritatis
1181 2013 1295 2079 lumen
1313 2017 1491 2106 affingeret,
1552 2081 1553 2112 0

215 2090 331 2195 ’ἴω
320 2097 367 2136 '⁰⁸'
391 2118 504 2182 exitus
537 2116 604 2180 iam
636 2115 848 2198 respondisse
877 2115 958 2180 satis
981 2135 1159 2236 prosperos
1189 2135 1256 2180 non
1286 2123 1489 2189 mediocriter

391 2221 608 2286 delectamur.
634 2219 817 2302 Postquam
844 2219 933 2284 enirn
962 2221 996 2283 in
1023 2219 1064 2284 iis
1094 2219 1285 2304 regionibus
1300 2225 1488 2293 vicariatum

392 2325 631 2409 Apostolicum
643 2343 702 2406 per
719 2322 861 2386 Nostras
872 2322 999 2387 litteras
1010 2323 1255 2404 constituimus,
1260 2331 1488 2396 constitutum·

392 2447 458 2514 que
473 2425 728 2512 congregationi
743 2427 787 2490 ab
804 2426 1028 2492 immaculato
1044 2425 1155 2492 Corde
1172 2428 1301 2494 Mariae
1302 2435 1416 2518 ,vulgo
1430 2437 1486 2506 ‹de

207 2509 281 2630 aa
275 2511 363 2617 ”0’0·05,0”ξ’“
391 2531 612 2600 Scheutvcld·
615 2529 678 2596 lez·
681 2529 888 2598 Bruxelles)
917 2539 1129 2616 nuncupatae
1150 2533 1337 2614 gerendum
1360 2539 1486 2602 tradidi·

159 2665 161 2670 ·
211 2629 310 2742 ffssnsss·
283 2633 365 2735 '‘m“
390 2656 475 2715 mus,
485 2635 646 2700 silvestris
661 2634 718 2699 illa
734 2645 837 2717 atque
851 2634 978 2699 inculm
993 2633 1111 2699 vineae
1126 2635 1266 2700 Domini
1281 2657 1364 2724 pars
1380 2661 1486 2724 opera·

210 2705 362 2868 ἌΒΞΞ·
390 2743 514 2806 riorum
531 2737 690 2818 culturae,
700 2747 737 2803 ut
754 2735 1094 2822 Nobissignificatnm
1110 2747 1170 2818 est,
1185 2759 1221 2804 se
1235 2738 1371 2807 facilem
1402 2765 1484 2828 prae

210 2821 243 2911 r:
239 2810 341 2921 ιιιιιι5
342 2824 471 2921 ”buit
498 2841 651 2926 latosque
677 2843 771 2907 dese
797 2841 923 2906 tructus
950 2849 1052 2926 atque
1078 2840 1195 2906 uberes
1206 2845 1319 2927 coepit
1335 2847 1482 2928 polliceri

390 2947 422 3014 N
427 2967 491 3013 unc
501 2965 581 3011 vero
596 2964 672 3028 spes
690 2945 814 3010 Nostra
835 2945 984 3010 maxime
1002 2943 1217 3010 confirmatur
1231 2955 1336 3030 atque
1351 2961 1482 3034 augetur

390 3073 435 3118 ex
451 3069 501 3128 co,
515 3050 632 3134 quod'
624 3067 695 3132 ipse
708 3048 886 3132 Belgarum
904 3047 983 3112 Rex
1002 3049 1106 3132 probe
1122 3049 1337 3134 intelligens'
1327 3073 1362 3116 m
1378 3055 1482 3118 catho

392 3155 455 3220 lica
471 3151 631 3236 religione
654 3151 818 3234 originem
841 3158 876 3215 et
905 3149 1014 3216 fontes
1034 3151 1254 3216 humanitatis
1269 3153 1380 3219 inesse
1405 3157 1481 3220 illius

391 3257 625 3345 propagationi
640 3277 700 3341 per
714 3256 858 3342 populos
883 3257 1002 3322 ditioni
1032 3276 1113 3320 suae
1142 3276 1257 3321 recens
1281 3258 1418 3325 additos
1442 3261 1480 3323 ita

389 3366 471 3430 lavit
487 3373 524 3428 ut
539 3363 688 3426 eiusdem
704 3361 957 3446 propagationis
967 3380 1098 3443 auspex
1113 3361 1264 3425 extiterit
1288 3371 1322 3426 et
1349 3363 1478 3446 patroci-

388 3469 481 3533 nium
498 3467 605 3532 libens
620 3465 810 3548 susceperit.
828 3463 883 3528 Ex
895 3483 964 3547 qno
972 3462 1109 3547 quidem
1119 3463 1294 3546 auspicato
1311 3463 1477 3531 rlludobti·

385 3575 445 3656 git,
460 3572 551 3656 quod
569 3570 694 3653 Belgae
708 3567 897 3652 complures
914 3566 1017 3650 Regis
1043 3566 1078 3630 in
1108 3564 1305 3650 exemplum
1336 3569 1380 3633 ad
1403 3587 1477 3632 nora

238 3751 253 3779 r
270 3695 359 3748 arcun
384 3673 589 3758 provehendi
609 3692 668 3756 per
699 3671 849 3736 Africam
879 3679 1015 3754 gentem
1031 3668 1187 3734 catholici
1207 3671 1355 3734 nominis
1378 3671 1476 3736 studia
1549 3725 1550 3760 ι

207 3811 233 3842 ιι
245 3753 359 3854 mm
389 3783 503 3849 statim
521 3781 707 3846 exarserint
718 3789 752 3845 et
767 3779 912 3844 salutare
927 3797 1013 3861 opus
1022 3777 1123 3842 alacri
1135 3777 1249 3842 auimo
1259 3781 1409 3862 aggressi
1420 3781 1474 3844 iarn
1549 3763 1550 3780 ¹

206 3869 357 3968 amno.
385 3887 492 3953 multa
508 3883 715 3969 perfecerint,
736 3903 822 3968 quae
839 3881 911 3948 Nos
925 3882 990 3945 illis
1007 3882 1125 3946 merito
1139 3881 1475 3968 gratulemur.Quibus

200 3974 357 4090 fficiam·
385 3993 417 4058 in
449 3991 548 4055 rebus
571 3990 653 4054 dum
683 3987 865 4072 singularia
893 3985 1027 4052 divinae
1067 3985 1298 4069 providentiae
1329 3987 1475 4054 beneficia

205 4105 251 4136 ‘t‘
265 4107 312 4142 Μ·
385 4091 608 4180 agnoscimus,
627 4110 695 4155 non
720 4091 830 4154 minus
847 4090 1006 4155 miramur
1027 4088 1175 4154 studium
1202 4099 1237 4154 et
1261 4091 1472 4156 constantiam

385 4207 437 4264 tot
449 4193 704 4261 lectissimorum
719 4193 876 4271 virorum,
887 4193 943 4277 qui
956 4194 1144 4276 primaevos
1159 4193 1326 4276 evangelii
1351 4195 1471 4260 nuntios

383 4299 542 4366 aemulati
557 4309 591 4364 et
607 4320 674 4365 non
694 4299 795 4364 aliam
811 4299 874 4364 sibi
893 4299 1131 4382 deposcentem
1155 4299 1356 4378 mercedem,
1380 4318 1468 4384 quam
1548 4293 1549 4344 l

380 4405 521 4469 salutem
535 4403 735 4482 animarum,
757 4423 817 4487 per
832 4402 1011 4470 Africanas
1035 4405 1187 4487 regiones
1207 4415 1326 4470 serunt
1345 4406 1468 4471 verbum
