3140 4866
379 373 453 448 aso
546 379 727 434 ιιιιιτοιιι
750 368 771 400 “
789 383 1016 440 ιιιτοιιιιιιι
1034 387 1329 456 νισιιιιιτιιιι,

229 561 275 658 Ju³
271 563 324 650 W!
377 549 551 622 bominum
567 557 716 624 moribus
729 571 766 626 et
781 561 926 646 ingenio,
935 563 970 628 in
986 562 1139 630 fovendis
1153 565 1381 646 scientiarum,
1395 567 1473 634 litte

242 662 308 718 ἰιι
377 673 487 720 rarum
504 667 537 722 et
553 661 675 726 artium
691 664 845 742 studiis·
836 685 870 730 ιιι
886 665 1134 733 inflammandis
1149 668 1271 734 animis
1286 671 1332 734 ad
1346 675 1473 754 egregia

376 778 531 844 quaeque
553 763 646 830 domi
667 767 872 853 militiaeque
895 773 1053 854 gerenda,
1078 771 1125 838 ita
1150 785 1186 837 ut
1209 773 1365 839 uideatur
1388 778 1473 860 quasi

377 883 497 948 parens
512 875 547 932 et
561 867 663 934 altrix
679 871 839 938 divinitus
853 875 934 940 data
953 876 997 941 ad
1020 876 1217 958 pariendum
1233 875 1474 962 fovendumque

378 1093 455 1142 rrae.

200 1169 354 1292 ,ultim
421 1179 543 1248 Fusius
557 1185 620 1250 bac
640 1187 684 1252 de
707 1207 743 1253 re
762 1187 934 1253 vobiscum
951 1187 1080 1272 egimus
1097 1188 1130 1252 in
1152 1190 1345 1254 memoratis
1360 1189 1473 1256 litteris

202 1304 259 1396 ‘'i‘.
247 1290 352 1396 1:st-
376 1285 554 1368 encyclicis
578 1308 662 1373 quas
683 1292 812 1358 dudum
834 1293 877 1358 ad
904 1313 964 1357 vos
987 1292 1162 1356 dedimus.
1176 1292 1240 1358 hoc
1256 1311 1360 1358 unum
1376 1296 1472 1360 modo

254 1363 314 1467 op'o
337 1399 525 1479 praestat
548 1394 702 1473 recolere,
725 1394 895 1480 religionis
917 1397 986 1461 vim
1011 1405 1045 1460 et
1071 1395 1229 1460 virtutem
1252 1395 1382 1460 nullum
1408 1398 1471 1479 pati

202 1409 343 1586 a„
273 1529 353 1596 ψ
345 1489 557 1574 interitum,
583 1499 663 1581 quia
693 1519 733 1564 ea
763 1519 848 1585 quae
874 1501 978 1566 tradit
1009 1499 1171 1584 principia
1197 1499 1379 1578 doctrinae,
1403 1499 1470 1564 Deo

203 1601 263 1692 lm
218 1601 353 1700 ⁸⁰¹¹!,W
290 1587 353 1634 ‘tm
377 1603 521 1676 auctore,
548 1600 647 1665 nullis
674 1611 863 1687 temporum
894 1603 1086 1670 locorumve
1124 1600 1245 1668 finibus
1276 1607 1469 1676 coercentur,

375 1698 501 1782 quippe
510 1703 553 1766 ad
566 1703 708 1770 salutem
718 1717 753 1774 et
762 1707 919 1774 solatium
930 1708 1098 1790 pertinent
1108 1707 1308 1791 populorum
1319 1708 1469 1770 omnium

375 1797 489 1886 Quare
513 1824 553 1870 ea
568 1807 729 1876 beneficia
746 1813 907 1890 maxima,
927 1821 962 1878 et
987 1811 1099 1876 valida
1114 1809 1280 1895 praesidia
1296 1828 1382 1894 quae
1396 1809 1470 1874 alias

375 1905 490 1973 attulit
504 1913 689 1992 praenobili
699 1917 792 1998 genti
808 1925 937 1982 vestrae
953 1917 1042 1999 potis
1058 1925 1110 1981 est
1125 1915 1236 1980 adhuc
1251 1923 1418 1997 praestare
1429 1913 1466 1976 ad

374 2011 444 2078 eius
460 2013 612 2097 salutem,
626 2021 882 2104 prosperitatem
898 2033 933 2087 et
947 2023 1060 2090 decus.
1084 2021 1161 2088 Hoc
1188 2018 1383 2105 praesertim
1406 2029 1466 2084 tam

373 2113 489 2201 iniquo
518 2128 680 2208 tempore,
713 2144 782 2208 quo
811 2134 906 2192 tanta
935 2135 988 2190 est
1013 2125 1202 2190 animorum
1228 2121 1402 2188 infirmitas
1421 2119 1466 2184 vel

374 2223 581 2302 perturbatio
601 2234 638 2291 ut
659 2239 898 2314 oppugnentur
911 2230 1081 2307 audacter,
1106 2229 1231 2294 nedum
1257 2229 1292 2292 in
1314 2228 1465 2292 incertum
1550 2225 1551 2248 ¹

373 2339 578 2410 revocentur,
600 2352 734 2398 summa
763 2335 927 2419 principia
955 2335 1077 2420 quibus
1107 2333 1277 2398 humanae
1307 2329 1465 2397 societatis

372 2431 457 2496 ordo
480 2441 516 2498 et
537 2436 749 2519 tranquilitas
773 2439 971 2514 continetur,
997 2456 1098 2502 nemo
1127 2447 1179 2502 est
1205 2435 1286 2520 quin
1312 2433 1464 2516 intelligat

373 2553 474 2618 quam
492 2557 627 2602 necesse
641 2540 685 2604 sit
708 2539 878 2624 religionis
894 2543 941 2606 uti
959 2541 1127 2624 praesidio
1140 2549 1175 2606 ct
1193 2537 1318 2604 sanetis
1333 2557 1416 2622 quae
1427 2537 1464 2600 ab
1549 2537 1550 2550 ¹

374 2657 413 2702 ea
429 2643 605 2708 traduntur
616 2648 803 2729 praeceptis
817 2666 857 2711 ac
872 2646 1093 2712 documentis.

233 2761 349 2868 Ροηιιγιὲ
418 2743 584 2812 Convenit
610 2749 780 2814 enimvero
806 2750 892 2814 inter
916 2753 1074 2816 cordatos
1104 2769 1222 2815 omnes
1248 2749 1464 2828 honestosque
1548 2813 1549 2822 ,

196 2820 349 2949 dmm
268 2895 339 2984 xa,
372 2847 460 2912 viros
491 2849 618 2918 nullum
646 2855 767 2918 certius
792 2874 866 2919 esse
895 2855 1075 2938 aptiusque
1104 2853 1289 2920 remedium
1318 2852 1463 2916 aduersu

196 2954 247 3044 mm
308 2940 471 3044 ξζζιιιιιΙιι,
487 2955 607 3037 quibus
620 2957 745 3023 Nostra
757 2959 919 3042 premitur
930 2969 1023 3024 aetas
1034 2967 1069 3023 et
1081 2957 1228 3041 pericula
1242 2975 1331 3040 quae
1348 2957 1462 3038 impen-

196 3057 281 3104 md
282 3013 336 3104 Lm
371 3056 462 3133 dent,
476 3075 578 3140 quam
593 3060 781 3126 doctrinam
805 3061 1016 3139 catholicam,
1039 3063 1067 3126 si
1083 3063 1213 3144 integra
1229 3059 1420 3144 excipiatur
1436 3065 1463 3118 et

371 3159 571 3245 incorrupta,
587 3184 731 3248 eumque
754 3175 893 3232 teneant
919 3165 1073 3232 homines
1095 3165 1186 3230 vitae
1207 3183 1342 3228 cursum
1359 3163 1413 3247 qui
1427 3159 1463 3224 sd

372 3283 525 3332 normam
541 3267 612 3332 eius
627 3271 791 3353 exigatur.

194 3431 236 3475 Ap
239 3373 344 3478 ,3322
415 3367 643 3452 Quamobrem
670 3392 737 3437 ιιοιι
752 3374 966 3457 ambigimus,
982 3373 1106 3438 Dileeti
1130 3371 1206 3436 Filii
1223 3368 1351 3446 Nostri,
1365 3367 1462 3434 Vene-

194 3492 220 3535 n
223 3492 283 3536 urat
307 3499 345 3538 ar
368 3475 488 3542 rabiles
506 3478 647 3558 Fratres,
662 3481 742 3563 quin
759 3501 800 3545 eo
815 3501 883 3564 quo
899 3482 1076 3564 praestatis
1097 3476 1257 3562 pastorali
1275 3475 1358 3553 zelo,
1373 3469 1464 3539 animi
1546 3517 1547 3520 ,

193 3563 270 3654 {4¹⁴5
260 3551 344 3596 ’Μ’
368 3577 400 3640 vi
416 3587 450 3642 et
477 3584 666 3648 constantia
690 3603 827 3648 manum
854 3585 1035 3650 admovere
1062 3579 1247 3665 properetis
1274 3599 1369 3661 open
1359 3573 1463 3660 quod

368 3681 462 3746 vobis
488 3687 807 3753 commendavimus.
833 3686 887 3752 lta
913 3688 1009 3752 vobis
1032 3685 1211 3770 agentibus
1233 3684 1298 3747 erit
1323 3694 1466 3790 summae

368 3783 459 3849 laudi
474 3786 647 3872 iustaeque
673 3791 890 3874 gratulationi
905 3789 996 3874 quod
1017 3789 1147 3874 optime
1162 3785 1282 3852 mereri
1298 3781 1465 3868 potueritrs
1545 3871 1546 3874 Ἴ

366 3887 410 3952 de
425 3889 594 3973 religione,
608 3895 662 3958 cui
677 3894 819 3959 studetis
840 3913 1062 3978 summopere,
1077 3913 1117 3958 ac
1132 3893 1175 3956 de
1190 3891 1302 3974 patria
1317 3899 1353 3954 et
1371 3893 1462 3972 geute

366 4000 485 4070 vestra,
500 3995 552 4057 cui
577 3996 792 4062 vehementer
815 3999 941 4081 optatIs
956 4017 1025 4063 non
1050 3998 1161 4062 minus
1186 4013 1291 4077 quam
1318 3991 1461 4076 cupimus

367 4093 447 4177 Ipsi,
463 4106 499 4160 ut
514 4107 645 4163 constet
660 4101 801 4166 immota
815 4102 1040 4186 tranquillitas
1055 4111 1089 4166 et
1104 4109 1226 4169 cuneta
1241 4117 1289 4162 ex
1304 4093 1459 4164 sententia

367 4203 559 4279 procedant.

408 4303 520 4371 Deum
536 4307 663 4370 interea
678 4309 896 4391 adprecantes
909 4319 946 4374 ut
956 4329 1015 4374 vos
1030 4309 1098 4373 suis
1111 4303 1306 4372 muneribus
1320 4299 1457 4368 cumulet

366 4415 400 4467 et
414 4416 523 4469 vestra
550 4411 714 4491 propitius
736 4412 870 4496 incepta
893 4415 1063 4489 secundet,
1079 4409 1316 4494 Apostolicam
1333 4399 1456 4472 bene&-
