3140 4866
402 357 475 427 ²90
754 355 874 406 ruuax
902 355 1153 406 nuansrrcus.

1431 501 1465 540 hx

468 581 717 652 peregrinantibus
730 583 862 652 Romam,
875 593 936 638 tum
949 581 978 638 id
992 598 1050 636 non
1068 581 1239 649 valentibus,
1250 579 1423 650 indulgentias
1452 523 1461 550 Β

468 661 619 716 animabus
632 662 806 732 patientibus
820 661 848 716 in
861 661 1027 733 purgatorio
1040 661 1201 733 profuturas
1223 673 1280 730 145

433 773 485 824 37.
520 772 729 824 EPiS'i'OLh
748 775 791 824 ad
817 776 1027 826 salvatorem
1054 773 1348 836 arehiepiscopum
1377 773 1426 822 Ge·

400 873 559 914 euenum
573 863 614 912 de
635 863 726 914 iestis
744 865 780 914 in
802 863 961 915 honorem
981 861 1208 925 christophori
1228 861 1388 913 columbi.
1400 886 1427 894 —

401 947 598 1013 tojanuarii
616 950 725 1001 1891...
1402 944 1468 999 ...iri

505 1051 636 1108 Pontifex
653 1053 751 1109 laudat
769 1055 884 1124 egregie
896 1053 970 1110 festa
985 1053 1168 1108 inhonorem
1182 1051 1288 1106 Christ.
1309 1053 1426 1107 Columbi

470 1131 579 1188 Genuae
597 1133 768 1188 celebranda
788 1133 875 1189 modo
898 1149 1025 1203 congruo
1047 1131 1137 1187 indoli
1157 1131 1229 1186 tanti
1250 1131 1303 1186 viri
1329 1131 1383 1196 146.
1400 1161 1427 1169 -

471 1212 590 1282 incepta
604 1211 736 1267 Columbi
748 1211 914 1282 evangelico
933 1211 1034 1283 spiritu
1047 1210 1134 1266 ducta
1149 1209 1207 1274 146.
1221 1239 1257 1249 -
1275 1210 1427 1265 catholicas

468 1289 528 1345 fore
541 1291 720 1347 columbinas
732 1292 930 1348 solemnitates
943 1291 1022 1346 haud
1032 1289 1144 1345 dubitat
1160 1289 1219 1356 146.

433 1401 485 1454 38.
507 1403 717 1456 EPISTOLA
736 1404 779 1456 ed
792 1405 1004 1456 cardinalem
1030 1400 1198 1461 Paroeehl‚
1220 1401 1322 1454 Urbis
1343 1403 1427 1450 Vica-

398 1491 496 1548 rium.
512 1494 544 1539 et
558 1493 600 1540 ad
613 1491 787 1543 curatores
799 1493 1015 1542 saecularium
1028 1489 1235 1540 solemnium
1249 1488 1279 1538 S.
1297 1488 1427 1550 Gregorii

399 1579 525 1642 Magni.
546 1601 581 1612 -
600 1579 638 1629 10
653 1579 812 1630 februarii
828 1579 937 1630 1891...
1442 1581 1470 1631 iii

504 1683 634 1739 Pontifex
649 1695 767 1740 testatur
779 1683 959 1754 gratissimas
969 1685 1023 1740 sibi
1038 1685 1099 1740 fore
1112 1681 1311 1739 solemnitates
1325 1682 1427 1738 saecula·

469 1779 513 1816 res
527 1763 657 1832 Gregorii
674 1763 772 1834 Magni
791 1765 829 1818 ad
848 1765 1020 1820 Cathedram
1036 1766 1111 1821 Petri
1125 1763 1303 1824 erectionem
1316 1763 1427 1817 recolen-

469 1847 511 1894 tes
528 1843 584 1908 ¹48·
599 1869 634 1882 -
648 1843 760 1898 Laudes
774 1844 943 1912 perillustris
956 1845 999 1900 sui
1010 1845 1172 1902 decessoris
1184 1843 1255 1898 dicit
1268 1843 1330 1909 148.
1343 1870 1375 1880 -
1387 1841 1427 1894 So

469 1921 662 1976 lemnitatibus
691 1921 865 1979 celebranda
890 1934 955 1979 sunt
982 1923 1052 1978 tanti
1077 1925 1224 1982 Pontificis
1250 1923 1387 1991 exempla,
1405 1933 1426 1972 e:

472 1999 573 2054 Romae
590 2000 740 2055 catholicae
762 2002 888 2072 dignitas
907 2004 965 2068 148.
977 2033 1011 2042 -
1031 2005 1148 2074 Magnae
1168 2005 1235 2060 iude
1254 2003 1356 2072 gratiae
1376 2004 1427 2055 Deo

470 2081 557 2136 totius
580 2083 647 2138 boni
667 2086 776 2140 auctori
798 2086 927 2156 agendas,
947 2098 1032 2158 atque
1051 2087 1150 2157 inclyti
1174 2083 1321 2140 Pontificis
1343 2098 1428 2136 monu-

470 2171 569 2216 menta
593 2163 715 2218 colenda
735 2179 792 2232 149.
814 2192 850 2202 -
870 2167 943 2235 Quae
964 2167 1011 2236 pie
1033 2166 1190 2236 recogitata
1211 2162 1346 2234 praeseuti
1363 2161 1429 2215 aetati

471 2241 617 2312 multiplici
633 2243 714 2297 titulo
728 2244 859 2313 perutilia
871 2255 953 2299 eruut
970 2259 1027 2313 149.
1041 2275 1076 2284 -
1100 2244 1220 2300 Utinam
1243 2243 1347 2298 intuitu
1360 2237 1428 2294 meri·

470 2331 563 2376 torum
578 2323 706 2392 Gregorii
722 2325 800 2378 Deus
814 2323 977 2378 Ecclesiam
987 2324 1120 2395 procellis
1133 2323 1235 2393 eripiat
1251 2335 1374 2390 149150.

434 2455 488 2506 39.
510 2453 749 2507 ALLOCUTIO
763 2455 804 2504 ad
818 2456 848 2505 S.
866 2457 905 2505 R.
923 2455 959 2506 E.
976 2455 1170 2508 cardinales
1182 2454 1223 2506 de
1237 2455 1427 2504 Pontificatu

399 2543 544 2606 Gregorii
565 2542 690 2604 Magni.
713 2544 765 2592 sui
788 2544 1009 2594 pontificatus
1030 2545 1169 2607 glorioso
1189 2541 1381 2602 exemplari.
1401 2561 1428 2572 -

399 2628 652 2680 2martll1891.
1402 2629 1471 2682 ...15³

505 2731 645 2786 Praeteriti
668 2731 735 2786 anni
753 2735 900 2804 augustias
921 2751 1095 2802 memorans,
1117 2732 1246 2788 Pontifex
1268 2749 1375 2786 aunum
1389 2746 1428 2782 no

471 2827 537 2864 vum
550 2810 595 2863 vix
608 2810 776 2866 faustiorem
788 2822 920 2882 expectat
937 2826 994 2883 151.
1004 2843 1039 2853 —
1052 2814 1127 2868 Vota
1141 2813 1169 2867 S.
1184 2812 1316 2882 Collegii,
1337 2812 1429 2876 Grego-

470 2889 511 2945 rio
527 2889 635 2957 Maguo
649 2889 812 2960 commissa,
827 2903 976 2962 pergratus
988 2892 1093 2962 accipit
1106 2905 1162 2960 151.
1173 2919 1205 2930 -
1221 2892 1366 2960 Tempora
1377 2903 1427 2956 pre·

470 2969 562 3022 sentia
575 2969 751 3037 temporibus
770 2971 900 3040 Gregorii
913 2971 992 3025 haud
1008 2970 1160 3025 dissimilia
1172 2970 1322 3040 profitetur
1338 2983 1429 3037 151.-

471 3046 588 3102 Confert
598 3047 739 3118 utrimque
752 3049 850 3104 hostes
862 3049 992 3104 Pontifici
1007 3049 1202 3104 devincendos
1217 3061 1275 3116 151.
1284 3077 1322 3087 -
1331 3045 1428 3101 laudm

470 3126 559 3180 zelum
572 3135 600 3179 et
610 3141 697 3195 opera
711 3126 840 3195 Gregorii
854 3127 961 3196 Magni,
972 3145 990 3183 a
1002 3127 1105 3197 quibus
1119 3127 1180 3198 ipse
1190 3128 1338 3196 exemplar
1347 3141 1428 3193 sump-

471 3204 516 3272 sit,
535 3203 563 3257 in
578 3205 705 3272 Oriente,
718 3205 747 3258 in
766 3205 871 3276 Anglia
894 3221 950 3275 15²·
970 3236 1005 3246 -
1027 3208 1066 3262 Ut
1088 3207 1146 3261 Leo
1168 3208 1293 3276 Magnus
1313 3207 1428 3264 Attilam,

472 3282 626 3352 Gregorius
638 3284 824 3354 Agilulphum
838 3285 875 3339 ab
897 3285 981 3339 ltalia
990 3286 1141 3354 continuit,
1160 3297 1189 3340 et
1202 3285 1341 3356 populum
1360 3299 1428 3338 suum

470 3381 488 3418 a
501 3363 697 3417 vexationibus
710 3363 861 3418 bizantinis
878 3362 1034 3419 vindicavit
1051 3378 1111 3433 152.
1124 3393 1159 3403 -
1173 3365 1240 3434 lpse
1264 3364 1371 3434 pariter
1383 3364 1428 3414 Ita·

472 3441 538 3496 liam
552 3459 569 3495 a
581 3441 713 3510 pessimis
726 3441 850 3496 inimicis
861 3443 982 3499 liberare
995 3455 1116 3499 conatur
1130 3460 1141 3499 1
1147 3457 1207 3513 52=1
1215 3457 1228 3513 5
1232 3457 1257 3512 3.
1270 3473 1305 3482 -
1318 3444 1357 3498 Ut
1372 3439 1427 3494 oliru

472 3520 635 3587 Gregorius,
646 3531 673 3574 et
685 3520 746 3590 ipse
764 3537 815 3590 pro
836 3521 968 3576 libertate
987 3533 1088 3579 contra
1101 3523 1267 3578 servitutem
1287 3518 1429 3576 decertarit

471 3597 500 3652 iu
515 3597 636 3652 lirasilia
655 3599 789 3666 deletam,
802 3598 831 3654 in
846 3601 942 3655 Africa
956 3601 1117 3670 delendam,
1130 3617 1185 3672 ope
1199 3601 1320 3672 quidem
1332 3598 1428 3666 religio

471 3675 515 3730 uis
531 3689 588 3744 153.
598 3705 634 3714 -
649 3677 724 3731 Huic
737 3695 826 3748 scopo
839 3679 1048 3734 munificentias
1067 3681 1134 3734 anni
1156 3681 1287 3750 jubilaris
1309 3675 1427 3735 instantis

470 3772 604 3825 magnam
617 3767 729 3826 partem
741 3760 878 3814 attribuet
895 3772 952 3828 153.
967 3789 1002 3798 -
1018 3761 1153 3814 Invocato
1168 3760 1311 3829 Gregorio
1325 3761 1426 3826 Magno,

471 3835 499 3890 S.
514 3835 642 3904 Collegio
656 3837 802 3892 benedicit
816 3851 845 3906 ¹5
850 3854 873 3908 3.

435 3945 720 4000 4ο.1;Ρ1ετο1.1
743 3951 787 4001 ad
813 3951 1025 4003 cardinalem
1052 3951 1263 4003 Proderioum
1285 3953 1427 4001 Fiireten·

399 4031 485 4096 berg,
502 4033 700 4097 hrohiepiso.
717 4036 984 4098 olumucensem‚
1008 4043 1041 4090 et
1060 4040 1277 4089 Fraueieeum
1296 4052 1317 4089 a
1338 4035 1427 4087 Paula

398 4120 598 4180 Sehtlnhorn¹
616 4123 816 4184 Archiepiso.
832 4125 1041 4188 pragensem.
1054 4130 1086 4177 et
1097 4127 1305 4178 venerabiles
1315 4129 1426 4176 Fratres

399 4206 597 4268 Archiepiso.
615 4211 647 4257 ot
669 4209 776 4271 Episc.
803 4212 942 4274 Imperii
965 4215 1140 4268 Austriaei.
1167 4214 1217 4263 De
1236 4212 1424 4275 quibusdam

400 4291 567 4353 capitibus
579 4297 766 4357 congressui
779 4297 981 4350 Antisiitum
992 4301 1342 4352 commendandis-3
1355 4307 1423 4348 mar

401 4377 575 4429 1111891...
1399 4379 1466 4434 ..iil
