3310 4868
355 331 426 382 120
441 330 652 381 nucucmca
672 316 694 346 “
713 328 896 380 mannans
912 364 932 391 ,.
954 329 1004 378 aa
1022 329 1234 380 unanima
1254 331 1431 382 HUMANA.

172 520 322 639 qfccoerm·
392 517 449 580 Ad
480 538 532 580 res
573 515 725 600 publicas
762 515 926 599 gerendas
962 516 1130 593 accedere,
1155 516 1218 579 nisi
1260 515 1382 581 alicubi
1413 518 1460 582 ob

314 616 319 631 '
346 621 550 704 singularem
577 641 687 684 rerum
715 630 973 703 temporumque
1003 620 1231 684 conditionem
1264 621 1361 685 aliter
1402 641 1458 684 ca·

346 735 472 804 veatur,
488 724 667 789 honestum
684 734 754 788 est:
770 723 875 788 immo
896 743 975 786 vero
997 724 1119 807 probat
1136 723 1297 803 Ecclesia,
1308 725 1458 808 singulos

345 849 483 912 operam
500 849 595 893 suam
619 830 652 892 in
680 847 894 894 communem
922 825 1040 891 afferre
1055 827 1210 906 inretum,
1235 838 1270 892 et
1293 839 1457 913 quantum

347 935 488 1018 quisque
508 933 672 998 industria
687 941 808 1016 potest,
834 932 929 1008 tueri,
951 951 1156 1004 conservare.
1179 953 1302 1016 augere
1325 953 1457 1017 rempu-

345 1038 480 1102 blicam.

184 1142 303 1210 majana
391 1140 510 1224 Neque
525 1140 608 1206 illud
626 1139 779 1204 Ecclesia
794 1139 942 1216 damnat,
957 1137 1043 1202 velle
1058 1149 1194 1222 gentem
1219 1159 1314 1204 suam
1332 1139 1457 1202 nemini

164 1205 319 1306 limais
344 1247 466 1312 servire
491 1265 552 1310 nec
578 1253 732 1322 externo,
756 1263 817 1306 nec
843 1243 1031 1321 domino,si
1057 1243 1159 1306 modo
1186 1241 1266 1321 fieri,
1297 1242 1457 1307 incolumi

167 1319 307 1424 ‘praependen-
345 1354 481 1430 iustitia,
494 1362 604 1437 queat.
618 1351 774 1435 Denique
791 1371 851 1415 nec
875 1371 932 1414 eos
948 1350 1162 1432 reprehendit
1177 1352 1235 1434 qui
1252 1349 1384 1416 efficere
1399 1373 1457 1416 vo·

344 1455 426 1533 lunt,
440 1466 477 1520 ut
487 1457 638 1520 civitates
652 1455 720 1518 suis
741 1453 871 1536 legibus
887 1453 1287 1536 vivantcivesquequam
1306 1455 1456 1519 maxima

344 1561 574 1643 augendorum
602 1559 856 1623 commodorum
889 1559 1049 1623 facultate
1062 1560 1238 1624 donentur.
1266 1558 1454 1624 Civicarum

344 1662 416 1725 sine
431 1662 691 1744 intemperantia
706 1661 899 1726 libertatum
916 1681 1049 1744 semper
1064 1681 1136 1726 esse
1162 1662 1313 1726 Ecclesia
1329 1663 1456 1727 fautrix

345 1764 539 1830 fidelissima
569 1766 763 1830 consuevit:
795 1766 886 1848 quod
925 1775 1092 1830 testantur
1121 1767 1334 1848 potissimum
1377 1768 1455 1831 civi-

343 1877 430 1934 tates
446 1869 587 1945 italicae,
610 1869 738 1948 sciliqet
761 1869 1028 1952 prosperitatem,
1043 1889 1135 1952 opes,
1150 1869 1291 1952 gloriam
1310 1871 1455 1935 nominis

344 1974 538 2057 municipali
565 1975 635 2037 iure
662 1974 815 2056 adeptae,
840 1993 908 2056 quo
923 1983 1075 2056 tempore
1098 1973 1254 2038 salutaris
1286 1974 1455 2038 Ecclesiae

342 2079 446 2142 virtus
478 2079 512 2142 in
551 2097 669 2142 omnes
693 2077 896 2161 reipublicae
926 2087 1048 2160 partes,
1072 2079 1206 2142 nemine
1237 2087 1455 2162 repugnante,

343 2191 542 2264 peruaserat.

389 2287 486 2352 Haec
512 2288 658 2371 quidem,
688 2287 895 2352 venerabiles
920 2285 1063 2365 Fratres,
1090 2305 1178 2370 quae
1204 2284 1270 2350 fide
1296 2285 1394 2350 simul
1422 2297 1456 2350 et

343 2391 471 2455 ratione
488 2393 583 2472 duce,
602 2413 664 2477 pro
679 2392 792 2458 officio
808 2391 935 2456 Nostro
962 2390 1149 2473 apostolico
1164 2390 1374 2468 tradidimus,
1388 2391 1454 2455 sru-

343 2502 460 2558 ctuosa
476 2496 629 2578 plurimis
645 2496 764 2577 futura,
780 2497 876 2560 vobis
892 2494 1041 2560 maxime
1058 2493 1245 2560 Nobiscum
1272 2496 1454 2560 adnitenti-

343 2597 415 2675 bus,
429 2598 692 2668 confidimus-
708 2603 781 2666 Nos
793 2602 930 2685 quidem
947 2602 981 2664 in
997 2600 1188 2664 humilitate
1211 2600 1320 2663 cordis
1337 2600 1454 2665 Nostri

343 2702 511 2785 supplices
527 2709 570 2770 ad
581 2707 693 2771 Deum
706 2707 821 2772 oculos
837 2706 996 2779 tollimus,
1005 2705 1288 2788 vehementerque
1300 2705 1456 2788 petimus,

300 2861 308 2883 ,
343 2815 380 2869 ut
390 2806 574 2888 sapientiae
583 2811 781 2895 consiliique
790 2811 841 2874 sui
855 2809 967 2874 lumen
981 2809 1092 2892 largiri
1105 2808 1297 2873 hominibus
1308 2809 1454 2892 benigne

342 2903 431 2984 velit,
445 2907 572 2974 scilicet
600 2911 705 2974 uthis
728 2909 817 2974 aucti
840 2910 1019 2973 virtutibus
1042 2908 1173 2992 possint
1189 2909 1222 2973 in
1240 2910 1339 2973 rebus
1365 2913 1454 2975 tanti

343 3012 506 3076 momenti
522 3033 601 3078 vera
616 3035 760 3091 cernere,
769 3024 803 3078 et
818 3014 909 3098 quod
922 3033 1132 3096 consequens
1144 3021 1205 3090 est,
1216 3013 1455 3079 convenienter

342 3115 485 3193 veritati,
498 3117 667 3199 privatim,
682 3117 824 3199 publice,
839 3117 994 3182 omnibus
1010 3117 1218 3199 temporibus
1246 3117 1453 3201 immotique

343 3221 534 3283 constantia
549 3221 669 3287 vivere.
680 3259 725 3270 -
737 3221 869 3284 Horum
886 3220 1081 3285 coelestium
1094 3239 1269 3284 munerum
1281 3221 1452 3304 auspicem

344 3329 379 3383 et
394 3321 539 3387 Nostrae
555 3324 809 3390 benevolentiae
825 3334 945 3389 testem
961 3325 1066 3401 vobis,
1080 3324 1292 3388 venerabiles
1310 3324 1456 3403 Fratres,

343 3435 376 3488 et
393 3425 492 3492 Clero
509 3429 710 3513 populoque,
725 3429 777 3492 cui
806 3429 929 3512 singuli
945 3429 1116 3513 praeestis,
1131 3428 1369 3508 Apostolicam
1397 3428 1454 3493 be·

345 3530 570 3596 nedictionem
586 3544 800 3616 peramanter
815 3535 847 3597 in
866 3533 1016 3597 Domino
1029 3532 1247 3616 impertimus.

388 3683 515 3747 Datum
541 3683 672 3746 Romae
696 3685 785 3766 apud
804 3683 839 3748 S.
856 3683 990 3746 Petrum
1007 3683 1062 3747 die
1078 3697 1121 3746 20
1148 3681 1237 3746 Iunii
1263 3682 1331 3747 An.
1363 3685 1454 3762 1888,

345 3787 564 3852 Pontificatus
581 3787 698 3852 Nostri
722 3787 923 3852 Undecimo.

1071 3939 1165 4004 LEO
1184 3940 1246 4004 ΡΡ.
1261 3933 1365 4004 ΧΙΙΙ.
