3336 4870
302 1165 400 1212 Divitia

428 329 499 422 238
539 347 722 400 nnisnoun
749 336 770 365 ⁴⁶
790 345 993 399 Punmuuu
1022 345 1135 398 noms
1161 343 1392 398 vonumns
1411 377 1432 402 „

423 544 499 590 eam
515 523 724 590 suadendam
740 533 852 588 vestra
867 531 998 607 spectat
1013 520 1169 600 hortatio,
1193 520 1237 585 ad
1253 519 1374 584 noxias
1399 518 1520 584 dissidii

424 647 559 694 caussas
589 627 789 693 avertendas
819 637 929 693 vestra
956 627 1111 692 intendat
1137 625 1326 692 auctoritas
1355 624 1427 688 Nec
1448 643 1521 690 vero

424 729 626 814 ambigimus
638 731 718 814 quin
735 727 797 794 hac
808 729 937 794 ratione
951 739 986 794 et
997 746 1062 812 ope
1073 728 1178 794 multa
1190 736 1225 793 et
1239 725 1389 810 ingentia
1399 724 1522 808 possint

424 836 513 900 bona
525 834 655 917 parari:
678 833 774 916 plura
789 843 824 898 et
849 833 975 900 maiora
990 852 1078 917 quae
1093 832 1249 898 humanis
1272 840 1351 896 sunt
1368 829 1522 913 impervia

424 935 548 1001 viribus
563 935 660 1002 dabit
674 936 746 1020 ipse
763 935 867 1016 Deus,
882 937 910 1001 si
926 935 1054 1001 fervida
1076 943 1110 1001 et
1125 937 1294 1000 constanti
1313 953 1412 1020 prece
1434 933 1522 996 fuerit
1618 937 1619 964 ³

424 1048 592 1104 exoratus
626 1077 667 1092 -
700 1039 783 1105 Eius
813 1041 981 1125 praesidio
1018 1039 1164 1104 confisus
1193 1048 1370 1123 erectoque
1408 1037 1523 1109 animo,

425 1142 636 1208 Venerabilis
660 1143 786 1222 Frater,
808 1146 992 1228 aggredere
1023 1142 1233 1228 propositum
1259 1163 1345 1227 opus
1372 1141 1463 1226 quod
1484 1140 1521 1204 ad

249 1227 400 1338 21:⁸2th
391 1247 667 1321 incrementum
682 1247 838 1314 catholici
864 1248 1010 1314 nominis
1033 1257 1067 1313 et
1082 1246 1219 1312 illustris
1241 1247 1352 1331 gentis
1370 1245 1521 1330 Hispani

272 1344 381 1402 φφφήφφεφ

246 1404 398 1464 αηωφφφφφ.

423 1370 483 1422 cae
497 1350 640 1416 salutem
657 1351 860 1418 beneventat
872 1351 976 1418 Adsit
986 1350 1047 1416 tibi
1064 1351 1247 1434 aliisquein
1258 1349 1383 1418 Christi
1395 1349 1522 1416 nomine

421 1463 533 1518 tecum
564 1455 777 1538 congregatis
800 1455 990 1520 divinarum
1016 1453 1147 1519 sedium
1178 1455 1331 1520 assistrix
1354 1453 1522 1539 sapientia,

422 1557 574 1639 viresque
600 1567 728 1623 vestras
749 1557 948 1625 confirment
974 1579 1014 1624 ac
1041 1557 1199 1623 roborent
1226 1559 1354 1642 gratiae
1376 1557 1521 1624 caelestis

420 1659 557 1724 auxilia
573 1657 672 1743 Quae
694 1661 831 1745 quidem
855 1661 915 1728 tibi
932 1661 1072 1744 aliisque
1094 1662 1128 1725 in
1149 1661 1212 1726 hoc
1235 1671 1333 1727 coetu
1356 1661 1420 1727 tibi
1442 1661 1521 1726 adsi-

419 1763 578 1828 dentibus
594 1763 686 1846 large
700 1765 904 1849 copioseque
918 1765 1149 1850 adprecamur,
1164 1765 1245 1830 dum
1261 1764 1356 1830 vobis
1367 1764 1521 1830 universis

419 1875 454 1934 et
476 1863 617 1950 singulis
639 1866 875 1950 Apostolicam
903 1868 1183 1947 benedictionem,
1205 1878 1365 1952 paternae
1380 1867 1521 1933 caritatis

418 1981 551 2049 testem,
572 1982 786 2054 peramanter
809 1973 1027 2056 impertimus

463 2074 592 2140 Datum
625 2075 756 2144 Romae
787 2078 877 2160 apud
906 2077 939 2144 S.
964 2077 1100 2141 Petrum
1123 2077 1179 2142 din
1209 2093 1249 2156 19
1279 2075 1411 2162 Aprilis
1438 2079 1522 2157 1889,

423 2177 641 2245 Pontificatus
651 2178 768 2246 Nostri
784 2199 875 2246 anno
890 2181 1103 2246 duodecimo.

969 2320 1066 2388 LEO
1084 2321 1147 2386 ΡΡ.
1164 2321 1266 2387 XIII.
