3310 4868
414 387 460 454 9²
638 381 854 434 ntuocurro
884 373 904 402 “
924 381 1135 434 urunuuurr
1164 381 1261 432 snus
1279 418 1299 445 „

414 571 496 634 licae
512 569 583 631 iura
598 568 780 650 attingunt.
796 567 950 652 Cumque
963 589 1014 632 res
1029 581 1149 652 agatur
1164 571 1337 655 permagni
1351 567 1512 644 momenti,

414 673 456 737 de
471 692 511 736 ea
527 673 600 754 ipsa
615 671 799 748 vobiscum,
810 670 1029 736 Venerabiles
1043 673 1184 750 Fratres,
1196 674 1345 738 animum
1359 672 1511 736 Nostrum

414 773 557 836 breviter
572 773 820 837 communicare
835 775 1051 837 decrevimus.

398 869 401 874 ’
461 875 592 938 Harum
608 875 721 958 legum
737 875 820 940 haec
836 897 969 942 summa
985 887 1035 942 est
1048 900 1054 941 :
1067 879 1233 961 quaedam
1253 878 1375 942 delicta
1391 874 1512 958 fingun-

289 1000 387 1068 rrarum
416 995 477 1059 tur,
493 981 614 1064 quibus
630 981 740 1065 patria
764 983 886 1048 dicitur
900 983 1026 1061 violari,
1052 1003 1159 1066 eaque
1185 983 1302 1066 poenis
1329 979 1513 1044 sanciuntur

214 1067 388 1176 ·„ii.⁵'‘i'¹,5.1m
415 1086 514 1150 valde
522 1086 689 1169 gravibus,
705 1106 766 1150 nec
786 1096 900 1151 tamen
917 1087 1029 1170 qualia
1049 1087 1105 1150 illa
1130 1087 1197 1151 sint
1222 1085 1425 1169 explicando
1442 1080 1512 1147 defi·

237 1191 358 1283 affl?
416 1191 513 1253 nitur.
530 1189 692 1256 Similiter
717 1210 777 1276 per
797 1191 943 1274 speciem
971 1191 1256 1274 prohibendorum
1283 1189 1512 1262 discriminum,

415 1314 501 1377 quae
517 1295 667 1359 maxime
683 1293 867 1378 apotentia
882 1295 961 1359 cleri
977 1295 1152 1360 imminere
1176 1294 1341 1372 dicuntur,
1355 1290 1511 1356 severissi-

416 1399 514 1463 mein
531 1399 721 1464 sacerdotes
736 1398 1023 1477 animadvertitur,
1037 1400 1064 1462 si
1074 1399 1154 1482 quid
1166 1409 1283 1462 contra
1297 1397 1398 1481 leges,
1405 1404 1513 1460 contra

415 1503 569 1566 instituta
598 1501 718 1582 civilia,
748 1501 800 1566 vel
832 1501 986 1586 publicae
1016 1504 1194 1588 potestatis
1232 1511 1317 1580 acta,
1342 1499 1395 1565 vel
1420 1500 1512 1565 etiam

415 1613 531 1670 contra
546 1605 823 1687 tranquillitatem
840 1607 1071 1685 domesticam,
1087 1627 1199 1671 remve
1213 1607 1411 1689 cuiusquam
1427 1602 1513 1666 lami·

416 1708 530 1773 liarem
562 1709 679 1774 iecisse
708 1712 761 1775 vel
792 1713 935 1776 suasisse
976 1713 1225 1776 convincantur.
1252 1748 1296 1758 -
1328 1704 1512 1774 istiusmodi
1617 1759 1618 1764 ,

417 1814 516 1896 leges,
540 1812 759 1878 Venerabiles
790 1815 932 1894 Fratres,
957 1836 1023 1880 non
1049 1825 1100 1880 est
1133 1815 1272 1879 dubium
1301 1833 1370 1898 quo
1407 1829 1514 1895 reapse
1617 1853 1618 1892 2

416 1919 614 2001 pertineant,
629 1919 824 2004 praesertim
841 1921 868 1985 si
892 1920 1068 1985 coniuncte
1083 1919 1290 2004 accipiantur
1310 1937 1387 1982 cum
1402 1913 1513 1980 ceteris
1617 1958 1618 1998 ,

416 2027 448 2088 in
465 2044 587 2108 genere
603 2044 670 2088 non
687 2024 850 2104 dissimili,
866 2027 1015 2090 maxime
1031 2046 1109 2091 vero
1125 2043 1201 2090 curn
1218 2024 1299 2088 satis
1310 2021 1444 2086 aliunde
1455 2019 1515 2082 sint
1617 2063 1618 2106 ἒ

417 2135 590 2192 auctorum
606 2127 746 2192 consilia
761 2129 904 2212 cognita.
922 2130 1069 2194 Primum
1097 2129 1223 2194 seilicet
1246 2126 1513 2193 vindicandorum

418 2232 545 2294 romani
562 2225 1044 2301 Pontificatusiuriumvolun't
1066 2255 1250 2319 poenarum
1279 2243 1370 2299 metu
1398 2235 1514 2316 eripere
1617 2221 1618 2226 ’

259 2351 393 2424 [arenaque
417 2335 620 2401 facultatem.
637 2335 763 2402 Verum
780 2339 839 2401 vix
855 2339 976 2404 attinet
986 2339 1097 2404 dicere
1114 2360 1215 2424 quarn
1232 2339 1265 2404 id
1293 2339 1336 2402 sit
1362 2337 1515 2420 iniquum,
1617 2379 1618 2420 ,

254 2419 377 2530 qm„
418 2441 487 2505 iura
503 2441 722 2520 sanctissima,
737 2461 814 2506 cum
838 2442 989 2527 legitima
1010 2445 1182 2509 Ecclesiae
1208 2443 1362 2509 libertate
1384 2451 1461 2524 apta
1484 2447 1515 2500 et
1617 2485 1618 2526 ,

241 2529 390 2634 S‘ffiffl
417 2565 582 2625 connexa,
604 2545 679 2609 aliis
708 2565 770 2628 pro
794 2547 932 2612 arbitrio
954 2568 1161 2633 oppugnare,
1176 2547 1250 2614 aliis
1277 2567 1320 2611 ne
1345 2543 1515 2611 defendere
1617 2537 1618 2580 ἶ

247 2647 392 2694 vindtcatio-
418 2651 552 2734 quidem
577 2650 741 2734 impunite
764 2651 870 2718 licere.
894 2652 1063 2736 Quoniam
1081 2673 1159 2718 vero
1182 2673 1221 2716 ea
1248 2649 1426 2716 incolumia
1449 2665 1515 2712 esse

241 2713 392 2824 liffeim
419 2755 498 2832 iura,
513 2754 752 2819 catholicorum
766 2755 917 2820 omnium
930 2775 1133 2839 magnopere
1144 2752 1514 2833 interest,dubitandum

242 2827 392 2930 iiiiiiece'if
420 2877 486 2923 non
501 2867 562 2932 est,
578 2859 743 2923 extituros
758 2867 832 2924 toto
847 2860 929 2925 orbe
943 2863 1000 2943 qui
1016 2861 1239 2944 patrocinium
1262 2858 1359 2925 Sedis
1375 2857 1514 2940 Aposto-

242 2943 314 3055 {²222
338 2949 392 3000 Μ’
419 2942 501 3027 Ιῖἶαο
517 2962 620 3027 libere
635 2962 828 3046 suscipiant,
843 2965 922 3028 solis
938 2985 982 3029 ex
994 2965 1094 3030 Italia
1104 2965 1286 3040 catholicis,
1300 2964 1359 3048 qui
1375 2960 1515 3025 maxime
1617 3015 1618 3036 ,

417 3066 568 3130 omnium
600 3066 769 3144 deberent,
795 3065 870 3150 lege
904 3067 1089 3152 prohibitis.
1114 3106 1158 3116 -
1185 3067 1252 3134 Sed
1288 3067 1380 3151 quod
1414 3060 1514 3144 magis
1617 3045 1618 3054 ἵ

419 3171 525 3249 refert,
554 3183 654 3255 prout
683 3193 784 3256 saepe
810 3173 968 3252 diximus,
992 3193 1032 3240 ea
1060 3175 1291 3239 Romanorum
1323 3167 1513 3237 Pontificum
1617 3225 1618 3264 ,

418 3278 577 3355 conditio,
600 3294 687 3362 quae
725 3277 872 3361 ipsorum
906 3287 957 3343 est
985 3279 1132 3343 tuendae
1157 3277 1302 3343 libertati
1330 3271 1514 3345 necessaria,

419 3381 499 3445 nihil
530 3381 626 3446 obest
656 3381 754 3445 rebus
784 3381 913 3458 italicis,
941 3382 1047 3447 immo
1070 3382 1251 3466 plurimum
1287 3381 1513 3460 verissimeque
1617 3433 1618 3468 ,

419 3485 564 3567 prodest,
587 3484 632 3548 ita
660 3495 697 3549 ut
717 3485 919 3568 quicumque
945 3506 1020 3550 eam
1045 3487 1217 3552 vindicant
1240 3484 1436 3561 libertatem,
1450 3499 1511 3546 non

276 3661 281 3671 ⁸
419 3589 530 3653 hostes
554 3589 690 3672 patriae,
712 3591 770 3654 sed
788 3591 906 3673 optimi
917 3590 985 3656 sint
1001 3589 1252 3674 fidelissimique
1262 3590 1353 3654 cives
1368 3585 1512 3653 habendi.

242 3661 304 3765 ,³32
313 3659 392 3764 Eli-22
464 3691 597 3757 Deinde
609 3693 692 3757 istae
708 3693 801 3775 ipsae
823 3692 913 3776 leges
929 3695 1107 3758 simulacro
1133 3695 1296 3759 tutandae
1321 3692 1511 3778 reipublicae

241 3781 394 3896 ffar‘gffl,
419 3797 526 3880 reipsa
541 3795 735 3861 servitutem
750 3797 920 3861 Ecclesiae
942 3807 1070 3882 tegunt.
1087 3797 1173 3863 Cum
1198 3798 1287 3862 enim
1316 3815 1434 3862 munus
1448 3787 1509 3858 offi-

256 3897 378 4012 fflgjffis
417 3901 573 3983 ciumque
611 3899 781 3964 Ecclesiae
819 3901 1066 3966 sanctissimum
1103 3901 1155 3979 sit,
1182 3903 1296 3966 omnia
1332 3905 1512 3966 constanter
1617 3879 1618 3892 ¹

241 4015 389 4071 prohibendo·
418 4005 616 4087 praecipere,
629 4003 819 4087 omniaque,
834 4003 886 4068 vel
902 4004 1014 4069 invitis
1030 4003 1231 4080 hominibus,
1240 4005 1336 4082 tueri,
1345 4016 1509 4088 quaecum·

417 4124 483 4186 que
502 4104 565 4169 sibi
592 4106 634 4169 ad
662 4103 934 4188 praecipiendum
959 4107 1189 4191 tuendumque
1207 4107 1314 4172 lusus
1331 4105 1510 4172 CHRISTUS

418 4207 574 4284 iniunxit,
584 4217 762 4290 propterea
778 4209 810 4272 in
824 4208 952 4292 legibus
964 4211 1194 4296 institutisque
1208 4211 1384 4275 civitatum
1397 4209 1423 4272 si
1439 4201 1506 4290 quid

417 4308 639 4374 aclrristianis
662 4308 740 4375 fidei
763 4330 961 4396 morumque
983 4314 1170 4398 praeceptis
1194 4314 1366 4393 dissideat,
1381 4311 1507 4398 probare

416 4413 523 4477 clerus
549 4414 601 4477 vel
631 4414 764 4480 silentio
789 4415 999 4481 dissimulare
1024 4439 1091 4483 non
1118 4429 1239 4503 potest,
1259 4419 1431 4504 proposito
1452 4408 1504 4477 sibl
