3336 4870
289 553 365 600 Redit

244 613 359 673 Ponuyex

238 797 378 852 conceptam.

253 1404 378 1451 Christum

229 1463 378 1568 alquigr'ilic-

228 1536 379 1628 2:25sz

229 1642 376 1702 adprecatur

230 1706 259 1748 ee
297 1705 378 1761 tempe·

229 1759 288 1872 u·

231 2259 377 2308 regnumque

230 2322 302 2353 suum
310 2313 381 2367 pnec-

231 2372 284 2412 tum
311 2368 381 2412 edve-

232 2426 379 2486 m'reface'at.

408 381 478 432 202
533 381 720 432 LITTERAE
748 381 905 434 ENCYCL.
936 369 956 398 ‘⁸
976 380 1158 432 EXEUNTE
1184 381 1254 432 IAM
1282 380 1390 431 ANNO
1408 415 1428 443 „

405 557 580 639 pertineat,
606 557 686 641 quid
714 557 819 621 virtus
846 557 969 624 Christi
997 555 1217 638 redemptoris
1245 559 1359 640 possit.
1375 593 1419 605 -—-
1442 556 1507 620 Hic

229 673 284 792 adju
305 687 382 778 ,mex
406 679 523 736 annus,
538 661 601 748 qui
612 669 663 725 est
679 661 711 723 in
727 661 833 739 exitu,
849 681 915 725 non
942 680 1058 744 pauca,
1074 670 1112 723 ut
1139 659 1235 723 initio
1251 659 1410 737 diximus,
1426 659 1507 723 revi-

405 763 562 826 viscentis
589 762 666 826 fidei
694 763 816 828 indicia
843 763 1008 846 praetulit
1037 763 1179 828 Utinam
1207 761 1396 826 istiusmodi
1418 760 1507 826 velut

404 865 549 930 scintilla
565 877 692 932 crescat
709 867 741 930 in
759 867 992 932 vehementem
1017 867 1198 944 flammam,
1215 887 1311 950 quae,
1325 866 1508 948 absumptis

405 969 560 1034 vitiorum
578 971 754 1050 radicibus,
770 973 858 1035 viam
884 972 1034 1037 celeriter
1059 970 1220 1054 expediat
1235 969 1278 1034 ad
1302 969 1508 1034 renovandos

405 1092 514 1138 mores
530 1085 564 1137 et
579 1074 738 1138 salutaria
753 1077 969 1158 capessenda.
986 1075 1058 1140 Nos
1074 1075 1209 1159 quidem
1235 1075 1378 1158 mystico
1395 1072 1508 1137 Eccle-

404 1179 473 1242 siae
499 1179 633 1261 navigio
658 1189 728 1242 tam
755 1180 896 1243 adversa
923 1189 1126 1264 tempestate
1156 1178 1348 1262 praepositi,
1364 1187 1508 1241 mentem

404 1281 621 1365 animumque
636 1282 669 1345 in
683 1284 833 1348 divinum
846 1287 1103 1367 gubernatorem
1113 1281 1367 1366 defigimus,qui
1379 1282 1509 1346 clavum

404 1396 522 1449 tenens
538 1384 632 1449 sedet
648 1406 714 1450 non
732 1387 822 1452 visus
834 1390 866 1451 in
879 1389 992 1472 puppi.
1010 1389 1126 1466 Vides,
1138 1387 1295 1465 Domine,
1311 1397 1349 1450 ut
1363 1386 1510 1468 undique

404 1491 572 1572 eruperint
598 1491 700 1566 venti,
724 1503 761 1556 ut
787 1513 877 1556 mare
904 1493 1118 1572 inhorrescat,
1145 1513 1269 1575 magna
1296 1492 1328 1554 vi
1355 1489 1510 1555 excitatis

404 1593 568 1658 fluctibus.
586 1594 729 1678 Impera,
745 1616 958 1679 quaesumus,
972 1598 1030 1680 qui
1055 1597 1146 1660 solus
1171 1607 1277 1680 potes,
1292 1603 1328 1659 et
1353 1595 1463 1658 ventis
1479 1603 1511 1656 et

405 1699 496 1761 mari.
514 1697 633 1761 Redde
657 1698 831 1763 hominum
858 1701 972 1783 generi
1000 1721 1118 1783 pacem
1144 1701 1211 1765 veri
1239 1701 1395 1775 nominis,
1409 1717 1509 1781 quam

406 1797 550 1860 mundus
566 1797 646 1860 dare
669 1818 736 1863 non
764 1789 883 1882 potest,
909 1801 1185 1884 tranquillitatem
1214 1799 1348 1864 ordinis.
1376 1799 1510 1866 Scilicet

406 1919 543 1964 munere
559 1900 771 1985 impulsuque
787 1913 846 1968 tuo
870 1903 1014 1969 reserant
1040 1924 1111 1967 sese
1127 1905 1281 1968 homines
1297 1903 1340 1966 ad
1357 1902 1509 1966 ordinem

406 2001 568 2080 debiturn,
584 2004 746 2082 restituta,
771 2016 808 2070 ut
835 2017 977 2090 oportet,
992 2007 1118 2090 pietate
1135 2008 1167 2070 in
1196 2007 1318 2084 Deum,
1334 2005 1463 2068 iustitia
1478 2013 1510 2065 et

406 2107 544 2171 caritate
568 2108 600 2170 in
624 2110 808 2191 proximos,
831 2113 1056 2196 temperantia
1081 2114 1113 2174 in
1139 2113 1346 2192 semetipsos,
1372 2109 1509 2173 domitis

407 2213 534 2276 ratione
551 2213 800 2295 cupiditatibus.
815 2215 988 2280 Adveniet
1013 2237 1153 2300 regnum
1181 2225 1287 2291 tuum,
1302 2215 1431 2297 tibique
1458 2233 1509 2276 su-

406 2313 501 2378 besse
517 2335 555 2380 ae
572 2317 693 2380 servire
708 2317 731 2380 ii
747 2339 881 2402 quoque
892 2319 1080 2402 intelligant
1092 2328 1255 2402 oportere,
1267 2320 1323 2400 qui
1337 2318 1510 2381 veritatem

407 2429 440 2482 et
456 2419 609 2499 salutem,
625 2430 659 2484 te
674 2423 799 2504 procul,
814 2443 902 2486 vano
917 2423 1031 2488 labore
1057 2424 1248 2507 exquirunt.
1266 2425 1359 2486 Inest
1381 2423 1416 2484 in
1433 2420 1511 2503 legi-

408 2521 471 2586 bus
485 2523 552 2586 tuis
568 2526 719 2608 aequitas
735 2547 774 2589 ac
792 2527 942 2591 lenitudo
959 2537 1117 2609 paterna:
1134 2528 1175 2590 ad
1193 2545 1315 2609 easque
1331 2526 1510 2589 servandas

408 2627 496 2690 ultro
512 2629 608 2693 nobis
625 2631 696 2713 ipse
713 2632 908 2713 suppeditas
935 2633 1131 2714 expeditam
1159 2633 1282 2694 virtute
1298 2643 1356 2693 tua
1372 2629 1509 2694 faculta-

408 2740 487 2797 tem.
503 2732 625 2803 Nlilitia
652 2746 702 2798 est
727 2738 797 2800 vita
819 2737 965 2800 hominis
981 2757 1080 2820 super
1095 2746 1228 2812 terram,
1243 2737 1302 2798 sed
1326 2735 1398 2817 ipse
1413 2744 1511 2798 certa-

409 2856 480 2898 men
498 2837 661 2920 inspectas,
675 2849 706 2902 et
719 2840 863 2904 adiuvas
888 2841 1049 2904 homiuem
1066 2851 1104 2904 ut
1118 2841 1236 2916 vincat,
1262 2849 1294 2902 et
1315 2838 1510 2922 deficr'cutem

407 2935 564 3017 sublevas,
579 2952 612 3004 et
624 2943 801 3007 vincentem
816 2965 948 3008 coronas
963 2945 976 3028 (
994 2946 1014 3028 ).

451 3041 568 3126 Atque
594 3047 646 3109 his
671 3048 822 3111 sensibus
846 3057 958 3112 erecto
985 3051 1018 3114 in
1043 3070 1136 3133 spem
1166 3049 1288 3113 laetam
1316 3045 1511 3129 firmamque
1627 3083 1628 3136 l

409 3156 532 3231 animo,
562 3172 736 3216 munerum
768 3153 961 3217 caelestium
993 3156 1163 3236 auspicem
1195 3162 1229 3218 et
1259 3150 1509 3216 benevolentiae

410 3259 555 3322 Nostrae
570 3266 700 3333 testem,
715 3255 820 3332 vobis,
836 3257 1055 3321 Venerabiles
1083 3259 1225 3334 Fratres,
1241 3266 1275 3321 et
1292 3256 1390 3322 Clero
1406 3274 1510 3338 popu·

408 3362 508 3445 loque
524 3360 689 3425 catholico
704 3362 858 3423 universo
874 3360 1108 3443 Apostolicam
1134 3360 1403 3425 benedictionem
1419 3377 1511 3444 pera·

409 3476 539 3531 manter
554 3467 587 3529 in
605 3465 755 3529 Domino
771 3465 987 3547 impertimus.

452 3573 579 3636 Datum
606 3572 736 3635 Romae
761 3572 850 3652 apud
879 3571 913 3636 S.
942 3573 1075 3635 Petrum
1103 3573 1176 3654 ipso
1200 3571 1254 3635 die
1282 3569 1385 3635 natali
1411 3569 1455 3632 D.
1471 3567 1510 3630 N.
1626 3653 1627 3656 Ἴ

378 3722 381 3728 ,
408 3678 496 3742 IESU
518 3677 608 3753 1888,
626 3673 844 3738 Pontificatus
862 3673 976 3738 Nostri
993 3695 1083 3739 anno
1099 3675 1286 3738 undecimo.

813 3830 908 3896 LEO
934 3832 994 3895 ΡΡ.
1019 3831 1123 3894 XIII.

435 4021 455 4053 a.
475 4007 512 4054 CI.
530 4009 555 4054 S.
575 4009 638 4065 Aug.
656 4007 681 4052 in
699 4006 736 4052 Ps.
755 4020 791 4064 32·
