3172 4874
385 419 436 468 DE
454 417 695 470 CONDITIONE
713 415 906 469 OPIFICUM.
1128 410 1200 480 203

89 521 1197 550 Μ

90 610 141 664 tes
173 605 299 662 tamen.
333 597 426 660 Inter
456 595 517 659 has
550 603 584 660 et
606 613 766 677 magnam
799 592 891 656 illam
925 591 1121 654 societatem
1155 586 1201 650 ob
1263 597 1344 686 mg!

90 699 284 766 differentes
304 719 438 762 caussas
454 699 627 780 proximas
643 699 782 761 interest
797 697 987 780 plurimum.
1003 693 1096 758 Finis
1113 691 1202 756 enim
1271 697 1339 755 1891·

90 803 244 868 societati
272 801 359 867 civili
386 802 576 886 propositus
607 801 752 884 pertinet
778 800 821 864 ad
847 799 1027 875 universos,
1043 795 1201 880 quoniam
1245 805 1382 852 Sunrverae

91 907 263 971 communi
295 907 485 972 continetur
515 906 620 970 bono:
642 905 736 968 cuius
767 923 885 967 omnes
908 913 942 967 et
965 901 1114 986 singulos
1142 920 1203 983 pro
1230 870 1382 984 imin.

66 1075 68 1081 Α
90 1015 247 1098 portione
275 1022 448 1097 compotes
469 1034 542 1078 esse
567 1013 617 1078 ius
644 1021 703 1078 est
729 1012 842 1095 Quare
865 1011 1056 1094 appellatur
1071 1007 1204 1092 publica
1223 985 1303 1046 Μ’
1317 985 1382 1042 M*

92 1119 171 1201 quia
186 1137 246 1201 per
261 1138 335 1182 eam
352 1117 498 1182 homines
520 1117 587 1183 sibi
611 1116 749 1181 innurem
767 1115 1056 1179 communicantia
1073 1135 1141 1177 una
1157 1132 1205 1175 re·
1223 1102 1383 1222 ffl‘p‘jvx‘g

83 1222 218 1307 publica
232 1221 454 1286 constituenda
470 1221 518 1304 (¹).
534 1221 661 1286 Contra
676 1241 764 1299 vero,
779 1239 866 1304 quae
882 1221 916 1283 in
933 1221 1003 1283 eius
1023 1217 1115 1284 velut
1130 1217 1205 1280 sinu
1232 1235 1275 1268 nn.

94 1323 277 1408 iunguntur
292 1327 477 1405 societates,
493 1327 641 1410 privatae
661 1325 828 1390 habentur
842 1335 877 1389 et
891 1334 979 1402 sunt,
995 1323 1074 1406 quia
1089 1318 1204 1384 videli-

93 1439 146 1494 cet
162 1429 253 1508 illud,
268 1451 336 1514 quo
350 1432 506 1513 proxime
521 1440 685 1514 spectant,
700 1429 831 1513 privata
847 1427 973 1492 utilitas
990 1435 1050 1506 est,
1061 1425 1104 1489 ad
1115 1422 1205 1488 solos

93 1534 267 1617 pertinens
279 1536 496 1600 consociatos.

135 1635 283 1702 Privata
296 1651 407 1702 autem
421 1639 554 1703 societas
568 1648 623 1716 est,
637 1659 720 1722 quae
734 1637 783 1700 ad
793 1635 930 1718 aliquod
955 1634 1120 1718 negotium
1130 1631 1205 1714 pri·

93 1749 208 1803 vatum
224 1741 432 1805 exercendum
447 1741 664 1826 coniungitur,
678 1740 764 1805 sicut
775 1739 865 1823 quod
875 1739 938 1802 duo
953 1740 1006 1803 vel
1018 1748 1083 1803 tres
1108 1735 1205 1802 socie-

93 1853 192 1908 tatem
209 1843 332 1924 ineunt,
348 1855 386 1908 ut
397 1845 504 1910 simul
511 1845 716 1930 negotientur
725 1843 771 1930 (²).
788 1845 888 1910 Nunc
903 1864 983 1909 vero
998 1861 1204 1926 quamquam
1231 1833 1311 1880 Μ’
1321 1833 1383 1880 ⁶⁵⁰³·

1232 1897 1270 1940 tas
1299 1894 1385 1952 nequit

94 1949 271 2014 societates
297 1949 447 2031 privatae
471 1952 624 2015 existunt
647 1952 681 2014 in
708 1951 852 2026 civitate,
866 1948 1004 2030 eiusque
1020 1956 1099 2011 sunt
1115 1944 1207 2011 velut
1230 1953 1384 2058 {eomes}

92 2061 205 2134 partes
218 2053 493 2127 totidem,tamen
509 2054 664 2116 universa
675 2072 715 2116 ac
726 2073 785 2134 per
801 2072 916 2115 senon
931 2052 1026 2116 estin
1038 2056 1206 2132 potestate
1231 2085 1277 2132 quo
1292 2075 1316 2116 ιι
1331 2071 1383 2132 ipsa

94 2155 299 2238 reipublicae
314 2175 356 2218 ne
372 2156 522 2220 existant
545 2155 731 2238 prohibere.
746 2155 897 2219 Privatas
922 2154 1012 2218 enim
1024 2143 1204 2218 societates
1230 2135 1344 2184 “³⁰⁶⁰''

93 2258 176 2322 inire
202 2277 398 2322 concessum
424 2269 475 2322 est
499 2257 628 2322 homini
652 2258 722 2322 iure
756 2267 915 2321 naturae:
943 2265 994 2321 est
1020 2265 1133 2319 autem
1160 2255 1204 2317 ad

93 2360 299 2444 praesidium
327 2361 407 2424 iuris
433 2361 593 2426 naturalis
619 2361 774 2424 instituta
798 2360 924 2436 civitas,
940 2360 1075 2422 nonad
1093 2355 1204 2421 interi·

94 2474 183 2528 tum:
199 2483 304 2546 eaque
319 2466 346 2528 si
363 2464 484 2528 civium
509 2473 624 2528 coetus
650 2463 769 2527 sociari
793 2463 946 2541 vetuerit,
960 2461 1060 2545 plane
1090 2478 1204 2524 seeum

95 2568 282 2650 pugnantia
292 2577 380 2652 agat,
392 2567 667 2652 proptereaquod
681 2575 750 2630 tarn
762 2565 825 2648 ipsi
841 2585 943 2648 quam
959 2557 1205 2647 coetusprivati

95 2691 163 2735 uno
178 2671 242 2735 hoc
258 2692 278 2734 e
292 2672 456 2755 principio
482 2680 673 2748 nascuntur,
688 2670 779 2754 quod
805 2670 959 2734 homines
983 2677 1062 2732 sunt
1086 2677 1206 2732 natura

93 2776 355 2858 congregabiles.

139 2878 297 2943 Incidunt
307 2879 488 2962 aliquando
499 2887 653 2962 tempora
665 2897 741 2942 cum
752 2879 782 2942 el
794 2878 907 2962 generi
920 2877 1205 2941 communitatum
1248 2891 1384 2939 nisenus-

94 2991 220 3047 rectum
238 2985 281 3048 sit
295 2983 386 3066 leges
401 2983 577 3048 obsistere:
602 2983 727 3048 scilicet
743 2983 770 3046 si
785 2981 971 3066 quidquam
990 3001 1036 3045 ex
1052 2980 1207 3045 instituto
1227 2957 1384 3081 mg&

93 3097 336 3170 persequantur
350 3089 440 3171 quod
456 3107 533 3151 cum
560 3087 737 3170 probitate,
753 3107 829 3151 cum
846 3085 984 3162 iustitia,
1000 3105 1077 3148 cum
1098 3084 1206 3165 reipu-
1232 3086 1287 3118 ‘'²¹¹’‘
1310 3085 1384 3129 aqu:-

1233 3135 1288 3182 tate.
1329 3144 1384 3176 cnm

93 3189 201 3254 blicae
216 3191 323 3255 salute
339 3200 453 3273 aperte
468 3191 639 3256 dissideat.
655 3190 786 3274 Quibus
796 3191 829 3253 in
841 3190 966 3254 caussis
982 3191 1052 3252 iure
1068 3187 1204 3271 quidem
1232 3189 1318 3295 gfgssm
1336 3196 1384 3308 ᾖ

92 3304 245 3378 potestas
262 3296 404 3378 publica,
419 3317 487 3378 quo
504 3298 613 3360 minus
637 3295 714 3360 illae
730 3295 929 3371 coalescant,
945 3293 1120 3375 impediet:
1137 3293 1206 3354 iure
1228 3307 1386 3368 guen-Sea

93 3397 197 3462 etiam
215 3398 377 3463 dissolvet
403 3399 543 3465 coalitas
562 3419 750 3464 :summam
776 3410 889 3463 tamen
906 3397 1065 3462 adhibeat
1080 3395 1206 3458 cautio·
1231 3372 1385 3486 ᾆξ’ᾯῖἱξῖἔ.

95 3522 172 3566 nem
197 3523 332 3566 necesse
366 3514 426 3580 est,
449 3523 491 3567 ne
514 3505 585 3570 iura
619 3505 741 3569 civium
781 3503 924 3586 migrare
957 3501 1119 3577 videatur,
1141 3519 1205 3563 neu
1233 3487 1341 3533 nendum.

95 3607 279 3690 quidquam
307 3627 366 3691 per
392 3608 537 3690 speciem
553 3608 707 3673 utilitatis
722 3607 876 3690 publicae
892 3615 1028 3682 statuat,
1045 3604 1137 3688 quod
1154 3623 1204 3668 ra-

93 3711 143 3776 tio
155 3733 221 3777 non
233 3713 361 3796 probet.
367 3713 516 3777 Eatenus
525 3715 615 3777 enim
628 3713 931 3795 obtemperandum
942 3711 1080 3793 legibus,
1090 3709 1204 3792 quoad

94 3835 170 3880 cum
184 3828 275 3882 recta
284 3817 421 3894 ratione,
432 3819 585 3901 adeoque
593 3837 670 3882 cum
683 3817 758 3900 lege
771 3816 836 3880 Dei
849 3815 1053 3898 sempiterna
1065 3833 1205 3878 consen·

94 3921 182 3984 tiant
196 3923 249 4003 (³).

126 4091 145 4124 1.
159 4079 183 4124 S.
197 4079 296 4130 Thom.‚
311 4080 400 4124 Contra
411 4081 581 4140 impugnantes
591 4079 640 4126 Dei
649 4081 743 4124 cultum
752 4083 776 4123 et
786 4077 934 4137 religionem,
947 4092 1000 4138 cap.
1016 4078 1048 4124 11.
1057 4102 1087 4110 -
1098 4091 1119 4122 n.
1133 4075 1168 4121 lb.

124 4167 145 4210 3.
164 4153 215 4200 Lex
224 4156 332 4200 humana
344 4155 372 4200 e'n
383 4160 479 4200 tantum
490 4156 560 4200 tradet
566 4155 684 4200 rationem
696 4153 761 4212 tegis,
774 4153 802 4199 in
817 4157 938 4212 quantum
948 4159 983 4200 est
991 4153 1123 4200 secundnm
1133 4153 1209 4198 ratio·

96 4243 150 4275 nem
160 4235 257 4284 rectam,
264 4236 288 4275 et
296 4231 472 4278 recundumdoe
478 4231 635 4290 manifestum
640 4235 674 4276 est
683 4230 767 4289 quoda
777 4229 826 4288 lege
832 4233 931 4275 aeterna
942 4230 1078 4276 derivatur.
1090 4229 1123 4276 ln
1132 4241 1209 4287 pean-

96 4309 147 4350 tum
168 4319 224 4354 vero
233 4321 248 4352 a
260 4306 356 4352 ratione
372 4307 466 4360 recedit,
479 4307 514 4352 sic
524 4305 621 4353 dicitur
629 4305 775 4365 latinique,
787 4305 853 4352 etsie
863 4319 911 4351 nen
921 4305 991 4352 nabet
1010 4305 1131 4352 rationem
1142 4305 1208 4364 legis.

97 4383 137 4426 sed
152 4384 237 4443 magis,
259 4381 388 4427 violentiae
407 4382 541 4428 cretusdam.
568 4381 602 4444 (S.
620 4383 708 4430 Thom.
727 4383 795 4429 Sum.
823 4381 913 4436 Theou,
941 4381 998 4436 1-11.
1016 4381 1115 4439 Quaest.
1135 4381 1206 4429 Xlll.

98 4458 194 4516 2111.)
