3194 4872
407 374 459 426 na
487 375 656 430 susanna
682 374 903 428 sanvrsura.
1159 339 1203 451 75

114 569 213 626 autem
228 561 323 625 r'llum
336 569 375 623 ut
388 581 460 624 ntea
474 557 780 643 circunstantiae...
795 560 862 624 iam
873 583 936 625 non
949 572 1135 641 utservum,
1150 562 1210 627 scd
1293 589 1312 636 5

109 677 264 748 prorem
285 664 496 730 carissimum
508 665 657 745 fratrem
672 675 705 728 et
724 665 759 728 in
775 687 872 730 carne
889 677 922 730 ct
942 666 977 730 in
992 667 1156 732 Domino:
1174 669 1208 732 si
1268 637 1345 734 qqu

111 780 212 835 autem
223 769 356 853 aliquid
363 769 472 832 nocuit
484 768 549 833 tibi
561 779 622 832 aut
630 768 729 848 debet,
743 769 801 834 hoc
810 770 896 833 milri
910 771 1059 854 imputa(
1075 771 1096 855 ).

152 875 334 958 Utramque
353 873 476 956 agendi
488 873 651 937 rationem
675 873 708 938 in
736 893 857 953 servos,
873 875 1039 940 ethnicam
1062 887 1095 940 et
1120 877 1203 941 chri·

109 977 252 1055 stianam,
266 977 325 1060 qui
337 975 486 1041 conferre
497 976 586 1054 velit,
601 974 698 1041 facile
712 977 816 1055 dabit,
832 977 932 1042 luisse
947 977 1086 1043 alteram
1103 979 1203 1043 incle-
1238 981 1381 1052 Christiana

110 1092 246 1145 mentem
272 1089 308 1145 et
333 1080 544 1164 flagitiosam,
581 1079 719 1145 alteram
757 1081 967 1146 mitissimam
1003 1081 1204 1167 plenamque
1229 1041 1382 1170 {mimz

109 1184 292 1262 honestatis,
317 1203 425 1267 neque
445 1185 507 1249 erit
529 1184 775 1263 commissurus,
801 1193 838 1249 ut
869 1185 1065 1261 Ecclesiam,
1088 1194 1204 1251 tantae
1229 1165 1363 1218 mmm

109 1287 328 1372 indulgentiae
340 1289 536 1367 ministram,
552 1287 671 1354 merita
686 1288 785 1354 laude
812 1288 965 1354 fraudare
989 1289 1148 1356 videatur.
1160 1329 1204 1342 -

109 1389 147 1454 ld
166 1411 205 1456 eo
218 1391 272 1457 vel
285 1393 402 1476 magis,
412 1413 516 1476 quum
528 1393 604 1477 quis
615 1391 794 1476 diligenter
808 1393 959 1458 advertat
971 1414 1038 1477 qua
1055 1392 1205 1460 Ecclesia

106 1493 233 1559 lenitate
258 1505 292 1559 et
303 1495 481 1578 prudentia
492 1495 718 1560 foedissimam
732 1495 899 1560 seruitutis
910 1506 1037 1578 pestem
1053 1499 1203 1563 exsecuit
1239 1518 1372 1575 Sapientis·

106 1597 302 1681 depulitque.
317 1635 361 1648 -
376 1598 440 1662 Illa
455 1598 544 1662 enim
561 1598 603 1662 ad
627 1600 922 1664 manumissionem
950 1598 1203 1684 libertatemque
1228 1579 1381 1683 iim&

107 1701 280 1764 curandam
296 1721 465 1766 servorum
483 1701 590 1767 noluit
606 1721 792 1784 properare,
804 1702 904 1784 quod,
920 1702 982 1766 nisi
998 1703 1203 1767 tumultuose
1229 1697 1380 1800 ‘haum

106 1813 220 1869 etcum
236 1825 301 1869 suo
314 1805 462 1887 ipsomm
479 1804 604 1869 damno
620 1806 733 1888 reique
748 1805 901 1888 publicae
916 1805 1118 1872 detrimento
1134 1805 1203 1871 fieri
1228 1763 1335 1860 sistunt·

105 1907 245 1990 proiecto
268 1927 335 1973 non
352 1917 503 1991 poterat;
519 1909 579 1973 sed
599 1909 780 1991 praecipuo
804 1908 943 1973 consilio
967 1910 1141 1992 prospexit
1167 1919 1204 1974 ut

106 2012 200 2075 animi
215 2031 387 2076 servorum
404 2012 437 2075 in
453 2011 629 2095 disciplina
644 2032 704 2075 sua
727 2014 937 2076 erudirentur
960 2013 1003 2078 ad
1027 2013 1203 2077 veritatem

107 2115 324 2194 christianam,
339 2125 373 2181 et
388 2127 630 2181 consentaneos
659 2137 767 2181 mores
792 2137 868 2180 curn
895 2117 1063 2199 baptismo
1088 2117 1203 2182 indue·

108 2227 179 2283 rent
195 2219 436 2302 Quamobrem,
451 2220 484 2283 in
500 2239 669 2284 servorum
688 2220 901 2285 multitudine
916 2241 1002 2304 quos
1029 2220 1091 2284 sibi
1118 2220 1203 2286 filios

108 2321 351 2398 adnumerabat,
373 2321 400 2386 si
430 2324 497 2405 qui,
526 2344 586 2407 spe
612 2322 725 2406 aliqua
752 2323 853 2388 illecti
878 2323 1051 2402 libertatis,
1077 2324 1145 2387 vim
1171 2332 1204 2388 et

107 2425 296 2490 seditionem
313 2435 423 2490 essent
448 2427 563 2504 moliti,
578 2447 618 2490 ea
632 2428 752 2490 vitiosa
768 2427 878 2492 studia
903 2427 1103 2510 improbavit
1119 2446 1203 2490 sem·

109 2549 161 2611 per
180 2529 333 2594 Ecclesia
348 2539 382 2594 et
403 2531 608 2612 compressit,
630 2531 847 2616 adhibuitque
867 2551 927 2614 per
942 2550 1020 2595 suos
1037 2530 1204 2594 ministros

109 2634 248 2698 remedia
265 2634 457 2717 patientiae.
474 2633 648 2698 Haberent
658 2633 782 2699 scilicet
792 2653 997 2717 persuasum,
1008 2655 1045 2698 se
1060 2634 1204 2717 quidem,
1277 2649 1380 2696 reterns

108 2749 236 2822 propter
254 2747 392 2802 sanctae
408 2736 484 2801 fidei
500 2737 611 2802 lumen
628 2748 729 2820 atque
751 2738 881 2821 insigne
908 2759 927 2802 a
954 2737 1088 2804 Christo
1113 2758 1203 2802 acce·
1228 2707 1381 2825 mm

109 2851 205 2924 ptum,
217 2842 361 2908 ethnicis
371 2841 668 2906 dominismultum
679 2841 843 2924 dignitate
853 2842 1059 2918 antecellere,
1075 2843 1119 2907 ab
1131 2843 1204 2925 ipso
1243 2827 1358 2930 ᾗξῆξῇῗ

107 2956 211 3011 tamen
239 2947 318 3011 fidei
343 2945 492 3010 Auctore
519 2954 552 3009 et
590 2946 732 3009 Parente
757 2945 943 3028 religiosius
970 2946 1142 3029 adstringi,
1163 2965 1204 3008 ne
1230 2919 1380 3047 ‘'litt'ssf‘is·

108 3047 180 3128 quid
195 3049 355 3112 adversus
371 3067 429 3111 eos
444 3047 477 3109 in
494 3065 529 3110 se
544 3046 769 3124 admitterent,
786 3067 850 3112 neu
876 3046 1051 3111 minimum
1067 3067 1088 3111 a
1115 3067 1203 3110 reve·
1234 3016 1375 3132 eitinga

110 3150 207 3215 rentia
221 3152 271 3214 eis
286 3150 401 3215 debita
416 3159 450 3214 et
464 3148 655 3214 obedientia
671 3151 880 3214 discederent
893 3171 901 3228 ;
920 3170 957 3214 se
972 3159 1083 3215 autem
1100 3169 1203 3233 quum
1230 3125 1381 3226 ‘cmm

109 3263 239 3317 nossent
254 3273 358 3337 regno
375 3253 440 3318 Dei
462 3253 620 3331 adiectos,
636 3253 789 3318 libertate
813 3251 955 3318 filiorum
980 3253 1050 3317 eius
1071 3254 1206 3336 potitos,

109 3357 148 3420 ad
162 3357 251 3422 bona
267 3377 333 3422 non
350 3358 496 3440 peritura
521 3366 666 3432 vocatos,
682 3356 832 3422 laborare
852 3377 893 3422 ne
909 3357 1032 3422 vellent
1048 3358 1091 3422 de
1117 3359 1206 3423 abie-

109 3460 212 3525 cdone
224 3461 513 3546 incommodisque
528 3461 617 3524 vitae
640 3461 795 3539 caducae,
810 3461 867 3526 sed
891 3461 995 3525 oculis
1019 3462 1207 3546 animisque

110 3563 148 3628 ad
163 3565 292 3631 caelum
308 3565 459 3642 sublatis,
473 3563 585 3647 seipsi
600 3564 851 3629 consolarentur
874 3574 1058 3647 sanctoque
1073 3565 1106 3630 in
1131 3587 1207 3649 pro·

111 3671 215 3750 posito
230 3669 473 3735 confirmarent.
490 3667 611 3734 Servos
626 3669 659 3730 in
683 3668 798 3750 primis
825 3667 989 3733 allocutus
1011 3679 1067 3754 est
1090 3670 1207 3735 Petrus

111 3773 290 3856 Apostolus
314 3793 417 3858 quum
445 3772 575 3856 scripsit
592 3771 709 3836 :Haec
730 3783 779 3836 est
791 3773 916 3854 gratio,
936 3773 970 3837 si
987 3784 1120 3856 propter
1143 3774 1210 3838 Dei

111 3877 329 3942 inscientium
352 3877 491 3941 sustinet
513 3876 587 3960 quis
606 3875 773 3954 tristitias,
791 3877 924 3958 patiens
939 3877 1068 3941 iniuste.
1083 3877 1124 3940 ln
1153 3877 1211 3940 hoc

112 3979 193 4043 enim
202 3978 308 4042 vocati
316 3979 401 4055 estis,
412 3977 492 4061 quia
506 3986 537 4040 et
553 3975 704 4041 Christus
714 3986 836 4059 passus
865 3985 979 4058 estpro
994 3975 1098 4054 nobis,
1119 3975 1209 4041 vobis

114 4082 289 4164 relinquens
302 4082 490 4164 exemplum,
501 4090 540 4144 ut
548 4081 735 4163 sequamini
757 4079 895 4162 vestigio
909 4079 1003 4160 eius(
1021 4081 1041 4162 ).
1056 4117 1101 4130 =-
1118 4079 1207 4144 Laus

115 4193 204 4251 tanta
219 4186 448 4252 sollicitudinis
464 4203 538 4249 cum
557 4183 785 4249 moderatione
800 4183 1007 4263 coniunctae,
1021 4204 1108 4267 quae
1123 4185 1206 4248 divi·

145 4419 164 4454 1.
175 4407 215 4454 Ad
224 4407 290 4462 Phil..
305 4411 416 4456 12·18.-·
427 4419 447 4453 a
461 4405 473 4453 l
486 4407 560 4463 Pete,
569 4417 598 4460 11,
612 4419 685 4464 1941.
