3194 4872
331 335 374 384 22
526 328 706 380 mussona
736 315 756 341 ‘⁸
775 325 925 376 osrrcro
944 323 1193 375 snrvcrrssrno
1213 361 1231 387 „

331 518 422 582 velut
438 516 465 580 si
481 535 599 580 caussa
615 511 779 578 catholica
791 511 931 576 idoneos
948 511 1054 594 magis
1078 511 1281 595 minimeque
1297 511 1450 576 timidos

333 628 599 704 propugnatores
615 615 704 699 apud
718 635 777 679 vos
792 615 997 680 desideraret
1012 639 1018 678 :
1035 616 1138 699 probe
1164 617 1252 681 enim
1281 617 1451 680 novimus

172 731 287 800 pavana
333 747 403 804 vos,
413 721 632 791 venerabiles
646 719 931 802 Fratresunaque
958 721 1117 784 maiorem
1134 731 1167 785 et
1183 721 1348 784 saniorem
1363 738 1450 802 par·

165 793 296 838 Ecclesram

157 867 172 896 a
199 851 243 895 pa
268 849 309 894 rx
334 839 491 894 temtum
517 824 602 890 sacri
625 824 753 888 ordinis
782 833 855 887 tum
883 825 1057 888 hominum
1085 835 1310 901 externorum,
1332 823 1451 887 haud-

159 911 308 1018 ''Zssffmssf'
336 951 505 1018 quaquam
530 928 649 1011 frigere
674 929 781 991 otiose
808 928 851 991 ad
879 929 1061 992 certamina
1087 937 1121 992 et
1145 927 1292 1010 pericula
1315 927 1453 1008 quibus

169 1027 301 1146 ljffie'rl‘
336 1037 480 1118 cingitur
495 1031 722 1116 premiturque
738 1029 877 1095 ecclesia
891 1040 1010 1094 vestra.
1026 1030 1241 1114 Quapropter
1265 1032 1353 1094 sicut
1373 1049 1451 1093 non

181 1159 292 1191 comm·
311 1161 317 1172 ·
337 1140 481 1206 absimili
493 1158 612 1203 caussa
623 1138 779 1201 decessor
795 1135 919 1200 Noster
936 1137 1013 1200 Pius
1031 1137 1082 1201 IX
1096 1137 1336 1201 amantissimis
1353 1136 1453 1200 litte-

161 1207 209 1252 Μ
338 1248 383 1311 ris
398 1246 441 1309 ad
460 1243 646 1325 Episcopos
663 1239 825 1304 Bavariae
839 1241 928 1304 datis
944 1239 996 1324 (¹),
1011 1240 1180 1324 praeclara
1192 1261 1306 1304 eorum
1319 1241 1454 1317 studia,

338 1350 439 1415 sacris
457 1345 629 1410 Ecclesiae
649 1342 833 1407 rationibus
849 1345 982 1408 tuendis
1006 1345 1167 1428 impensa,
1179 1346 1318 1409 summis
1334 1343 1453 1408 laudi·

339 1453 400 1517 bus
431 1447 554 1514 extulit
570 1468 577 1525 ;
594 1449 639 1510 ita
670 1446 871 1528 perlibenter
897 1447 968 1510 Nos
996 1448 1116 1512 iustam
1144 1449 1283 1532 singulis
1307 1447 1455 1511 laudem

340 1555 428 1618 ultro
455 1552 634 1634 palamque
656 1550 843 1628 tribuimus,
869 1561 1035 1634 quotquot
1051 1571 1095 1615 ex
1113 1553 1249 1616 Bavaris
1279 1549 1457 1616 defensio·

342 1677 418 1722 nem
456 1655 625 1738 religionis
662 1655 770 1718 avitae
812 1667 1029 1738 susceperunt
1065 1657 1193 1722 sortiter
1230 1667 1264 1721 et
1295 1663 1458 1738 egerunt„

344 1761 481 1836 Verum,
497 1759 618 1840 quibus
634 1758 841 1839 temporibus
872 1761 1183 1840 providentissimus
1214 1759 1307 1824 Deus
1331 1758 1464 1822 Eccle·.

345 1865 429 1928 siam
446 1881 541 1926 suam
559 1863 666 1926 saevis
682 1862 835 1944 procellis
851 1864 970 1946 agitari
987 1866 1160 1948 permittit,
1183 1867 1324 1929 acriores
1341 1865 1422 1946 ipse
1439 1884 1460 1928 a

347 1967 444 2031 nobis
460 1967 591 2030 animos
611 1967 763 2048 viresque
779 1967 812 2029 in
829 1967 994 2034 auxilium
1021 1971 1203 2052 paratiores
1226 1970 1358 2052 optimo
1382 1969 1461 2032 iure

346 2073 507 2155 deposcit.
521 2070 593 2135 Vos
613 2079 725 2134 autem
742 2072 785 2134 ad
813 2090 927 2149 unum,
941 2073 1159 2138 Venerabiles
1190 2075 1332 2151 Fratres,
1344 2091 1462 2155 aeque

347 2188 386 2242 ut
400 2177 482 2252 Nos,
498 2174 649 2240 dolenter
659 2175 779 2239 videtis
789 2195 890 2258 quam
904 2176 1013 2241 aliena
1025 2187 1058 2242 et
1070 2199 1171 2260 quam
1189 2179 1301 2261 iniqua
1317 2177 1350 2240 in
1368 2186 1461 2241 tem·

170 2270 320 2385 gam
349 2301 431 2365 pora
449 2278 601 2342 Ecclesia
631 2278 784 2343 inciderit
800 2300 807 2358 ;
824 2279 944 2344 videtis
971 2282 1187 2365 cumprimis
1216 2301 1284 2366 quo
1310 2301 1346 2343 se
1379 2279 1463 2344 loco

180 2386 309 2434 cultatim
349 2385 496 2450 habeant
507 2403 557 2448 res
570 2391 707 2460 vestrae,
718 2391 751 2447 et
763 2383 884 2466 quibus
899 2385 1094 2469 vosmetipsi
1111 2384 1363 2450 difficultatibus
1375 2403 1462 2447 con·

171 2447 321 2562 ibiufflfgb
348 2485 527 2548 flictemini.
546 2483 636 2565 Ergo
649 2483 835 2565 intelligttis
850 2483 1062 2566 experiendo,
1074 2506 1211 2550 munera
1226 2494 1335 2548 vestra
1351 2483 1462 2548 maio·

173 2565 259 2612 lantioe
300 2567 321 2606 cl
858 2588 866 2602 .
1069 2590 1076 2604 .
1215 2589 1222 2604 .
1289 2589 1296 2602 .

174 2622 323 2670 ,pm-„mn
349 2607 420 2653 rem
438 2607 538 2670 quam
556 2587 698 2650 antehac
713 2586 836 2651 habere
857 2607 889 2650 m
910 2599 1099 2671 praesentia
1120 2589 1387 2670 amplitudinem,
1416 2589 1462 2652 ad

174 2699 222 2729 Μ
262 2681 323 2726 ''⁸⁶²''
349 2710 455 2773 eaque
470 2690 676 2772 vigilantiam
693 2701 727 2754 et
743 2691 921 2769 actionem,
946 2693 1046 2757 robur
1069 2703 1103 2756 et
1127 2693 1338 2776 prudentiam
1370 2690 1463 2756 chri·

174 2748 218 2788 m
351 2796 493 2859 stianam
509 2792 631 2856 debere
647 2813 706 2858 vos
729 2796 861 2858 enixius
878 2795 1058 2862 intendere.

179 2899 326 3021 pm&
355 2938 359 2949 ·
396 2898 448 2962 Ac
464 2897 608 2980 primum
624 2897 774 2961 omnium
791 2900 833 2962 ad
851 2899 975 2964 clerum
992 2901 1177 2984 parandum
1201 2911 1235 2963 et
1259 2899 1465 2974 ornandum,

194 3019 318 3064 ornanum
352 3011 504 3066 auctores
531 2998 625 3062 vobis
648 3000 901 3084 hortatoresque
930 3023 1052 3067 sumus.
1076 3041 1120 3052 -
1157 3001 1273 3070 Clerus
1300 3001 1464 3065 nimirum

174 3083 327 3198 ffiissssssi]
352 3109 457 3172 instar
483 3105 649 3169 exercitus
678 3114 738 3183 est,
761 3107 827 3188 qui,
843 3107 1000 3189 quoniam
1028 3109 1181 3173 instituta
1196 3129 1256 3172 sua
1275 3117 1308 3172 et
1323 3127 1465 3171 suorum

179 3195 327 3304 pppmrci·
354 3209 541 3295 perfunctio
572 3211 745 3272 munerum
764 3210 810 3274 ita
826 3209 944 3289 lerunt,
960 3221 1006 3290 ut,
1028 3213 1091 3276 sub
1117 3213 1309 3295 magisterio
1332 3211 1466 3295 episco-

356 3333 484 3398 porum,
510 3332 585 3376 cum
603 3314 783 3377 christiana
812 3316 1028 3384 multitudine
1057 3318 1192 3383 assiduo
1209 3317 1276 3382 sere
1298 3337 1359 3380 usu
1391 3337 1467 3380 ver-

356 3428 456 3493 setur,
479 3418 581 3480 decus
610 3417 733 3482 idcirco
756 3421 1025 3504 praesidiumque
1054 3433 1151 3487 tanto
1174 3423 1317 3506 amplius
1338 3431 1390 3484 est
1419 3419 1467 3484 rei

357 3525 510 3607 publicae
539 3523 710 3601 allaturus,
733 3537 860 3607 quanto
891 3538 925 3593 et
956 3549 1095 3594 numero
1126 3542 1272 3614 praestet
1302 3539 1337 3593 et
1366 3526 1466 3592 disci-

357 3630 457 3713 plina.
489 3626 704 3711 Quapropter
720 3629 891 3696 Ecclesiae
906 3632 988 3697 haec
1004 3633 1066 3699 suit
1082 3656 1214 3718 semper
1233 3629 1469 3717 antiquissima

357 3753 445 3807 cura,
461 3739 497 3794 ut
522 3729 595 3793 illos
625 3731 786 3814 deligeret
812 3736 1033 3820 educeretque
1063 3741 1106 3803 ad
1133 3739 1357 3804 sacerdotium
1384 3737 1468 3800 ado·

184 3841 334 3945 Antiquipi-
359 3835 530 3909 lescentes,
554 3853 691 3915 quomam
719 3835 840 3900 indoles
864 3847 897 3901 et
921 3840 1072 3906 voluntas
1090 3853 1176 3924 spem
1199 3842 1319 3926 afferat
1340 3860 1391 3903 eos
1420 3859 1468 3902 ec·

185 3905 334 4010 ῗιῗςῗὲἷηνῖζ
357 3933 544 4000 clesiasticis
558 3934 753 3998 ministeriis
766 3948 919 4020 perpetuo
931 3940 1208 4026 inservituros&
1224 3941 1420 4024 eademque,
1432 3951 1472 4006 nt

359 4033 605 4098 adolescentium
635 4044 764 4100 aetas...
797 4057 819 4100 n
846 4041 965 4104 tenens
984 4047 1083 4106 annis
1095 4041 1144 4105 aa'
1156 4043 1313 4125 pietatem
1334 4053 1365 4104 et
1391 4041 1467 4104 reli·

356 4138 485 4221 gionem
501 4139 707 4218 informetur,
722 4151 897 4224 antequam
911 4144 1070 4210 vitiorum
1085 4147 1216 4211 habitus
1228 4156 1309 4209 totos
1322 4144 1468 4208 homines

362 4367 378 4412 d
392 4315 412 4348 r.
426 4303 481 4412 Ιίἰιῑ.
494 4303 575 4416 Nini}3
580 4303 655 4350 Nobis
660 4307 766 4364 gratius,
780 4308 819 4354 die
829 4323 859 4356 2o
869 4311 989 4358 Februarii
1000 4325 1021 4358 a.
1038 4313 1102 4370 1851.
1114 4337 1141 4348 -
1150 4327 1171 4357 2.
1185 4313 1260 4358 Conc
1271 4311 1294 4356 Τ
1295 4312 1340 4358 rid.
1353 4310 1417 4358 Sess.
1430 4324 1466 4370 23.

379 4381 428 4415 ere
437 4383 495 4414 orm.
512 4383 532 4416 c.
548 4385 558 4416 1
576 4405 582 4417 .
912 4413 913 4418 ,
1163 4397 1169 4410 ·
