3140 4866
376 389 449 480 246
552 403 734 458 srrsroaa
753 391 774 422 ¹¹
793 402 1021 456 rrsromus
1039 401 1290 456 murtrum
1305 437 1329 464 ..

227 591 320 696 sm
374 583 527 660 adiicere,
536 603 622 668 quae
632 583 776 667 pretium
788 601 861 646 esse
872 581 1028 646 ducimus
1038 581 1288 646 communicare
1297 579 1474 654 vobiscum,
1547 583 1548 588 ’

242 695 309 754 τθνι·
375 703 426 764 ne,
442 705 545 768 quum
561 684 650 750 ultro
665 686 779 751 oblata
794 684 889 750 vobis
905 683 949 749 sit
964 684 1131 748 scribendi
1151 683 1293 761 occasio,
1308 683 1474 748 videamur

374 789 521 872 segniter
535 789 645 856 officio
662 787 788 855 Nostro
803 787 957 854 defuisse.

275 907 348 953 Mala
399 971 404 982 ¹
421 895 524 960 Haud
540 915 600 960 vos
616 895 784 978 praeterit,
798 893 912 958 dilecti
940 889 998 956 filii
1024 891 1150 970 Nostri,
1165 891 1387 958 Venerabiles
1403 891 1473 956 Fra·

194 975 337 1089 zm?
375 1010 452 1078 tres,
477 1001 569 1084 quod
597 999 791 1064 Bracarensi
817 997 928 1062 coetui
956 997 1084 1080 optime
1110 1007 1319 1080 compertum
1345 996 1417 1076 luit,
1438 1019 1473 1062 eo

189 1087 300 1194 sm,
311 1085 350 1190 53
374 1105 555 1170 deventum
572 1112 698 1169 esseut
714 1101 796 1168 fides
812 1102 886 1185 ipsa
900 1100 991 1186 apud
1008 1101 1118 1184 plures
1134 1101 1167 1166 in
1189 1102 1368 1167 discrimen
1384 1123 1472 1167 voce-

196 1211 259 1256 tm·
296 1219 349 1250 ⁶⁰⁸·
374 1217 439 1286 tur,
462 1209 614 1292 adeoque
637 1207 823 1272 cavendum
851 1225 912 1289 pro
935 1205 1059 1272 viribus
1085 1207 1129 1271 sit
1152 1225 1193 1270 ne
1216 1207 1407 1290 ignorantia
1427 1205 1472 1270 vel

196 1279 260 1372 52⁰
277 1279 349 1384 Ϊιῗῖι
374 1313 527 1378 socordia
543 1332 589 1376 ex
605 1311 726 1374 animis
748 1311 886 1376 excidat
906 1319 965 1375 aut
980 1309 1206 1393 elanguescat,
1220 1311 1280 1376 sed
1296 1311 1471 1375 curandum

197 1386 299 1432 'mm
374 1425 412 1480 ut
424 1415 561 1481 baereat
576 1416 645 1481 alte
656 1414 770 1483 defixa
780 1415 938 1480 cordibus
949 1423 984 1479 et
996 1415 1030 1478 in
1043 1413 1139 1480 bonis
1152 1415 1307 1498 operibus
1323 1415 1472 1498 cultuque
1549 1417 1550 1460 ³

373 1521 535 1586 virtutum
549 1521 672 1586 laetam
684 1522 803 1604 gignat
817 1521 950 1604 copiam
967 1529 1002 1584 et
1017 1518 1229 1584 dulcedinem
1245 1520 1378 1604 frugum
1394 1522 1471 1603 opti·

375 1643 515 1690 marum.
531 1624 739 1692 Cenandum
755 1636 807 1690 est
822 1625 981 1690 adversus
1003 1634 1147 1689 conatus
1169 1624 1316 1690 bostium
1333 1624 1472 1690 veritatis

375 1747 418 1792 ne
433 1727 533 1794 latius
548 1741 661 1813 serpat
685 1729 774 1794 mala
799 1729 891 1794 labes
915 1747 1003 1812 quae
1024 1749 1070 1793 ex
1094 1749 1209 1794 eorum
1225 1729 1393 1814 exemplis
1408 1749 1472 1814 pm·

374 1831 491 1914 visque
507 1830 669 1896 doctrinis
682 1833 808 1914 passim
833 1831 947 1899 effusis
964 1843 1152 1914 promanat.
1176 1832 1287 1898 Multa
1310 1844 1391 1899 sunt
1404 1854 1472 1898 con·

375 1933 527 1997 sananda
542 1933 689 2012 vulnera,
705 1957 790 2020 quae
806 1937 946 2002 istorum
964 1935 1058 2000 labor
1073 1936 1245 2020 improbus
1258 1945 1296 2001 et
1309 1937 1471 2001 calamitas

376 2042 565 2119 temporum
602 2039 760 2122 gregibus
791 2039 904 2103 intulit
932 2039 1097 2103 curationi
1126 2049 1257 2104 vestrae
1287 2038 1472 2112 commissis,

377 2138 483 2204 multa
509 2151 588 2207 sunt
611 2145 793 2210 excitanda
817 2163 904 2226 quae
930 2144 1050 2221 iacent,
1073 2143 1198 2208 multae
1222 2143 1335 2208 adhuc
1355 2143 1472 2208 animas

377 2241 525 2311 fidelium
542 2259 699 2330 premunt
717 2248 989 2325 necessitudines,
1010 2267 1105 2332 quas,
1124 2249 1153 2311 si
1179 2247 1314 2331 penitus
1338 2245 1413 2312 tolli
1425 2265 1471 2310 oe·

375 2361 513 2432 queunt,
527 2351 623 2416 leniri
639 2353 759 2416 saltem
775 2362 919 2436 oportet.

247 2495 305 2553 ΘΜ
324 2500 353 2540 m
423 2453 529 2532 Haec,
552 2475 648 2539 quae.
674 2456 722 2520 uti
748 2457 909 2535 diximus,
932 2475 1030 2520 curas
1054 2455 1210 2539 flagitant
1227 2465 1262 2520 et
1285 2453 1474 2520 industriam

200 2529 320 2674 ῇὲἳεέ
377 2566 523 2624 vestram
539 2558 671 2641 plenius
694 2567 728 2624 et
750 2561 962 2624 commodius
986 2557 1071 2624 ellici
1087 2567 1248 2642 potentnt
1262 2559 1291 2623 si
1315 2557 1472 2622 arctioris

202 2681 269 2744 rur„
300 2687 352 2719 con·
377 2659 450 2723 dies
465 2660 551 2724 inter
567 2681 736 2728 sacrorum
752 2662 935 2728 Antistites
949 2663 1128 2727 concordia
1149 2659 1218 2740 fiat,
1232 2680 1415 2744 eorumque
1438 2658 1474 2721 sit

194 2734 354 2864 Ξζζζωίζῖζῤ
378 2783 480 2845 opera
506 2767 715 2831 coniunctior
730 2767 763 2831 io
780 2767 1035 2832 necessitatibus
1050 2765 1129 2831 cleri
1144 2775 1179 2831 et
1203 2763 1352 2830 fidelium
1368 2763 1472 2848 expio
1552 2755 1553 2782 ³

204 2853 337 3032 ffiffim
378 2866 512 3034 {2133}
531 2865 565 3034 iq
595 2869 981 3058 conferrendistcongeiliiis
1008 2889 1048 2934 ac
1073 2869 1295 3055 decergzpdis
1321 2868 1475 3036 iisaigeugt

306 3007 311 3019 ·
516 2991 547 3034 nr
566 2991 602 3035 er
615 2993 686 3037 visa
716 2995 808 3040 uerrn
840 2995 885 3039 ex
955 2995 1002 3038 rre
1017 2992 1095 3039 cum
1122 2993 1171 3038 srn
1233 2993 1329 3036 arum

378 3075 465 3138 sium
478 3073 673 3154 rationibus,
681 3087 753 3142 tum
765 3079 805 3142 iis
816 3098 904 3162 quae
914 3077 1014 3143 latius
1029 3087 1148 3162 patent
1163 3088 1197 3143 et
1212 3077 1315 3142 altius
1330 3077 1474 3145 eminent

378 3178 504 3262 quippe
529 3181 651 3263 quibus
675 3183 785 3266 gentis
810 3185 984 3248 universae
1004 3183 1210 3267 prosperitas
1225 3191 1259 3244 et
1274 3179 1368 3244 salus
1382 3177 1473 3244 conti·

379 3292 485 3350 netur.
505 3283 669 3351 Arctioris
694 3285 794 3352 huius
815 3287 1074 3352 consociationis
1100 3287 1187 3350 inter
1200 3303 1374 3350 sacrorum
1390 3278 1472 3347 Anti·

380 3388 475 3453 stites
501 3390 736 3472 opportunitas
763 3392 901 3456 minime
925 3391 1023 3457 latuit
1049 3409 1164 3454 eorum
1189 3387 1403 3472 prudentiam
1425 3379 1468 3464 qui

380 3493 559 3558 Bracarum
577 3493 769 3578 Augustam
785 3515 992 3560 convenere:
1007 3514 1111 3579 quare
1126 3491 1365 3577 probatissima
1381 3485 1473 3555 Nobis

380 3615 422 3660 ea
436 3595 519 3659 scita
531 3596 664 3661 suerunt
677 3597 813 3662 illustris
825 3608 941 3663 coetus
952 3617 1039 3682 quae
1053 3598 1097 3662 ad
1113 3597 1200 3661 hanc
1215 3593 1473 3660 coniunctionem

381 3699 561 3766 fovendam
588 3702 797 3783 spectabant,
820 3720 880 3784 per
903 3723 1006 3786 quam
1032 3701 1139 3767 fidelis
1154 3699 1301 3785 populus
1325 3697 1476 3781 ampliora

381 3814 541 3888 expectat
556 3824 662 3888 eaque
678 3806 836 3870 diuturna
851 3805 1027 3870 benefacta
1042 3826 1062 3870 a
1079 3804 1292 3872 Praesulibus
1316 3803 1394 3878 suis,
1413 3795 1475 3881 qui·

381 3909 444 3974 bus
459 3909 600 3974 ducibus
616 3919 650 3973 et
665 3909 849 3974 rectoribus
866 3912 977 3975 utitur.

238 3996 357 4043 mm
425 4013 533 4097 Atqui
559 4014 603 4078 ad
628 4033 795 4080 summam
820 4015 906 4078 hanc
930 4014 1056 4096 diuque
1070 4014 1265 4078 duraturam
1281 4005 1473 4075 coniunctio

206 4069 261 4102 vero
303 4071 357 4102 ωη-

205 4115 313 4220 ξζζζξζζ
381 4138 459 4184 nem
475 4118 685 4184 efficiendam
712 4119 793 4182 nihil
808 4117 1041 4203 praestabilius
1060 4125 1112 4182 est
1128 4135 1219 4181 more
1234 4126 1269 4180 et
1284 4115 1432 4180 instituto
1445 4108 1472 4170 in

206 4235 334 4304 conferunt
381 4223 454 4288 aliis
469 4222 661 4307 regionibus
676 4221 742 4286 iam
763 4232 907 4305 recepto,
931 4230 968 4285 ut
993 4230 1127 4304 praeter
1147 4217 1399 4302 congressiones
1411 4209 1471 4294 qui-

206 4293 358 4397 5?me
382 4329 444 4390 bus
453 4328 555 4390 etiam
566 4325 641 4390 laici
654 4325 768 4389 fideles
784 4325 950 4390 intersunt
964 4323 1167 4406 (cuiusmodi
1179 4331 1296 4386 coetus
1308 4321 1470 4384 Bracaren·

206 4414 292 4511 ff
314 4424 357 4454 ‘⁰¹'
381 4432 426 4494 sis
442 4430 518 4512 suit)
533 4439 676 4511 agantur
691 4429 873 4512 quotannis
884 4427 1067 4512 peculiares
1081 4427 1326 4510 Episcoporum
1342 4437 1467 4488 conven-
