3172 4874
395 405 464 475 166
517 421 623 474 uoru
643 419 805 473 anorum
825 407 845 436 ‘¹
865 419 916 470 ur
934 417 1128 470 uusrrcnu
1161 415 1328 469 snousnu
1347 451 1366 479 „

386 599 563 684 (Sap.,v11‚
582 598 644 680 19).
667 633 711 648 -
735 597 839 660 Porro
858 595 902 660 ad
918 595 1066 660 curanda
1090 593 1188 659 huius
1204 593 1358 656 scientiae
1380 590 1464 654 incre

388 711 501 766 menta
524 710 558 765 et
574 699 737 765 fovendos
751 698 894 764 cultores
915 699 986 762 eius
1010 697 1092 762 illud
1114 716 1249 782 quoque
1272 695 1463 760 incitamento

226 876 231 888 ,
250 821 358 890 aceresia
387 805 447 870 suit
465 804 636 870 Ecclesiae
653 803 855 880 pastoribus,
877 802 969 884 quod
985 803 1083 866 huius
1107 801 1205 868 unius
1220 821 1285 884 ope
1300 807 1386 864 certo
1404 815 1461 880 pos

208 879 320 990 iiiii-2}
385 911 451 972 sint
466 909 625 973 constitui
641 907 723 985 dies,
736 906 859 991 quibus
875 907 1034 972 celebrari
1049 915 1204 990 oporteat
1220 925 1260 968 ea
1275 924 1360 988 quae
1374 901 1459 965 maxi·

205 995 358 1110 ssffif'
385 1031 441 1076 ma
466 1021 499 1076 et
523 1011 772 1094 religiosissima
797 1019 876 1074 sunt
901 1011 1135 1092 mysteriorum
1161 1009 1285 1075 Christi
1311 1008 1458 1073 solemnia

204 1167 343 1214 calm..
385 1115 462 1200 Quo
478 1117 603 1181 Iactum
628 1125 688 1194 est,
713 1125 750 1180 ut
766 1113 955 1179 Tridentini
983 1116 1098 1178 Patres
1114 1113 1171 1198 qui
1197 1114 1302 1197 probe
1326 1119 1461 1178 novuant

205 1239 247 1294 «μ
273 1227 356 1296 Grau
384 1221 610 1302 perturbatam
627 1241 700 1285 esse
716 1221 880 1285 rationem
894 1230 1096 1304 temporum,
1110 1239 1198 1302 quae
1213 1237 1281 1283 non
1298 1217 1376 1281 satis
1389 1235 1460 1280 com·

203 1298 357 1398 mm
385 1327 492 1401 mode‚
519 1325 606 1389 Iulio
633 1325 776 1390 Caesare
799 1334 944 1401 auctore,
972 1322 1079 1387 iuerat
1104 1323 1295 1400 emendata,
1325 1329 1459 1404 rogarunt

381 1429 482 1492 enixe
495 1429 687 1492 Romanum
701 1426 896 1492 Pontificem
910 1426 1039 1506 ut‚viris
1051 1426 1254 1491 doctissimis
1265 1428 1300 1491 ln
1311 1425 1460 1490 eonsilium

380 1533 550 1610 adhibitis,
574 1552 696 1596 novam
723 1551 762 1596 ac
778 1531 1009 1616 perfectiorem
1034 1529 1211 1596 conficeret
1235 1549 1396 1595 annorum
1409 1529 1460 1594 die·

380 1656 519 1719 rumque
545 1636 800 1702 ordinationem.
824 1672 868 1686 --
884 1635 1021 1720 Quanta
1046 1635 1193 1699 fueritin
1220 1655 1261 1698 ea
1277 1655 1313 1700 re
1339 1634 1461 1718 gerenda

380 1737 532 1822 Gregorii
559 1739 650 1803 XIII
670 1739 934 1804 Praedeeessons
960 1739 1076 1805 Nostri
1091 1739 1276 1822 diligentia,
1291 1735 1459 1804 constantie

379 1853 412 1908 ct
438 1844 620 1908 liberalitas
645 1845 727 1909 satis
753 1856 962 1928 compertum
994 1854 1045 1908 cst
1071 1863 1117 1908 ex
1147 1844 1295 1910 indubiis
1326 1843 1461 1908 historiae

380 1947 613 2012 monumentis.
629 1946 765 2013 Scilicet
780 1948 813 2012 in
836 1967 875 2011 ea
891 1965 976 2030 quae
992 1946 1166 2028 aptissIma
1192 1946 1370 2012 videbatur
1383 1953 1458 2028 parte

378 2051 620 2116 Vaticanarum
647 2051 782 2116 aedium
809 2049 1066 2133 speculatoriam
1082 2049 1198 2114 turrim
1220 2051 1362 2115 excitari
1378 2047 1461 2120 iussit.

378 2177 478 2239 quam
496 2157 725 2222 instrumentis
740 2156 880 2233 omavit‚
896 2174 981 2237 quae
998 2153 1124 2220 ierebat
1139 2165 1233 2220 aetas
1249 2153 1317 2233 illa,
1333 2154 1461 2218 maxima

377 2269 411 2326 et
426 2260 684 2339 accuratissima,
704 2260 817 2344 ibique
832 2268 1017 2324 conventus
1041 2258 1159 2324 habuit
1174 2261 1351 2324 doctorum
1373 2253 1459 2322 homi·

378 2385 457 2432 num
474 2386 559 2450 quos
572 2366 779 2430 Kalendario
793 2365 1001 2430 restituendo
1016 2363 1226 2447 praefecerat.
1240 2363 1360 2430 Manet
1370 2361 1459 2429 adhue

377 2491 417 2536 ea
432 2471 531 2534 turris
548 2469 694 2535 munifici
710 2471 854 2536 auctoris
870 2469 921 2534 sui
944 2467 1084 2533 illustria
1105 2467 1334 2550 praeseferens
1349 2464 1459 2536 indicia.

377 2581 539 2656 extatque
556 2573 589 2636 in
605 2593 645 2637 ea
657 2573 745 2638 linea
760 2571 945 2638 meridiana
955 2579 1149 2636 constructa
1159 2571 1203 2636 ab
1214 2571 1364 2654 Egnatio
1376 2565 1461 2634 Danti

378 2675 545 2753 Perusino,
560 2675 657 2760 eique
685 2693 871 2740 marmorea
886 2673 1002 2738 tabula
1025 2675 1170 2738 rotunda
1190 2675 1373 2752 interiecta,
1387 2671 1462 2736 cuius

377 2778 474 2859 signa
498 2780 642 2844 scienter
664 2789 804 2845 exarata
830 2779 984 2844 demissis
1011 2797 1056 2844 ex
1082 2779 1153 2844 alto
1179 2779 1280 2845 radiis
1308 2780 1372 2844 icta
1393 2775 1464 2850 solis,

379 2883 610 2948 necessitatem
619 2885 853 2950 emendandae
867 2883 986 2947 veteris
1002 2883 1141 2949 rationis
1152 2891 1342 2966 temporum
1355 2893 1388 2947 et
1398 2899 1460 2946 con·

378 2988 577 3052 sentientem
595 3007 703 3053 rerum
721 2999 860 3052 naturae
880 2987 1126 3052 restitutionem
1142 2997 1313 3070 peractam
1342 2989 1461 3051 demon·

202 3117 352 3177 oretanis
378 3097 553 3154 strant-
570 3091 666 3158 Haec
689 3093 798 3170 turris,
822 3101 1079 3156 monumentum
1106 3090 1219 3156 nobile
1244 3089 1410 3156 Pontificis
1431 3085 1464 3149 de

201 3177 352 3296 'ffffljssj
379 3193 525 3258 scientiis
540 3215 579 3260 ac
595 3195 711 3261 litteris
731 3195 860 3278 optime
881 3195 999 3272 meriti,
1025 3194 1069 3259 ad
1085 3195 1261 3278 pristinum
1288 3193 1463 3261 caelestium

201 3309 244 3341 Μ
265 3295 301 3342 W
318 3311 353 3342 '‘-
379 3298 650 3364 observationum
662 3319 759 3364 usum
771 3299 1022 3382 postdiutinam
1034 3299 1315 3365 intermissionem
1329 3305 1463 3365 revocata

200 3356 350 3474 ilii-iiiii*
380 3409 430 3463 est
446 3403 587 3485 imperio
603 3413 637 3468 et
661 3401 811 3485 auspicio
828 3403 877 3466 Pii
895 3401 959 3480 VI,
974 3401 1130 3468 flectente
1144 3413 1178 3467 et
1202 3404 1334 3469 exitum
1350 3396 1463 3468 saeculo

201 3473 352 3580 Petimus-
380 3507 558 3587 superiore.
574 3505 664 3571 Tum
680 3526 758 3570 cura
773 3517 807 3570 et
823 3507 935 3572 studio
953 3506 1097 3589 Philippi
1109 3505 1189 3572 Gilii
1205 3508 1322 3572 urbani
1338 3501 1463 3572 Antisti·

202 3595 276 3637 ‘'M''
380 3607 423 3671 tis
439 3608 524 3673 aliae
545 3610 647 3674 etiam
670 3610 821 3675 adiectae
835 3619 915 3674 sunt
937 3611 1196 3693 explorationes,
1211 3633 1298 3696 quae
1328 3615 1392 3678 vim
1408 3627 1464 3674 rua-

379 3713 557 3794 gneticam,
566 3723 785 3796 tempestates
795 3714 879 3778 aeris
894 3715 1066 3798 vitamque
1080 3715 1272 3799 plantarum
1284 3719 1462 3799 spectarent

379 3817 448 3881 Ast
463 3837 504 3882 eo
519 3819 697 3882 demortuo
712 3818 813 3883 docto
825 3827 859 3882 et
874 3818 1039 3883 industrio
1050 3821 1131 3898 viro,
1146 3821 1342 3887 annohuius
1356 3812 1461 3884 saeculi

379 3922 539 3989 vicesimo
554 3923 672 4006 primo,
686 3922 849 4006 templum
861 3923 925 3988 hoc
939 3925 1099 3989 scientiae
1111 3927 1354 3992 astronomicae
1366 3919 1459 4004 negle-

339 4101 344 4112 ι
380 4035 470 4090 ctum
487 4028 723 4110 desertumque
739 4025 905 4105 iuit;nam
922 4027 1013 4091 brevi
1036 4037 1154 4112 postea
1172 4031 1222 4094 Pii
1238 4031 1308 4096 VII
1326 4045 1407 4094 mors
1419 4025 1460 4086 sti

378 4130 538 4208 insecuta,
555 4129 679 4194 Leonis
695 4140 807 4193 autem
825 4129 896 4194 XII
914 4151 1009 4195 curas
1032 4133 1074 4195 ad
1091 4153 1127 4198 se
1142 4136 1306 4199 convertit
1320 4127 1459 4217 grandius

380 4231 549 4314 inceptum
577 4231 789 4296 scientiarum
805 4234 956 4299 omnium
983 4235 1212 4319 complectens
1238 4238 1457 4302 incrementum

380 4342 414 4396 et
429 4334 540 4410 decus,
560 4353 647 4397 nova
667 4335 822 4398 nimirum
849 4337 1048 4404 instauratio
1072 4339 1210 4404 rationis
1237 4343 1411 4408 studiorum
1431 4331 1457 4394 in

384 4431 557 4496 Pontifieia
575 4434 703 4497 ditione
727 4435 889 4503 universa.
918 4439 1017 4504 Hanc
1042 4444 1086 4506 ab
1101 4444 1282 4509 immortali
1307 4445 1458 4508 decessore
