3250 4876
204 381 256 431 DE
273 379 460 432 COLLEGIO
479 381 723 434 BOHEMORUM
743 380 784 431 IN
805 381 905 432 URBE
923 378 1143 432 CONDENDO.
1204 378 1224 449 3

160 547 420 614 venerabilibus
436 550 610 615 Fratribus
626 549 891 634 Archiepiscopo
914 549 1073 632 Pragensi
1093 557 1127 614 et
1144 548 1224 631 Epi·
1254 567 1390 662 aninrn

113 653 229 735 scopis
240 653 398 718 omnibus
410 653 520 738 Regni
532 654 714 719 Bohemiae
729 673 828 719 curae
838 653 909 732 erit,
921 652 1058 718 clericos
1073 673 1118 716 ex
1133 661 1223 718 utro·
1294 665 1360 723 189⁰·
1393 645 1399 654 ⁸

108 777 180 838 que
193 757 355 822 idiomate
370 757 523 824 Bohemo
553 769 587 823 et
618 758 820 824 Germanico
841 759 932 842 quod
949 757 982 822 in
999 757 1107 840 patria
1122 756 1224 840 viget,
1370 823 1375 836 ,

109 862 145 922 in
165 861 286 944 quibus
315 861 473 926 voluntas
504 861 704 927 inserviendi
722 863 797 926 Deo
828 862 861 925 in
888 863 991 925 sacris
1022 859 1222 938 ministeriis
1261 825 1396 944 amam

108 965 238 1048 ingenii
269 965 367 1044 acies,
392 965 541 1031 discendi
568 967 681 1043 ardor,
691 966 781 1029 bona
810 965 961 1065 corporis
987 963 1146 1028 valetudo
1169 964 1222 1041 sit,
1245 957 1404 1050 ,ffssffld

107 1069 312 1150 gymnasiali
328 1070 516 1134 studiorum
541 1088 640 1134 cursu
671 1089 817 1144 emenso,
829 1067 975 1151 deligere
991 1067 1024 1130 in
1042 1065 1219 1150 collegium
1260 1077 1383 1168 spanias

111 1175 331 1256 cooptandos,
346 1193 489 1257 quorum
514 1193 673 1238 numerus
699 1173 731 1236 in
762 1171 901 1256 singulis
926 1171 1134 1236 dioecesibus
1159 1191 1221 1255 pro
1264 1135 1375 1252 amos

112 1278 267 1359 portione
290 1278 338 1342 ita
361 1277 447 1342 inter
469 1277 559 1360 ipsas
574 1275 784 1342 definiendus
800 1277 871 1354 erit,
891 1285 930 1358 ut
943 1297 989 1340 ex
1005 1275 1161 1340 omnibus
1186 1277 1220 1340 in
1246 1250 1372 1348 ‚siffis

110 1401 271 1464 praesens
298 1402 365 1448 uon
397 1381 504 1446 maior
529 1401 631 1466 quam
658 1381 799 1464 triginta
824 1381 1036 1444 alumnorum
1064 1399 1221 1444 numerus

106 1486 314 1552 conficiatur.

156 1589 298 1655 Alumni
317 1591 349 1656 in
366 1591 544 1674 collegium
561 1591 711 1675 cooptati
727 1589 967 1673 philosophicis
980 1598 1014 1655 et
1023 1588 1221 1672 theologicis
1266 1607 1341 1677 sario
1352 1613 1402 1653 sru-

107 1695 297 1779 disciplinis
312 1715 450 1779 operam
461 1697 603 1773 dabunt,
617 1716 678 1760 nec
695 1716 761 1758 non
790 1694 863 1780 aliis
880 1694 1111 1758 ecclesiasticis
1127 1695 1221 1759 insti·
1245 1666 1401 1786 2²2?ssssss

105 1797 297 1863 tutionibus
313 1798 472 1876 fruentur,
484 1819 570 1883 quae
586 1799 618 1862 in
635 1797 814 1882 pontificiis
830 1797 953 1861 scholis
978 1797 1010 1862 in
1038 1799 1118 1864 urbe
1134 1799 1220 1864 tradi
1254 1785 1393 1904 ss'fflss·

106 1914 365 1969 consueverunt.
1247 1905 1401 2010 jssssffjird‘·

154 2007 243 2075 Cum
260 2010 304 2073 ad
321 2007 435 2072 divina
451 2008 635 2073 ministeria
652 2008 716 2071 Dei
735 2027 871 2072 munere
887 2028 923 2072 se
937 2018 1084 2086 vocatos,
1100 2017 1134 2074 et
1149 2029 1221 2074 eru-
1365 1998 1372 2011 ⁴

103 2113 246 2177 ditionis
262 2113 324 2176 iter
346 2111 378 2174 in
396 2111 477 2176 urbe
504 2111 659 2176 catholici
690 2111 779 2174 orbis
807 2111 957 2194 principe
987 2110 1050 2175 sibi
1067 2119 1220 2194 apertum

105 2217 308 2299 intelligant,
331 2212 413 2280 nihil
426 2215 474 2280 eis
484 2216 597 2298 potius
608 2235 681 2280 esse
693 2217 838 2292 debebit,
853 2235 954 2298 quam
966 2215 1058 2278 omni
1071 2235 1137 2297 ope
1151 2215 1222 2294 niti,

109 2332 146 2384 ut
162 2321 266 2403 gratis
288 2320 410 2384 animis
426 2321 592 2404 solidique
616 2320 785 2403 protectus
816 2317 976 2383 fructibus
992 2318 1107 2383 divino
1121 2320 1221 2384 bene·

107 2422 186 2486 licio
211 2423 442 2508 respondeant.
460 2422 574 2506 Quare
590 2423 634 2488 ab
649 2417 723 2506 ipso
739 2422 958 2488 institutionis
974 2422 1078 2501 initio,
1093 2422 1136 2486 ad
1152 2422 1221 2505 pie·

106 2525 189 2590 tatis
232 2537 264 2592 et
299 2529 474 2592 doctrinae
512 2526 655 2604 laudem,
678 2527 721 2592 ad
759 2527 987 2591 observandas
1019 2523 1161 2594 fideliter
1187 2534 1221 2590 et

105 2631 303 2696 obedienter
323 2631 520 2714 disciplinae
551 2629 652 2713 leges,
679 2630 722 2695 ad
747 2649 848 2694 omne
871 2648 978 2711 genus
1004 2627 1114 2707 officii,
1129 2630 1220 2714 quod

103 2737 243 2798 iuvenes
265 2735 363 2800 decet
379 2735 412 2798 in
430 2743 553 2799 sortem
571 2733 711 2798 Domini
723 2742 871 2811 vocatos,
882 2733 1031 2797 animum
1044 2731 1221 2814 diligenter

100 2841 274 2904 adiiciant.

154 2942 273 3026 Opera
288 2950 460 3026 praeterea
476 2942 557 3025 ipsis
567 2942 680 3006 danda
695 2951 802 3020 estut
818 2950 968 3005 mutuam
986 2939 1073 3004 inter
1088 2958 1124 3002 se
1138 2939 1220 3002 cari·

109 3055 215 3112 tatem
233 3045 515 3130 concordiamque
532 3047 706 3123 retineant,
715 3065 817 3130 quam
834 3044 925 3109 nulla
940 3041 1082 3107 offensio
1093 3051 1220 3125 pertur-

113 3151 191 3232 bet;
207 3147 425 3233 studioseque
440 3151 590 3215 animum
607 3152 787 3216 intendant
802 3151 841 3215 iis
853 3151 1065 3216 addiscendis
1078 3167 1164 3234 quae
1176 3150 1219 3213 ad

107 3254 224 3318 divina
237 3254 358 3332 officia,
376 3253 421 3318 ad
448 3252 540 3318 chori
556 3254 778 3338 disciplinam,
802 3256 857 3319 ad·
874 3255 1093 3319 ministerium
1111 3273 1219 3317 sacro-

108 3375 181 3418 rum
194 3356 374 3439 pertinent,
389 3375 450 3420 nec
466 3375 533 3420 non
551 3377 626 3421 cum
654 3377 759 3421 vacua
775 3377 795 3422 a
810 3358 997 3421 studiorum
1022 3355 1108 3420 curis
1135 3363 1218 3419 tem-

105 3477 191 3540 pora
207 3458 394 3536 inciderint,
419 3459 603 3524 scribendis
629 3459 860 3543 habendisque
887 3460 920 3523 in
950 3469 1089 3543 utraque
1104 3457 1218 3541 lingua

100 3563 299 3646 germanica
315 3571 348 3626 et
365 3561 510 3626 bohema
534 3564 637 3626 sacris
662 3564 817 3646 privatim
847 3563 1073 3639 concionibus,
1089 3583 1157 3646 quo
1172 3563 1215 3626 ad

99 3655 238 3731 sacrum
256 3667 346 3730 verbi
372 3667 593 3731 ministerium
625 3667 657 3730 in
688 3668 796 3750 patria
820 3668 1024 3745 obeundum,
1048 3666 1218 3732 umbratili

97 3771 349 3837 exercitatione
362 3783 491 3834 mature
508 3771 737 3836 informentur.

150 3873 239 3941 Cum
255 3893 357 3957 porro
371 3874 508 3951 alumni,
523 3874 696 3939 doctrinae
721 3882 755 3939 et
782 3875 916 3957 pietatis
940 3875 1052 3939 studio
1077 3873 1219 3957 probati,

101 3978 297 4061 aetatisque
313 3977 542 4041 maturitatem
559 3977 684 4060 adepti,
712 3979 960 4042 moderatorum
985 3977 1108 4042 iudicio
1123 3977 1217 4061 digni

98 4083 295 4148 habeantur
309 4081 366 4164 qui
382 4083 485 4144 sacris
496 4079 668 4145 ordinibus
681 4081 863 4158 initientur,
873 4082 1051 4146 statuimus
1067 4090 1105 4147 ut
1115 4082 1216 4147 iidem
1267 4097 1399 4168 'Oranus-n

102 4194 139 4253 in
157 4187 251 4264 urbe,
265 4184 543 4250 dimissorialibus
559 4186 678 4250 litteris
693 4205 827 4250 suorum
843 4185 1086 4270 Episcoporum
1099 4187 1219 4265 relatis,
1243 4156 1397 4261 ff'fflii}

106 4292 153 4356 ad
177 4309 291 4354 sacros
313 4289 447 4354 ordines
470 4288 706 4371 provehantur,
722 4307 846 4371 eosque
861 4307 881 4352 a
897 4288 1027 4372 legibus
1050 4291 1220 4365 solvimus,
1244 4275 1397 4321 ⁶⁰''0''“'¹‘¹‘'

1259 4349 1271 4380 θ
1286 4347 1397 4380 extmun·

106 4395 233 4477 quibus
263 4393 334 4457 iure
363 4411 529 4456 canonum
557 4403 693 4457 cautum
726 4400 777 4455 est
802 4401 838 4456 ut
869 4393 1144 4459 denunciationes
1160 4394 1220 4457 ha·
1240 4347 1294 4441 iar.
