3172 4874
389 421 459 472 212
666 415 845 470 aristone
865 401 886 430 “
900 413 1018 466 rursu
1035 411 1181 464 cauves
1199 445 1221 474 ,,

388 597 538 664 Satura!
548 597 635 660 Llon
663 593 765 658 XIII
776 631 819 643 -
843 593 876 656 in
905 592 1049 656 indicem
1065 589 1224 654 librorum
1246 587 1473 672 prohibitorum

386 700 637 783 inscripsimus;
665 699 757 783 quod
785 699 920 762 decreto
946 694 1013 759 diei
1039 695 1077 760 18
1109 693 1186 758 Iulii
1212 690 1381 777 praeteriti
1408 688 1473 753 anni

385 806 510 874 iactum
527 816 585 873 est.

206 901 360 1008 Mss‘ss‘
429 911 554 977 Mirum
570 931 651 976 sane
665 909 786 994 cuique
807 905 1007 982 uidebitur,
997 925 1067 970 rmo
1082 904 1187 970 ierme
1208 899 1400 968 incredibile
1412 907 1474 982 post

206 1021 255 1066 Μ
209 1033 357 1126 ὦ
341 1015 590 1084 tothuiusS.
600 1013 698 1082 Sedts
709 1011 874 1089 decreta
864 1028 1026 1074 iussiones
1036 1029 1076 1075 ac
1090 1005 1363 1084 declarationes
1354 1003 1473 1072 inveniri

206 1152 254 1184 m
283 1140 334 1196 fine
305 1153 357 1186 nn·
384 1125 564 1210 adhucqui
581 1127 614 1190 in
631 1126 757 1190 tuenda
772 1135 988 1206 caussaquae
1015 1140 1034 1184 a
1056 1119 1191 1204 Lorgny
1202 1139 1328 1185 nomen
1344 1117 1475 1200 sumpsit
1561 1113 1562 1116 ’

331 1214 537 1314 ‘'quaeque
552 1237 749 1312 contemptu
770 1227 875 1309 digna
890 1223 987 1302 ioret,
1003 1225 1065 1288 nisi
1082 1223 1292 1307 impietatem
1309 1221 1474 1307 saperetis
1561 1255 1562 1290 2

206 1197 331 1258 Μαικία

383 1334 548 1400 bonorum
565 1331 785 1397 offensionem
812 1332 954 1407 cederet,
973 1337 1008 1392 et
1032 1327 1184 1394 osoribus
1213 1328 1398 1394 catholicae
1419 1325 1475 1392 reli-

383 1440 493 1523 gionis
504 1457 579 1502 eam
596 1436 754 1502 irridendi
766 1454 883 1499 ausam
900 1433 1087 1518 praeberet,
1102 1453 1138 1498 se
1152 1432 1352 1499 hallucinari
1368 1433 1475 1517 patian-

272 1560 356 1606 actm
384 1553 446 1608 tur.
461 1580 505 1592 -
526 1541 599 1606 Nos
615 1538 766 1624 proiecto
785 1538 875 1603 lraud
893 1537 976 1602 latet
994 1545 1203 1621 quantopere
1222 1545 1269 1616 tu,
1286 1535 1475 1604 Venerabilis

206 1617 339 1724 mul
294 1684 343 1724 m.
385 1647 509 1723 Frater,
524 1645 811 1730 quemadmodum
827 1641 1065 1726 praelaudatus
1086 1641 1241 1706 decessor
1255 1652 1348 1720 tuus,
1362 1641 1474 1708 adlabo-

204 1738 279 1842 ff„
269 1739 345 1784 ’Μ
295 1738 357 1843 ’ᾖξ’
384 1750 506 1816 raveris
522 1750 564 1813 ad
577 1747 769 1813 huiusmodi
779 1746 976 1813 scandalum
990 1765 1009 1810 e
1024 1745 1136 1810 medio
1151 1745 1355 1814 tollendum
1347 1755 1475 1828 ,etquas

206 1809 344 1902 „aaa”
382 1855 472 1920 clero
487 1853 679 1938 populoque
693 1861 752 1916 tuo
764 1851 819 1916 die
846 1852 885 1916 16
906 1851 1056 1933 Augusti
1077 1851 1246 1946 praeteriti
1261 1853 1345 1918 anni
1366 1845 1475 1916 dedisn

384 1959 513 2024 litterae
524 1957 567 2022 ad
578 1955 813 2021 reluctantium
823 1954 1072 2020 contumaciam
1086 1953 1307 2038 frangendam
1321 1965 1355 2022 et
1366 1951 1474 2020 fraudes

383 2060 600 2145 detegendas,
612 2058 819 2144 praeclarum
837 2059 1003 2124 exhibent
1019 2059 1198 2142 pastoralis
1207 2069 1289 2126 tuae
1304 2054 1475 2126 sollicitudi-

384 2166 691 2249 nisargumentum.

428 2269 519 2334 Dum
550 2269 647 2354 igitur
679 2268 812 2335 debitas
832 2267 894 2332 tibi
925 2267 1041 2334 laudes
1064 2267 1251 2347 tribuimus,
1268 2277 1474 2353 opportunum

385 2374 545 2440 duximus
572 2373 659 2438 hanc
688 2371 848 2438 Nostram
879 2371 1059 2455 epistolam
1090 2372 1134 2436 ad
1163 2380 1198 2438 te
1217 2371 1375 2452 scribere,
1401 2381 1432 2436 ut
1450 2367 1474 2430 in

384 2481 476 2545 omni
503 2479 665 2563 patientia
689 2486 722 2542 et
737 2477 876 2541 caritate
891 2495 949 2541 eos
973 2477 1016 2541 ad
1039 2475 1302 2560 resipiscendum
1329 2473 1475 2562 impellere

384 2601 512 2668 pergas
524 2581 664 2646 Interim
680 2579 873 2645 caelestium
892 2599 1071 2645 munerum
1088 2579 1258 2663 auspicem
1271 2589 1474 2666 patemaequr

385 2689 530 2754 Nostrae
555 2683 810 2751 benevolentiae
824 2693 946 2748 testem
963 2683 1195 2768 Apostolicam
1217 2683 1475 2751 benedictionem,
1560 2769 1561 2772 Ἴ

385 2789 455 2866 tibi.
470 2787 682 2854 Venerabilis
715 2787 841 2865 Frater,
863 2807 902 2851 ac
925 2784 1078 2852 fidelibus
1093 2796 1172 2852 tuae
1186 2804 1288 2852 curae
1297 2777 1473 2851 concreditis
1560 2837 1561 2852 r

385 2900 597 2976 peramanter
614 2893 646 2956 in
665 2889 815 2955 Domino
830 2890 1051 2972 impertimus.

430 2994 557 3060 Datum
575 2995 707 3059 Romae
718 2994 809 3077 apud
822 2993 856 3060 S.
873 2992 1010 3059 Petrum
1023 2993 1080 3059 die
1090 3007 1187 3059 xxm
1198 2992 1282 3058 Maii
1299 2995 1475 3058 Mocccxct
1560 2989 1561 3016 l

387 3097 606 3165 Pontificatus
621 3098 738 3164 Nostri
755 3116 845 3163 anno
859 3098 994 3164 decimo
1008 3107 1137 3182 quarto.

1096 3260 1193 3329 LEO
1216 3259 1281 3328 PP.
1306 3257 1403 3327 XIII.
