3310 4868
487 705 596 767 Card.
624 705 825 780 Lanigerie,
849 705 950 763 arch.
975 705 1146 776 carthag.
1170 709 1208 762 et
1228 706 1350 777 Algar.

439 875 505 934 oa
526 873 686 936 orans:
707 874 772 933 An
793 875 1094 936 romanorun
1120 874 1277 936 Arrun.
1296 877 1412 936 san·

236 1415 302 1464 1888.
579 1410 719 1466 caritate
740 1401 997 1466 mandavimus:
1014 1402 1140 1468 Scilicet
1156 1412 1193 1468 ut
1208 1406 1322 1470 Omnia
1338 1403 1479 1469 fidenter

580 1505 736 1588 experiri,
760 1523 994 1588 quaecumque
1020 1505 1054 1568 in
1081 1514 1141 1571 tua
1164 1517 1276 1571 essent
1302 1515 1480 1625 potestate,

520 1521 559 1672 g
581 1609 693 1687 velles,
708 1609 751 1673 ad
768 1607 1011 1693 prohibendam
1028 1617 1080 1674 tot
1096 1611 1292 1674 miserorum
1314 1610 1346 1674 in
1363 1609 1479 1675 Africa

192 1729 345 1835 maalma—
372 1713 633 1780 servitutem-
651 1708 752 1792 Quod
781 1719 893 1772 tamen
922 1708 967 1772 ita
985 1709 1160 1792 suscepisti
1187 1709 1303 1786 libens,
1319 1719 1357 1774 ut
1383 1708 1480 1773 facile

186 1853 284 1953 Μ,
319 1862 346 1893 ,0
336 1815 559 1899 appareret,
589 1813 723 1896 qualem
754 1813 916 1888 animum,
947 1813 1002 1875 ubi
1034 1813 1124 1876 salus
1153 1813 1328 1877 hominum
1360 1813 1479 1895 agitur,

192 1789 336 2038 Jij
375 1938 544 2004 quamque
560 1916 733 1982 excelsum
755 1935 860 1998 geras.
882 1915 983 1979 Nunc
1003 1935 1082 1980 vero
1098 1937 1144 1980 ex
1167 1915 1286 1979 litteris
1300 1916 1368 1979 tuis
1383 1916 1479 1980 intel-

181 2084 185 2092 .
210 2026 326 2154 ³523th
375 2023 532 2100 leximus,
547 2030 580 2084 et
602 2019 795 2084 alacriorem
812 2029 846 2083 te
861 2030 894 2084 et
918 2019 1142 2084 ardentiorem
1158 2039 1198 2084 ea
1222 2021 1255 2083 in
1272 2040 1307 2084 re
1330 2019 1479 2102 quotidie

223 2157 318 2251 ἶφι
373 2123 454 2207 lieri,
479 2133 517 2189 ut
544 2123 596 2189 vel
621 2143 772 2188 summos
796 2144 857 2206 pro
884 2123 1002 2188 eadem
1030 2123 1162 2189 labores
1189 2142 1255 2187 non
1285 2124 1387 2188 modo
1411 2145 1478 2188 non

253 2203 300 2250 '‘d“
372 2248 533 2305 recusare,
548 2227 607 2291 sed
635 2235 793 2310 appetere
809 2229 910 2291 etiam
935 2247 974 2292 ac
997 2228 1178 2310 deposcere
1193 2226 1357 2291 videaris·
1350 2247 1480 2310 ,·prop

373 2343 531 2415 tereaque
553 2350 620 2395 non
642 2349 829 2412 possumus,
845 2342 903 2396 aut
919 2331 1020 2395 etiam
1038 2351 1106 2396 non
1131 2331 1293 2396 debemus
1309 2279 1481 2394 coirtinere

374 2436 458 2514 Nos,
485 2435 564 2519 quin
597 2434 648 2498 his
674 2434 764 2518 apud
795 2443 829 2498 te
865 2433 983 2498 litteris
1010 2443 1181 2513 testemur,
1207 2435 1339 2518 probari
1371 2433 1480 2498 Nobis

375 2538 592 2603 vehementer
612 2547 751 2622 coeptus
772 2537 855 2601 istos
881 2545 967 2613 tuos,
982 2537 1015 2601 in
1041 2539 1162 2621 quibus
1183 2539 1263 2620 ipsis
1284 2558 1345 2620 pro
1361 2537 1480 2601 merito

374 2643 652 2708 commendandis
668 2642 757 2706 haud
784 2662 903 2724 segnes
919 2642 1074 2706 extitisse
1091 2643 1287 2725 Episcopos‚
1308 2652 1341 2706 et
1357 2643 1480 2704 scimus

374 2757 408 2812 et
424 2746 597 2811 laetamur.
614 2745 771 2811 Ceterum
793 2767 870 2811 eum
887 2747 947 2811 tibi
971 2758 1128 2828 optamus
1154 2766 1393 2829 precamurque
1409 2745 1480 2807 exi·

372 2859 455 2924 tum,
471 2869 570 2932 quem
588 2869 649 2932 par
669 2850 768 2913 estin
793 2869 911 2913 caussa
927 2859 997 2914 tarn
1015 2850 1118 2914 nobili
1142 2850 1297 2933 bonaque
1312 2849 1481 2932 consequi.

372 2991 416 3003 -
443 2954 559 3036 Atque
586 2954 680 3018 initia
711 2955 846 3037 quidem
882 2955 963 3018 satis
994 2954 1110 3018 iubent
1139 2953 1316 3030 confidere,
1346 2953 1373 3015 si
1405 2953 1481 3016 Deo

213 3068 337 3114 Conventa
321 3083 349 3113 us
374 3057 494 3140 placet,
508 3060 551 3122 de
568 3059 712 3141 reliquis.
729 3058 953 3123 Consentiunt
967 3058 1057 3122 enim
1074 3078 1196 3122 summi
1188 3058 1371 3140 Europae
1388 3057 1480 3120 Prin·

194 3126 347 3232 sifmiiii'm
375 3161 478 3245 cipes,
493 3163 583 3245 quod
612 3183 702 3228 anno
729 3175 1002 3227 MDCCCLxxvm
1018 3161 1051 3224 in
1079 3170 1244 3226 conventu
1273 3161 1481 3225 Berolinensi

188 3246 349 3364 jfflabm
376 3266 640 3349 spoponderunt,
671 3266 804 3331 obviam
840 3266 1023 3330 animosius
1064 3266 1211 3330 eundum
1244 3275 1314 3328 tarn
1353 3265 1481 3348 ingenti

376 3369 534 3434 malo-
551 3371 591 3434 In
608 3370 746 3453 privatis
763 3379 874 3434 autem
885 3367 1078 3432 hominibus
1094 3369 1246 3434 videmus
1263 3369 1481 3450 plurimorum

196 3505 286 3562 aaaron
303 3491 350 3564 ῳ·-
377 3473 639 3538 misericordiam
650 3472 768 3539 litteris
783 3474 843 3538 abs
859 3484 893 3538 te
909 3494 947 3538 ac
964 3495 1118 3539 sermone
1129 3484 1335 3545 commotam
1349 3496 1357 3536 :
1371 3473 1483 3555 idque,

203 3552 334 3656 ’ζ”,ξῖἷῖξῗ
378 3589 415 3642 ut
430 3578 573 3662 epistola
599 3589 658 3643 tua
685 3577 871 3656 confirmat,
887 3598 953 3641 non
982 3580 1085 3643 modo
1111 3579 1200 3661 apud
1228 3576 1483 3659 magnanimum

189 1316 345 1405 OCTOQRIS
368 1174 697 1674 {jffl}
666 1298 727 1364 tibi
743 1319 824 1362 sane
840 1319 999 1382 magnum
1017 1308 1050 1364 et
1077 1301 1229 1376 arduum,
1243 1311 1385 1384 urgente
1406 1301 1477 1366 Nos

196 3667 349 3783 ‘'2222’ssss
377 3703 484 3766 genus
500 3683 588 3746 cives
603 3692 689 3760 tuos,
709 3683 768 3747 sed
784 3683 885 3746 etiam
902 3683 992 3764 apud
1010 3683 1157 3765 Belgas
1148 3703 1181 3744 rn
1198 3683 1381 3745 alienarum
1398 3678 1485 3742 sola·

205 3765 341 3836 lumnia-
379 3785 426 3848 tia
453 3785 685 3850 calamitatum
718 3797 752 3850 et
782 3788 872 3872 ipsos
902 3797 1022 3850 natura
1052 3785 1303 3869 paratissimos;
1333 3793 1367 3848 et
1393 3781 1484 3864 apud

196 3851 345 3906 mnu
381 3889 560 3954 Britannos
573 3891 616 3953 de
633 3891 807 3972 mancipiis
819 3890 1028 3973 Aethiopum
1042 3890 1099 3953 diu
1113 3888 1324 3970 multumque
1340 3885 1486 3962 meritos,
1496 3868 1503 3882 ⁸

377 4003 412 4058 et
427 3995 518 4075 apud
534 3995 718 4058 catholicos
729 4015 748 4059 e
761 3994 951 4069 Germania,
966 3995 1008 4056 de
1024 4013 1167 4076 quorum
1179 3993 1313 4075 pietate,
1325 3990 1486 4074 quemad·

377 4097 517 4162 modum
530 4100 632 4162 etiam
649 4100 691 4162 de
708 4097 956 4174 Lusitanorum,
972 4099 1054 4162 nihil
1071 4107 1122 4161 est
1137 4107 1207 4161 tam
1225 4114 1384 4178 magnum
1395 4094 1486 4176 quod

379 4221 446 4266 non
472 4201 542 4266 iure
565 4213 795 4286 expectemus.
811 4203 886 4266 Pari
915 4211 1027 4306 auqem
1054 4201 1277 4284 propensione
1302 4197 1487 4262 voluntatis

374 4314 408 4368 et
431 4306 537 4370 Italos
553 4317 587 4370 et
605 4307 778 4388 Hispanos
801 4305 948 4370 lautores
971 4306 1082 4390 operis
1098 4305 1333 4385 adiutoresque
1348 4299 1489 4378 futuros,

376 4406 473 4473 nullo
488 4419 590 4493 pacto
604 4409 815 4493 ambigimus.
829 4408 866 4476 Si
876 4409 1044 4473 servitutis
1059 4409 1218 4473 Afrorum
1235 4402 1489 4488 indignissimae
