3250 4876
125 389 271 442 LITTER.
289 389 416 442 APOST.
438 378 581 456 “QUOD
600 389 731 442 PAUCIS
748 388 894 441 haume
913 387 1140 451 MENSIBUS„
1174 391 1221 458 29

122 561 296 646 Episcopis
312 564 346 630 in
358 565 512 650 precibus
528 565 638 632 Nobis
660 565 806 632 admotis
820 576 1011 649 opportune
1020 584 1226 632 commemo·
1257 568 1391 678 mjgffl

119 666 211 731 ravit
229 665 268 732 In
286 667 454 750 Hispania
469 668 570 748 enim,
585 669 619 734 in
632 669 690 734 illa
700 669 773 752 ipsa
788 667 959 752 provincia
970 667 1225 744 vallisoletana,
1294 677 1361 738 189⁰·
1393 657 1399 669 '

119 779 152 834 et
174 779 285 836 ortum
311 771 412 836 duxit
427 781 462 836 et
487 773 591 838 vitam
617 773 767 838 omnium
795 771 954 837 virtutum
983 771 1224 836 exercitatione

119 871 282 956 insignem
306 875 375 958 egit
399 885 583 962 sancteque
607 875 691 941 obiit
721 875 920 939 intemerata
947 874 1054 958 Virgo
1078 873 1226 948 Teresia,

119 995 211 1058 quae,
226 997 330 1060 quurn
354 979 650 1046 vehementissimo
677 980 767 1045 Iesu
793 998 908 1043 amore
928 980 1172 1056 exardesceret,
1188 977 1223 1044 S.

119 1078 263 1164 Iosephi,
278 1103 379 1166 quem
407 1085 584 1150 Parentem
615 1103 713 1150 suum
738 1083 847 1150 IESUS
864 1083 1022 1150 Servator
1037 1083 1223 1148 existimari

118 1182 230 1262 voluit,
241 1185 402 1250 eximiam
419 1187 620 1270 dignitatem
635 1185 819 1252 incredibili
835 1196 1038 1271 prosequuta
1050 1185 1224 1268 obsequio,

119 1289 339 1370 patrocinium
362 1290 577 1373 praedicavit,
601 1292 728 1355 cultum
756 1289 932 1374 promovit.
961 1327 1005 1338 -
1033 1291 1098 1354 His
1125 1289 1226 1374 igitur
1272 1291 1350 1338 Ram
1359 1291 1403 1338 Μ·

1249 1351 1305 1396 dens
1335 1353 1403 1396 nasce

118 1391 377 1494 precibus,squae
402 1394 596 1477 gratissimo
612 1395 762 1458 animum
779 1393 942 1458 Nostrum
955 1413 1054 1458 sensu
1069 1393 1225 1479 perfude·
1245 1411 1389 1470 postulatio-

120 1504 204 1574 runt,
238 1495 461 1562 libentissime
501 1497 780 1575 obsecundantes,
827 1515 983 1580 suprema
1025 1499 1224 1566 auctoritate
1248 1483 1297 1582 ,5¹2
1317 1471 1403 1575 m

120 1601 241 1669 Nostra
267 1603 502 1670 constituimus
527 1615 629 1691 atque
644 1604 815 1682 edicimus,
831 1613 868 1667 ut
894 1605 966 1668 dies
981 1605 1113 1669 decima
1135 1625 1226 1670 nona
1242 1588 1339 1693 {m
1359 1602 1405 1708 ἐξ

120 1705 231 1772 Martii
257 1707 364 1772 Beato
389 1708 536 1791 Iosepho
562 1728 658 1772 sacra
681 1727 741 1791 per
762 1717 870 1773 totam
905 1707 1117 1791 Hispaniam,
1141 1707 1224 1774 etin
1250 1710 1324 1776 Μ
1343 1709 1402 1754 ¹¹³³·

120 1811 310 1894 regionibus
339 1811 369 1875 ei
394 1812 564 1890 subiectis,
587 1811 706 1877 diebus
745 1810 838 1876 sestis
868 1823 1091 1891 accenseatur,
1114 1813 1161 1876 ita
1188 1819 1226 1876 ut
1246 1771 1403 1886 hammo

120 1933 235 1978 omnes
252 1933 329 1980 cum
346 1925 464 1980 sancto
476 1905 604 1980 Missae
620 1911 791 1981 Sacrificio
806 1914 932 1990 adesse,
949 1925 1021 1982 tum
1034 1916 1078 1982 ab
1094 1919 1133 1981 iis
1149 1939 1225 2001 pro·
1250 1898 1370 1991 ἔπ’-ω’

121 2018 204 2087 lanis
219 2019 378 2104 operibus
393 2039 480 2104 quae
504 2019 636 2086 servilia
651 2019 716 2085 diei
733 2018 842 2083 solent
865 2020 1031 2085 abstinere
1046 2033 1227 2106 praecepto

122 2123 277 2201 debeant,
295 2143 363 2206 quo
389 2143 514 2207 magno
543 2122 714 2198 Ecclesiae
730 2124 877 2188 Patrono
893 2123 1045 2188 debitum
1061 2125 1228 2191 tribuatur

122 2227 329 2312 obsequium,
344 2235 378 2291 et
401 2225 633 2292 efficacissimo
662 2227 732 2290 eius
757 2227 944 2310 patrocinio
965 2227 1117 2292 universa
1133 2229 1227 2293 natio

122 2331 243 2415 largius
261 2329 396 2396 fruatur.
411 2368 455 2379 -
472 2331 551 2396 Non
567 2329 787 2406 obstantibus,
804 2330 956 2413 quamvis
972 2329 1107 2413 speciali
1124 2341 1225 2416 atque

121 2433 294 2498 individua
321 2433 492 2498 mentione
518 2453 558 2497 ac
587 2432 806 2516 derogatione
836 2426 1005 2514 dignis‚-in
1021 2435 1224 2500 contrarium

120 2529 317 2602 iacientibus
332 2536 610 2622 quibuscumque.
624 2534 791 2600 Volumus
807 2543 931 2612 autem,
946 2547 984 2599 ut
998 2537 1225 2620 praesentium

118 2641 302 2709 litterarum
319 2641 550 2724 transumptis,
566 2660 624 2706 seu
641 2638 807 2722 exemplis
819 2640 921 2704 etiam
934 2639 1113 2724 impressis,
1123 2661 1225 2706 manu

117 2744 255 2812 alicuius
280 2746 412 2812 Notarii
440 2743 566 2828 publici
603 2743 807 2825 subscriptis,
819 2753 853 2806 et
879 2741 989 2828 sigillo
1012 2764 1174 2827 personae
1191 2745 1224 2810 ln

118 2849 342 2915 ecclesiastica
367 2849 534 2932 dignitate
552 2848 757 2911 constitutae
776 2847 924 2924 munitis,
943 2847 1062 2912 eadem
1089 2845 1224 2931 prorsus

117 2954 316 3019 adhibeatur
342 2952 434 3032 fides,
458 2971 545 3037 quae
578 2949 791 3016 adhiberetur
818 2950 898 3034 ipsis
930 2952 1171 3035 praesentibus,
1197 2951 1224 3016 si

116 3054 223 3122 forent
239 3055 412 3122 exhibitae
427 3055 479 3120 vel
496 3063 663 3120 ostensae.

158 3161 288 3226 Datum
317 3159 449 3224 Romae
464 3158 554 3242 apud
573 3156 607 3223 S.
631 3156 766 3220 Petrum
779 3157 842 3221 sub
857 3157 958 3223 anulo
976 3157 1152 3224 Piscatoris
1171 3157 1227 3221 die

117 3265 156 3328 28
170 3263 317 3328 Ianuarii
338 3265 430 3344 1890,
446 3259 666 3326 Pontificatus
684 3259 799 3324 Nostri
815 3281 904 3325 anno
920 3261 1129 3326 duodecimo.

565 3429 612 3494 M.
628 3429 743 3495 CARD.
760 3430 1138 3499 LEDOCHOWSKI.
