3310 4868
231 354 282 405 DE
301 353 474 404 HONORIS
495 352 609 403 SIGNO
629 338 650 366 ‘¹
666 348 738 400 PRO
756 349 859 400 ECCL.
880 349 928 398 ET
946 347 1149 400 PONTIFICE
1163 383 1184 409 ,,
1231 351 1299 418 129

188 537 307 616 Nobis,
323 547 362 602 ut
376 538 467 620 apud
481 557 537 601 eos
552 555 670 602 omnes
685 553 762 600 curn
776 543 915 598 eventus
932 536 1102 614 memoria,
1114 545 1186 600 turn
1199 537 1299 600 bene-
1385 571 1415 618 17

188 642 359 708 volentiae
386 641 532 705 Nostrae
557 648 693 704 maneat
709 623 951 705 testimonium.
979 640 1110 705 Idcirco
1136 640 1301 720 volumus,
1355 618 1450 716 ¹,ssssss

188 745 344 812 iubemus
359 765 404 809 ex
419 743 681 828 argyrometalio
691 763 752 808 nec
764 763 832 807 non
849 764 894 807 ex
905 764 987 809 auro
1003 755 1210 829 argentoque
1222 765 1300 810 con·
1435 829 1440 840 Ι

187 851 259 916 flari
286 851 420 934 insigne
449 850 594 915 formam
611 848 727 914 Crucis
752 848 888 927 habens,
906 849 996 932 quod
1014 859 1128 915 tamen
1157 860 1302 934 quatuor
1327 829 1480 949 ,-„,·g‘‚,‘²j¹2{,‘f

187 956 372 1022 interiectis
387 954 464 1019 liliis
479 951 645 1018 efficiatur
659 964 860 1036 octogonon.
879 954 994 1018 Media
1011 955 1043 1017 in
1066 953 1302 1020 coniunctione
1326 963 1400 1052 ωιτη
1425 962 1479 993 ⁶⁰⁸·

188 1061 359 1125 numisma
375 1078 515 1141 parvum
543 1066 648 1133 extet,
663 1056 757 1121 cuius
774 1057 807 1120 in
835 1058 976 1122 adversa
1002 1068 1099 1141 parte
1126 1079 1251 1125 nornen
1268 1071 1302 1125 e't
1321 1006 1478 1125 rigemur

189 1166 304 1248 imago
319 1164 446 1228 Nostra
461 1161 638 1245 effingatur
652 1183 661 1241 3
677 1163 709 1226 in
726 1182 842 1226 aversa
858 1172 972 1227 autern
988 1164 1199 1258 exprimatur
1215 1165 1302 1230 Pon·
1327 1127 1481 1255 mm

189 1267 313 1334 tificale
328 1268 469 1350 insigne,
481 1267 747 1349 inscribaturque
762 1280 780 1334 t
796 1267 861 1330 Pro
879 1266 1031 1331 Ecclesia
1047 1278 1081 1332 et
1098 1246 1262 1333 Pontifice
1273 1283 1304 1337 ».
1329 1245 1479 1294 ''mmm'’

193 1375 381 1440 Extremae
395 1392 474 1436 vero
490 1382 603 1462 partes
627 1370 752 1449 Crucis,
767 1391 854 1454 quae
865 1372 1026 1437 obversae
1041 1384 1128 1451 sunt,
1144 1382 1305 1438 ornentur

192 1487 336 1557 cometa,
351 1477 409 1561 qui
435 1496 504 1540 una
529 1495 606 1540 cum
634 1475 710 1540 liliis
738 1476 869 1558 insigne
894 1475 995 1541 efficit
1009 1478 1121 1560 gentis
1137 1477 1304 1577 Nostrae:

189 1601 277 1666 quae
293 1590 409 1645 autern
422 1580 755 1662 aversae,signentur
774 1594 791 1646 t
808 1579 919 1643 Pridie
935 1578 1012 1644 Kal.
1030 1580 1160 1644 Ianuar.
1182 1582 1263 1645 1888
1274 1597 1305 1650 θ.

192 1683 399 1750 Huiusmodi
425 1683 562 1747 honoris
588 1683 694 1766 signo,
709 1683 800 1766 quod
825 1703 843 1746 e
868 1683 981 1746 toenia
1010 1683 1115 1748 serica
1145 1687 1304 1769 purpurei

189 1787 312 1853 coloris
328 1787 417 1850 linea
442 1786 519 1850 alba
535 1785 689 1869 flavaque
713 1786 755 1849 ad
773 1797 950 1870 utramque
972 1807 1065 1851 oram
1090 1788 1222 1872 virgata
1246 1789 1303 1852 de-

188 1891 348 1975 pendeat,
374 1890 572 1975 merentium
590 1901 707 1973 pectus
731 1891 865 1955 sinistro
890 1891 994 1955 latere
1009 1892 1158 1956 decorari
1184 1913 1303 1957 conce·

188 1994 311 2058 dimus.
343 1993 511 2060 Omnibus
537 2013 616 2057 vero
647 2003 680 2058 et
710 1993 851 2075 singuiis
881 1995 938 2077 qui
969 1995 1028 2059 tali
1055 1995 1184 2060 honore
1208 1995 1302 2079 digni
1363 2017 1481 2088 onasum

188 2097 300 2162 habiti
323 2096 454 2174 fuerint,
463 2099 633 2180 auspicem
650 2097 844 2161 caelestium
862 2119 1048 2177 munerum,
1063 2099 1301 2182 Apostolicam
1329 2079 1482 2196 ᾖῖἑηῗᾜῗ

189 2201 461 2266 benedictionem
478 2210 690 2283 peramanter
706 2201 739 2264 in
762 2200 912 2266 Domino
927 2202 1147 2286 impertimus.
1328 2196 1480 2302 ssssffm*

235 2309 367 2372 Datum
381 2307 511 2371 Romae
526 2307 616 2386 apud
642 2306 676 2371 S.
694 2307 829 2370 Petrum
851 2306 915 2370 sub
930 2307 1032 2372 anulo
1049 2308 1227 2374 Piscatoris
1244 2311 1299 2375 die
1390 2288 1396 2303 ⁸

193 2429 234 2496 17
253 2411 331 2477 Iulii
352 2413 442 2476 1888.
459 2409 677 2474 Pontificatus
695 2409 810 2474 Nostri
827 2431 917 2474 anno
933 2413 1121 2480 undecimo

685 2549 732 2612 M.
750 2549 864 2614 Cnnn.
879 2549 1257 2619 LEDOCHOWSKI.

286 4529 364 4574 Aura
377 4525 476 4572 Leonis
490 4527 558 4571 xlii.
