3172 4874
385 357 436 405 DE
453 356 692 407 CONDITIONE
711 357 904 408 OPIFICUM.
1129 358 1195 430 197

73 530 199 595 labore
217 551 414 612 comparare
430 532 501 594 sine
517 533 713 614 cuiusquam
730 532 849 595 iniuria
866 530 1015 609 malunt;
1030 540 1198 596 verumta-
1261 547 1342 638 Mqll

73 655 157 699 men
170 655 245 698 non
257 637 356 720 pauci
369 645 586 700 numerantur
596 637 706 718 pravis
717 635 837 699 imbuti
847 635 1061 718 opinionibus
1073 655 1197 700 rerum·
1268 646 1334 705 1891.

73 759 144 823 que
170 759 341 804 novarum
366 740 489 822 cupidi,
516 741 572 824 qui
599 741 633 804 id
656 750 763 824 agunt
777 741 870 804 omni
887 740 1014 805 ratione
1032 750 1068 805 ut
1083 739 1197 804 turbas
1225 759 1378 818 amolireris

72 853 256 920 moveant,
271 865 309 908 ac
325 855 455 908 ceteros
471 845 513 908 ad
530 845 598 909 vim
616 844 798 928 impellant.
820 845 957 908 Intersit
973 845 1075 927 igitur
1089 845 1197 927 reipu·
1224 825 1369 932 §wlff

71 949 191 1014 blicae
220 952 413 1029 auctoritas,
436 953 625 1036 iniectoque
649 951 910 1015 concitatoribus
926 950 1029 1030 freno,
1045 953 1089 1016 ab
1104 950 1198 1034 opili-
1221 943 1379 1052 mmet

71 1073 156 1118 cum
175 1056 330 1119 moribus
346 1057 564 1139 corruptrices
581 1066 679 1134 artes,
694 1075 714 1118 a
730 1055 889 1137 legitimis
908 1054 1054 1119 dominis
1071 1055 1199 1138 pericu·
1226 1075 1263 1108 res
1279 1071 1376 1123 pemer-

74 1158 148 1222 lum
168 1158 368 1240 rapinarum
384 1170 547 1224 coerceat.
953 1154 954 1158 ’
1226 1136 1276 1174 ⁸⁰³²

121 1261 341 1344 Loginquior
371 1262 422 1326 vel
453 1264 624 1345 operosior
653 1263 756 1337 labor,
779 1273 881 1344 atque
910 1263 1064 1346 opinatio
1086 1271 1199 1326 curtae
1240 1288 1379 1358 mmm„

75 1365 251 1429 mercedis
282 1384 434 1429 caussam
465 1385 532 1428 non
564 1385 641 1429 raro
664 1365 748 1429 dant
771 1364 954 1429 artificibus
980 1365 1199 1448 quamobrem
1227 1361 1378 1471 bisinum:

73 1488 183 1552 opere
209 1489 249 1532 se
265 1469 397 1533 solvant
419 1489 465 1532 ex
486 1470 685 1552 composito,
700 1470 837 1552 otioque
860 1469 988 1532 dedant
1003 1469 1201 1532 voluntario
1228 1473 1351 1544 veniendo,

74 1573 140 1638 Cui
157 1574 303 1656 quidem
317 1572 533 1638 incommodo
548 1575 673 1638 usitato
685 1581 719 1638 et
734 1575 828 1656 gravi
842 1574 1045 1638 medendum
1059 1571 1201 1654 publice,
1227 1545 1380 1640 imai*

69 1680 154 1762 quia
186 1697 302 1761 genus
333 1677 421 1742 istud
446 1679 644 1743 cessationis
668 1698 735 1742 non
763 1677 862 1742 heros
884 1679 1075 1755 dumtaxat,
1098 1685 1201 1758 atque
1227 1655 1380 1771 φξξῗῖῗζῖἰ

72 1781 225 1866 opifices
252 1782 342 1864 ipsos
372 1781 474 1845 afficit
496 1782 638 1860 damno,
660 1781 719 1846 sed
747 1781 942 1845 mercaturis
967 1782 1064 1844 obest
1087 1780 1200 1861 reique
1222 1773 1381 1891 {mis

74 1887 242 1970 publicae
259 1884 459 1949 utilitatibus
475 1910 481 1948 :
497 1905 642 1968 cumque
657 1885 747 1950 haud
765 1885 879 1968 procul
896 1905 969 1948 esse
985 1905 1005 1948 a
1027 1884 1060 1948 vi
1080 1883 1201 1950 turbis·
1227 1897 1295 1960 orere,
1334 1893 1379 1936 svl-

76 2011 145 2076 que
162 1991 285 2066 soleat,
296 2009 540 2072 saepenumero
548 1989 833 2070 ,tranquillitatem
851 1989 1020 2071 publicam
1037 1989 1070 2050 in
1087 1985 1200 2068 discri-
1228 1951 1361 2068 miliia

81 2114 162 2159 men
198 2093 345 2157 adducit.
370 2091 447 2174 Qua
470 2093 503 2155 in
537 2113 572 2156 re
594 2091 676 2156 illud
702 2094 809 2175 magis
840 2091 959 2156 efficax
990 2112 1030 2156 ac
1059 2091 1200 2170 salubre,
1222 2071 1330 2128 pam*

80 2208 297 2266 antevertere
327 2198 528 2262 auctoritate
566 2197 689 2280 legum,
719 2197 913 2280 malumque
951 2217 993 2259 ne
1026 2214 1200 2278 erumpere

79 2303 195 2387 possit
212 2300 396 2384 prohibere,
411 2301 533 2365 amotis
558 2311 687 2365 mature
710 2302 848 2378 caussis,
871 2301 961 2364 unde
984 2299 1197 2362 dominorum

81 2418 189 2489 atque
206 2405 433 2487 operariorum
450 2405 624 2470 conflictus
640 2405 793 2470 videatur
808 2405 985 2470 extiturus.

130 2507 312 2591 Similique
328 2508 430 2572 modo
442 2507 539 2590 plura
556 2509 684 2572 suntin
700 2506 828 2590 opifice,
838 2507 1006 2590 praesidio
1019 2503 1200 2569 munienda
1241 2527 1266 2586 b)
1277 2529 1376 2588 ndopr.

83 2610 307 2694 reipublicae:
323 2630 362 2673 ac
377 2613 522 2693 primum
540 2611 644 2674 animi
661 2611 758 2676 bona.
772 2611 947 2694 Siquidem
963 2611 1033 2674 vita
1051 2607 1200 2673 mortalis
1224 2587 1294 2694 ἓξὲξ
1315 2602 1377 2694 iffi

84 2715 319 2799 quamtumvis
335 2715 425 2778 bona
440 2724 474 2779 et
489 2714 656 2797 optabilis,
667 2735 733 2778 non
747 2715 820 2798 ipsa
835 2725 949 2780 tamen
959 2715 1040 2778 illud
1057 2722 1108 2777 est
1125 2711 1199 2776 ulti·
1225 2707 1348 2762 urendum,

86 2839 194 2896 mum,
217 2819 260 2882 ad
288 2818 378 2901 quod
406 2819 475 2882 nati
501 2839 639 2899 sumus;
674 2820 732 2883 sed
755 2821 811 2883 via
837 2819 1075 2883 tantummodo
1098 2828 1199 2900 atque
1254 2868 1377 2938 Μή,

85 2926 350 2988 instrumentum
379 2924 423 2987 ad
438 2924 543 2987 animi
564 2924 669 2988 vitam
690 2923 926 3006 perspicientia
952 2924 1020 2986 veri
1036 2932 1070 2986 et
1086 2941 1199 2986 amore
1226 2928 1377 2997 misintrsis,

85 3029 168 3092 boni
185 3027 433 3108 complendam.
449 3028 597 3091 Animus
613 3037 674 3106 est,
697 3027 753 3110 qui
770 3047 964 3110 expressam
981 3027 1067 3110 gerit
1082 3027 1200 3108 imagi·
1226 2988 1377 3098 mallim

87 3152 166 3198 nem
184 3130 506 3214 similitudinemque
533 3131 693 3208 divinam,
717 3139 750 3194 et
767 3131 801 3194 in
821 3151 890 3214 quo
915 3131 1120 3214 principatus
1146 3130 1201 3193 ille

87 3237 224 3312 residet,
249 3254 433 3317 perquem
459 3234 625 3298 dominari
641 3235 750 3298 iussus
776 3244 828 3299 est
851 3234 954 3298 homo
969 3235 1003 3297 in
1029 3233 1201 3298 inferiores

88 3347 237 3415 naturas,
253 3347 354 3420 atque
374 3336 503 3401 efficere
528 3336 666 3401 utilitati
682 3357 762 3402 suae
787 3347 891 3401 terras
907 3357 1024 3400 omnes
1048 3345 1082 3400 et
1098 3335 1202 3398 maria

88 3441 251 3522 parentia
267 3441 396 3524 Replete
412 3451 536 3506 terram
558 3450 590 3504 et
603 3440 751 3505 subiiciet
761 3461 833 3504 eam
843 3464 856 3504 .·
870 3450 903 3506 et
920 3438 1143 3504 dominamini
1147 3438 1202 3520 pi·
1228 3405 1381 3525 qim‘s'ss

88 3546 197 3610 scibas
208 3545 313 3610 maris
321 3555 354 3608 et
363 3545 551 3609 volatilibus
566 3545 646 3608 carli
654 3555 686 3608 et
699 3545 863 3608 universis
872 3543 1108 3622 animantibus,
1122 3563 1205 3626 quae
1229 3524 1336 3570 emtus

1230 3585 1331 3630 naturis
1345 3583 1383 3627 do·

92 3658 264 3714 moventur
287 3659 384 3730 super
405 3658 529 3712 terram
544 3648 592 3732 (¹).
620 3647 707 3713 Sunt
735 3667 854 3711 ornnes
868 3647 1024 3710 homines
1040 3647 1102 3710 hac
1119 3647 1152 3710 in
1170 3667 1205 3711 re
1231 3641 1382 3713 ruinartius-

92 3772 200 3834 pares,
226 3773 287 3816 nec
311 3753 484 3836 quippiam
502 3763 552 3816 est
579 3751 670 3835 quod
699 3751 786 3815 inter
800 3751 923 3814 divites
948 3761 1050 3833 atque
1078 3752 1204 3834 inopes,
1231 3714 1385 3820 bimam?

93 3856 181 3919 inter
194 3857 350 3920 dominos
365 3867 399 3920 et
414 3855 568 3933 famulos,
590 3856 677 3918 inter
692 3855 860 3936 principes
877 3853 1092 3938 privatosque
1109 3853 1204 3918 diffe·
1233 3825 1343 3871 '‘⁵⁵⁹⁸‘'

93 3969 159 4025 rat:
176 3981 255 4024 nam
280 3960 366 4023 idam
389 3960 542 4024 dominus
564 3959 712 4023 ornnium
728 3958 781 4042 (2).
802 3957 941 4020 Nemini
958 3957 1036 4022 licet
1060 3958 1208 4022 hominis

94 4064 348 4147 dignitatemde
359 4065 526 4147 quaDeus
539 4064 610 4146 ipse
622 4061 773 4145 disponit
785 4081 858 4125 cum
871 4081 995 4144 magna
1014 4063 1209 4141 reverentia,

98 4167 235 4252 impune
249 4167 383 4246 violare,
407 4188 515 4250 neque
537 4169 672 4232 adeam
690 4165 928 4250 perfectionem
956 4166 1120 4251 impedire
1136 4187 1210 4232 cur-

127 4412 146 4444 1.
162 4399 229 4456 Gerr„
243 4411 260 4456 l,
273 4401 309 4449 28.
319 4425 349 4436 -·
359 4413 379 4448 a
392 4403 471 4456 Rom,
484 4415 507 4455 x.
525 4415 559 4450 12.
