3250 4876
373 352 443 442 298
623 375 674 425 on
702 375 984 430 uurvensrmue
1013 377 1222 429 ronosnnn.

366 550 537 616 asservari.
553 549 782 616 Decernentes
798 561 992 635 praesentes
1014 551 1143 616 litteras
1159 549 1282 630 firmas,
1296 551 1430 618 validas
1447 559 1482 616 et

366 653 518 718 efficaces
532 675 666 738 semper
681 655 826 720 existere
841 667 876 722 et
892 656 971 734 iore,
986 675 1133 740 suosque
1147 655 1318 741 plenarios
1331 665 1367 721 et
1395 655 1484 720 inte·

367 775 445 838 gros
461 755 600 822 effectus
624 758 735 823 sortiri
763 769 797 825 et
823 759 985 835 obtinere,
1000 778 1040 824 ac
1056 759 1122 824 illis
1137 761 1180 824 ad
1197 779 1282 844 quos
1298 768 1433 843 spectat
1448 767 1485 822 et

368 883 429 944 pro
460 872 613 946 tempore
638 862 895 947 quomodolibet
919 863 1088 946 spectabit
1112 863 1145 927 in
1173 862 1333 929 omnibus
1360 873 1396 930 et
1421 884 1485 946 per

367 966 482 1032 omnia
497 965 691 1049 plenissime
706 965 891 1051 suffragari,
901 979 935 1032 et
951 967 1080 1032 irritum
1095 980 1213 1033 esseet
1229 968 1331 1032 inane
1346 969 1485 1034 sisecus

366 1070 543 1153 superbis,
558 1091 579 1136 a
593 1091 776 1154 quoquam,
790 1073 910 1156 quavis
933 1071 1141 1149 auctoritate,
1157 1071 1302 1136 scienter
1315 1071 1368 1138 vel
1385 1073 1484 1156 igno·

367 1183 489 1252 tamer,
503 1175 683 1256 contigerit
698 1175 868 1240 attentari.
884 1173 964 1239 Non
988 1175 1203 1240 obstantibus
1220 1173 1485 1240 constitutioni·

367 1274 430 1343 bus
446 1287 480 1342 et
505 1277 775 1344 ordinationibus
790 1277 1009 1362 Apostolicis‚
1024 1297 1086 1344 nec
1113 1297 1182 1342 non
1207 1278 1290 1342 dicti
1306 1277 1482 1344 Athenaei

367 1382 470 1447 etiam
495 1382 695 1460 iuramento,
709 1381 965 1448 confirmatione
980 1380 1191 1466 Apostolica,
1206 1380 1260 1447 vel
1284 1382 1404 1466 quavis
1426 1382 1483 1448 fir·

367 1485 486 1549 mitate
512 1483 578 1549 alia
605 1485 771 1551 roboratis
795 1486 941 1563 statutis,
956 1481 1267 1560 consuetudinibus,
1292 1485 1484 1569 ceterisque

367 1588 542 1653 contrariis
557 1589 835 1674 quibuscumque.

412 1687 540 1753 Datum
558 1689 690 1754 Romae
706 1690 796 1774 apud
813 1688 847 1755 S.
866 1689 1002 1754 Petrum
1019 1686 1083 1752 sub
1108 1685 1212 1752 anuto
1229 1685 1410 1752 Piscatoris
1424 1689 1485 1755 die

368 1809 412 1856 20
427 1791 625 1858 Decembris
645 1793 737 1874 1889,
750 1791 971 1859 Pontificatus
983 1790 1101 1858 Nostri
1116 1809 1208 1856 anno
1221 1791 1439 1858 duodecimo.

814 1965 861 2030 M.
878 1962 995 2030 Cnno.
1013 1959 1392 2030 LEDOCHOWSKI.
