3336 4870
436 381 487 429 nu
513 381 602 430 vnn
629 379 775 432 sancta
803 379 1076 431 1usr1ruaunn.
1236 381 1304 448 199

194 573 267 616 esse
293 554 445 618 civitates
470 573 538 617 non
563 553 650 618 sinit
678 553 716 620 Si
742 551 1081 620 aestuat.multitudo
1105 551 1306 616 immodicae
1330 570 1484 649 »accimus

195 653 359 719 libertatis
374 653 438 730 siti,
453 652 480 715 si
506 662 685 736 erumpunt
711 653 859 734 undique
883 651 1135 734 proletariorum
1159 651 1306 714 minaces
1374 657 1441 705 1888·

195 757 359 832 fremitus,
373 755 401 818 si
417 754 601 819 inhumana
617 755 805 819 beatiorum
821 753 989 837 cupiditas
1004 772 1188 836 numquam
1205 774 1241 816 se
1256 774 1307 817 sa·
1333 748 1394 854 „2¹12
1402 749 1484 868 88*ἶῖ

194 859 239 920 tis
255 867 470 920 consecutam
486 866 595 940 putat,
610 867 644 922 et
668 858 696 922 si
721 877 809 940 quae
835 865 914 919 sunt
930 855 996 919 alia
1011 855 1142 938 generis
1157 855 1308 920 eiusdem
1342 867 1475 936 pragam

195 959 421 1036 incommoda,
443 959 495 1022 his
521 959 681 1044 prolecto,
698 960 787 1043 quod
813 958 897 1022 alias
920 958 1054 1022 uberIus
1080 959 1310 1040 exposuimus,
1347 927 1469 1032 Ῐῖἇῖᾏῖἷ

195 1060 279 1125 nihil
296 1062 473 1127 subvenire
499 1063 618 1129 melius
644 1073 703 1128 aut
730 1065 862 1139 certius,
888 1081 991 1145 quam
1019 1059 1103 1124 fides
1118 1060 1309 1141 christiana,
1373 1047 1449 1091 mla·

163 1165 319 1248 ‘potest

241 1269 354 1332 Locus
368 1269 539 1348 admouet,
555 1273 597 1335 ad
615 1291 675 1335 vos
701 1270 944 1353 cogitationem
961 1265 1215 1354 orationemque
1230 1293 1309 1336 con·
1342 1304 1485 1362 ΛΜΝ,

195 1384 334 1452 vertere,
349 1384 517 1458 quotquot
533 1376 626 1440 Deus
636 1375 679 1440 ad
695 1395 756 1439 sua
767 1374 995 1458 dispensanda
1007 1375 1175 1458 mysteria,
1186 1375 1311 1441 collata
1336 1363 1485 1422 '‘a''d‘m·

1334 1423 1417 1468 sertim
1432 1437 1485 1468 con-

194 1478 357 1542 divinitus
372 1487 550 1559 potestate,
565 1479 734 1543 adiutores
750 1477 901 1542 adscivit.
919 1477 956 1544 Si
981 1497 1119 1542 caussae
1146 1479 1309 1562 indagan-
1327 1483 1418 1552 serent
1441 1485 1486 1527 ⁶²³-

194 1591 250 1645 tur
264 1581 415 1663 privatae
430 1581 650 1666 publicaeque
666 1581 792 1656 salutis,
808 1581 1032 1645 dubitandum
1045 1602 1117 1645 non
1134 1593 1194 1661 est,
1205 1584 1309 1648 vitam
1335 1556 1486 1648 almil-

196 1703 374 1766 moresque
389 1683 584 1748 clericorum
601 1705 700 1767 posse
716 1684 897 1767 plurimum
922 1686 954 1748 in
972 1694 1150 1768 utramque
1170 1696 1312 1768 partem,
1332 1675 1386 1720 'qm'

194 1823 240 1836 -
256 1787 483 1864 Meminerint,
498 1788 607 1870 igitur,
622 1808 657 1851 se
671 1786 773 1850 lucem
790 1787 908 1851 mundi
922 1809 941 1851 a
959 1788 1048 1852 IESU
1066 1788 1236 1854 CHRISTO
1252 1811 1310 1873 ap-

197 1891 351 1974 pellatos
365 1893 455 1974 quod
471 1893 610 1957 luminr's
633 1893 744 1958 instar
764 1895 956 1958 rcnr'versum
971 1895 1077 1960 orbem
1101 1895 1311 1976 illustrantis,

196 1996 374 2060 sacerdotis
388 1997 537 2060 animam
552 1997 762 2080 splendescere
777 2008 898 2079 opertet
912 1999 964 2080 (¹).
981 1999 1112 2064 Lumen
1129 2001 1310 2081 doctrinae,

198 2095 408 2178 nequeillud
425 2097 572 2180 vulgare,
587 2098 620 2160 in
646 2099 820 2162 sacerdote
844 2099 1030 2182 requiritur,
1057 2101 1136 2182 quia
1164 2104 1308 2166 muneris

198 2201 269 2262 eius
285 2209 336 2263 est
352 2200 491 2282 implere
514 2201 679 2284 sapientia
705 2213 842 2280 ceteros,
864 2204 1005 2266 evellere
1029 2224 1164 2281 erroreS,
1188 2207 1307 2271 ducem

194 2324 267 2366 esse
295 2304 502 2367 multitudini
529 2325 588 2388 per
613 2305 731 2368 itinera
759 2307 847 2370 vitae
870 2306 1030 2388 ancipitia
1055 2317 1088 2369 et
1115 2306 1249 2373 lubrica.
1268 2311 1307 2373 In
1381 2323 1483 2370 annau

193 2407 311 2490 primis
327 2417 441 2472 autem
467 2408 556 2472 vitae
587 2410 814 2473 innocentiam
831 2414 989 2474 comitem
1006 2410 1160 2475 doctrina
1176 2413 1306 2476 deside·
1347 2385 1464 2494 lm}

190 2523 253 2587 rat,
269 2511 464 2592 praesertim
481 2511 571 2595 quod
599 2514 632 2575 in
660 2512 897 2576 emendatione
921 2513 1096 2576 hominurn
1113 2513 1214 2596 longe
1230 2516 1305 2598 plus
1333 2500 1478 2548 ”mmm

189 2615 361 2698 exemplo,
391 2636 492 2699 quam
518 2618 729 2698 peroratione
756 2615 935 2699 proficitur.
962 2617 1087 2681 Luceat
1107 2619 1168 2682 lux
1195 2629 1305 2682 vestra

187 2718 501 2796 coramlraminibus,
511 2729 549 2782 ut
559 2721 694 2784 ardeam
704 2733 798 2804 opera
814 2730 923 2784 vestra
939 2721 1021 2784 bona
1033 2722 1084 2804 (²).
1101 2721 1204 2788 Cuius
1220 2725 1302 2787 divi-

186 2839 254 2882 nae
270 2821 457 2883 sententiae
473 2841 512 2884 ea
528 2821 680 2903 profecto
692 2824 742 2884 vis
755 2831 814 2896 est,
826 2822 929 2886 talem
943 2843 1015 2886 esse
1026 2824 1058 2886 in
1072 2807 1302 2887 sacerdotibus

184 2924 427 3008 perfectionem
444 2936 599 3008 oportere
615 2927 929 3010 absolutionemque
954 2929 1095 3006 virtutis,
1111 2940 1147 2992 ut
1163 2951 1200 2992 se
1216 2941 1298 2994 tam·

182 3051 289 3115 quam
305 3031 477 3113 speculum
495 3033 654 3112 praebere
670 3032 878 3095 intuentibus
895 3042 1030 3115 queant.
1038 3031 1143 3094 Nilcil
1149 3042 1206 3110 est,
1216 3033 1305 3116 quod
1371 3065 1436 3110 ΒΜ·

180 3135 269 3201 alim
285 3134 392 3216 magis
407 3135 615 3216 mpietatem
630 3144 661 3198 er
676 3135 743 3198 Dei
752 3135 876 3198 cultum
885 3135 1017 3199 assidue
1032 3137 1186 3214 instruat,
1200 3159 1300 3218 quam
1346 3126 1461 3229 lilim

181 3261 295 3304 eorum
311 3239 382 3302 vita
397 3249 429 3301 et
442 3239 628 3320 exemplum,
643 3239 703 3321 qui
715 3259 749 3301 se
762 3239 877 3302 divina
889 3239 1072 3303 mr'm‘sterie
1085 3240 1300 3306 dedicarunt:
1328 3243 1395 3348 cml·
1404 3244 1427 3288 T
1426 3244 1473 3348 fij·

179 3363 258 3408 cum
272 3341 359 3405 enim
373 3363 396 3404 a
410 3341 504 3404 rebus
517 3341 640 3405 saccelli
652 3341 687 3404 in
699 3340 848 3405 altiorem
859 3341 984 3406 sublati
992 3343 1095 3406 lacurn
1105 3345 1299 3426 conspician-
1322 3309 1379 3360 pm
1389 3318 1464 3349 ‘zm'

183 3457 252 3522 tur,
266 3445 302 3508 in
316 3466 368 3510 eas
382 3455 553 3528 tamquam
569 3445 604 3507 in
627 3445 788 3527 speculam
812 3446 933 3528 reliqui
946 3448 1050 3510 oculos
1064 3447 1247 3526 coniiciunt,
1262 3471 1302 3511 ex

181 3551 293 3632 eisque
306 3558 450 3626 sumunt,
464 3549 553 3631 quod
564 3549 739 3612 imitentur
751 3550 804 3633 (³).
820 3549 934 3632 Quare
960 3552 987 3614 si
1014 3571 1132 3614 omnes
1158 3563 1300 3616 caveant

184 3656 364 3739 vigilanter
386 3663 529 3736 oportet,
545 3674 587 3716 ne
611 3653 654 3716 ad
681 3654 839 3717 vitiorum
864 3655 1021 3737 scopulos
1050 3655 1299 3736 adhaerescent,

185 3783 253 3827 neu
278 3771 512 3826 consectentur
537 3780 589 3823 res
616 3761 760 3824 caducas
787 3762 995 3843 appetitione
1020 3761 1133 3839 nimia,
1159 3773 1300 3843 apparet

183 3867 373 3950 quandoid
390 3865 518 3930 efficere
534 3865 723 3928 sacerdotes
751 3865 938 3947 religiosius
965 3874 998 3928 et
1014 3867 1224 3929 constantius
1240 3867 1297 3930 de-

185 3971 298 4037 beant
314 4009 358 4020 --
373 3971 447 4036 Nisi
463 3971 554 4053 quod
570 3991 632 4034 nec
647 3969 729 4032 satis
745 3979 796 4033 est
812 3989 879 4033 non
897 3969 1019 4033 servire
1034 3969 1275 4052 cupiditatibus
1291 3997 1297 4036 :

185 4075 270 4138 illud
296 4075 397 4139 etiam
425 4074 616 4139 sanctitudo
642 4073 819 4157 dignitatis
843 4073 994 4157 postulat
1020 4082 1057 4138 ut
1080 4073 1298 4158 sibimetipsis
1325 4075 1477 4180 “faceri‘’-

186 4180 308 4244 acriter
332 4180 496 4261 imperare
523 4188 726 4256 assuescant,
752 4177 902 4259 itemque
926 4196 1045 4240 omnes
1073 4177 1176 4240 animi
1203 4179 1299 4254 vires,
1321 4199 1374 4252 per,
1406 4150 1477 4240 '’iis'‘r}

219 4377 239 4410 x.
259 4365 283 4410 S.
304 4364 338 4410 lo.
357 4363 473 4422 Crysost„
491 4363 528 4407 De
543 4363 608 4416 Sec..
626 4363 645 4416 l,
663 4379 685 4423 3.
702 4378 722 4410 c
742 4377 762 4411 1.
776 4379 837 4410 —a
857 4363 955 4416 Manli..
972 4377 995 4417 v,
1009 4365 1043 4410 16.
1057 4388 1086 4397 -
1096 4377 1118 4423 3.
1136 4363 1215 4410 Cone.
1230 4364 1298 4413 Trid.

190 4431 253 4478 Sera
273 4441 341 4482 xxti,
362 4445 381 4476 e.
403 4445 423 4482 ι,
441 4431 472 4476 de
489 4430 539 4476 Rei.
