3336 4870
243 373 432 425 LITTERAE
459 371 617 426 sueres..
648 358 669 386 ‘⁴
689 369 871 422 exeunte
899 369 968 418 mm
995 364 1103 418 nuuo
1122 400 1142 428 „
1198 367 1262 434 191

158 551 247 616 riam
263 552 297 615 in
325 550 435 614 Nobis
463 560 497 614 et
512 549 656 632 gratiam
684 568 817 630 semper
841 567 914 612 esse
941 547 1113 610 victuram.
1128 581 1172 592 -
1198 542 1266 610 Sed

157 657 271 720 maius
294 677 334 721 ac
361 656 509 720 sanctius
531 663 635 718 restat
656 651 811 724 officium.
829 653 870 716 In
895 650 958 715 hac
974 649 1064 714 enirn
1090 647 1267 713 affectione
1308 671 1444 742 ‘Sederat

156 761 360 838 animorum,
376 778 550 824 romanum
580 755 777 823 Pontificem
804 755 979 820 alacritate
1003 755 1135 818 insueta
1158 753 1268 819 colere
1291 735 1369 835 122„
1387 733 1445 838 ’ἔξ

157 875 264 948 atque
293 864 459 928 honorare
485 862 712 946 gestientium,
743 881 868 926 numen
895 861 1048 924 videmur
1078 868 1267 941 nutumque
1292 849 1387 896 fllium·

159 970 247 1034 Eius
262 986 454 1052 agnoscere,
469 968 527 1050 qui
543 987 645 1050 saepe
667 965 753 1031 solet
770 974 872 1048 atque
896 983 982 1028 unus
997 972 1111 1047 potest
1128 982 1267 1047 magno·

158 1089 235 1135 rum
267 1070 433 1153 principia
462 1069 627 1134 bonorum
659 1089 704 1132 ex
743 1069 891 1132 minimis
930 1066 1110 1132 momentis
1141 1066 1267 1131 elicere.

159 1174 331 1239 Nimirum
352 1173 668 1257 providentissimus
686 1173 779 1238 Deus
794 1173 940 1237 voluisse
955 1173 1098 1247 videtur,
1109 1171 1155 1252 ¹in
1171 1180 1269 1237 tanto
1301 1195 1445 1264 obsequium

160 1281 363 1363 opinionum
401 1297 522 1355 errore,
567 1279 717 1342 excitare
755 1275 866 1355 fidem,
909 1276 1268 1359 opportunitatemque
1294 1256 1446 1360 ss'dffiss

158 1383 321 1467 praebere
348 1382 468 1446 studiis
494 1382 584 1446 vitae
600 1382 740 1464 potioris
756 1382 791 1444 in
816 1380 945 1465 populo
968 1381 1151 1453 christiano
1175 1400 1268 1446 revo·
1286 1372 1447 1492 srssiffi

159 1487 289 1553 candis.
305 1523 349 1536 -
375 1485 606 1569 Quamobrem
631 1485 696 1550 hoc
721 1495 772 1549 est
800 1485 927 1568 reliqui,
953 1486 1033 1550 dare
1059 1503 1197 1566 operam
1221 1495 1267 1562 ut,
1290 1493 1382 1562 piari
1404 1499 1447 1564 pp

157 1594 248 1658 bene
263 1591 382 1676 positis
403 1591 517 1669 initiis,
532 1590 618 1656 bene
638 1600 751 1655 cetera
765 1598 1034 1673 consequantur:
1058 1589 1268 1656 enitendum·
1290 1553 1447 1681 &22:5⁶ssss

157 1718 236 1780 que,
252 1705 289 1761 ut
304 1705 339 1762 et
354 1694 587 1778 intelligantur
601 1694 742 1759 consilia
758 1694 883 1771 divina,
899 1702 933 1757 et
947 1714 982 1758 re
1004 1695 1078 1776 ipsa
1093 1691 1267 1776 perfician-
1290 1669 1446 1788 ἷξωῗὶζῖξῗ

157 1809 223 1864 tur.
241 1799 339 1865 Tunc
354 1801 502 1883 denique
513 1799 714 1884 obsequium
731 1799 764 1862 in
777 1798 1015 1883 Apostolicam
1033 1797 1156 1863 Sedem
1169 1797 1269 1882 plene

156 1905 223 1971 erit
238 1905 476 1988 cumulateque
491 1904 685 1988 perfectum,
701 1905 728 1968 si
744 1924 820 1968 cum
837 1903 998 1970 virtutum
1011 1904 1268 1970 christianarum

156 2008 262 2073 laude
288 2009 504 2073 coniunctum
535 2009 578 2073 ad
604 2007 747 2072 salutem
773 2008 941 2072 conducat
968 2008 1179 2070 animorum:
1210 2009 1267 2090 qui

156 2111 287 2176 fructus
303 2120 354 2176 est
370 2111 467 2177 unice
479 2111 691 2195 expetendus
703 2120 935 2195 perpetuoque
951 2128 1137 2175 mansurus.

205 2282 263 2347 Ex
287 2283 352 2348 hoc
377 2303 510 2348 summo
534 2283 726 2367 Apostolici
744 2282 890 2347 muneris
916 2283 1035 2365 gradu,
1049 2283 1083 2345 in
1108 2301 1177 2365 quo
1195 2282 1267 2346 Nos
1312 2289 1448 2396 mis

158 2388 226 2452 Dei
242 2389 433 2470 benignitas
457 2388 589 2464 locavit,
603 2388 827 2470 patrocinium
845 2386 994 2449 veritatis
1016 2404 1267 2466 saepenumero,
1291 2409 1372 2467 capita
1389 2410 1445 2468 jam

156 2501 198 2556 ut
222 2491 381 2574 oportuit,
404 2492 622 2574 suscepimus,
636 2492 816 2573 conatique
843 2509 958 2553 sumus
984 2508 1025 2552 ea
1052 2487 1265 2572 potissimum
1293 2475 1444 2586 mm

154 2595 334 2661 doctrinae
358 2597 470 2677 capita
493 2615 674 2678 exponere,
690 2614 777 2676 quae
802 2593 952 2657 maxime
967 2601 1158 2675 opportuna
1182 2612 1266 2676 eque
1292 2600 1359 2705 '3ssss
1374 2587 1446 2693 ζῶ

154 2699 346 2782 republica
369 2698 562 2764 viderentur
587 2718 669 2777 esse,
686 2709 723 2762 ut
746 2699 898 2781 quisque,
913 2697 1055 2761 veritate
1081 2706 1266 2779 perspecta»
1291 2705 1445 2812 2¹¹¹ngssss

151 2804 338 2888 pestiferos
353 2823 499 2868 errorum
525 2801 668 2880 afflatus,
688 2802 860 2885 vigilando
886 2801 1113 2884 cavendoque,
1128 2800 1265 2884 defuge-
1304 2824 1434 2870 instituen-

153 2916 216 2972 ret.
234 2907 336 2972 Nunc
358 2927 448 2985 vero,
462 2907 512 2971 uti
534 2907 655 2972 libe'ros
680 2925 758 2970 suos
785 2905 1036 2971 amantissimus
1061 2925 1191 2988 parens,
1217 2907 1265 2969 sic
1292 2881 1444 3000 mg?

155 3009 233 3074 Nos
260 3010 385 3094 alloqui
417 3010 616 3076 christianos
643 3011 815 3075 universos
850 3009 1014 3086 volumus,
1045 3007 1265 3092 familiarique
1290 3002 1443 3106 sssmaessssff‘

153 3135 313 3180 sermone
338 3114 464 3180 hortari
492 3114 643 3198 singulos
668 3115 710 3178 ad
737 3114 841 3178 vitam
870 3123 986 3177 sancte
1013 3113 1264 3178 instituendam.
1290 3095 1442 3189 dafrosae:

154 3218 250 3283 Nam
266 3220 405 3283 omnino
431 3220 474 3284 ad
502 3218 720 3283 christianum
748 3236 882 3295 nomen,
897 3225 1030 3298 praeter
1045 3215 1122 3281 lidei
1138 3215 1262 3298 proles·
1285 3183 1441 3298 iiiam*

151 3321 296 3401 sionem,
320 3323 525 3386 necessariae
550 3331 629 3386 sunt
653 3322 909 3386 christianarum
934 3329 1023 3384 artes
1051 3321 1263 3386 exercitatio-

153 3445 284 3508 nesque
300 3426 460 3492 virtutum
476 3447 485 3507 ;
505 3447 550 3491 ex
573 3426 695 3510 quibus
711 3446 779 3490 non
797 3426 899 3489 modo
918 3425 1044 3508 pendet
1059 3425 1264 3506 sempiterna

153 3529 249 3594 salus
263 3530 463 3608 animorum,
477 3531 537 3594 sed
565 3529 667 3594 etiam
694 3548 854 3612 germana
879 3529 1083 3610 prosperitas
1108 3537 1143 3591 et
1168 3525 1264 3591 firma

154 3633 383 3717 tranquillitas
406 3635 580 3699 convictus
605 3635 743 3699 humani
772 3643 805 3696 et
832 3633 1012 3698 societatis.
1038 3671 1082 3682 --
1109 3635 1265 3701 Iamvero

153 3740 185 3804 si
211 3740 381 3823 quaeritur
406 3761 473 3822 qua
497 3741 623 3823 passim
650 3740 781 3803 ratione
810 3739 879 3802 vita
908 3739 1060 3820 degatur,
1087 3759 1187 3803 nemo
1213 3751 1265 3804 est

155 3843 239 3926 quin
256 3843 378 3921 videat,
392 3843 490 3907 valde
506 3845 549 3907 ab
564 3842 767 3925 evangelicis
782 3842 969 3925 praeceptis
985 3843 1139 3924 publicos
1156 3864 1265 3907 mores

153 3946 373 4029 privatosque
393 3947 591 4029 discrepare.
609 3945 720 4010 Nimis
736 3955 815 4028 apte
829 3946 949 4009 cadere
965 3945 998 4008 in
1015 3946 1102 4009 hanc
1117 3955 1262 4011 aetatem

155 4051 290 4115 videtur
320 4050 378 4115 illa
409 4051 547 4115 loannis
577 4049 736 4134 Apostoli
775 4050 951 4127 sententia,
985 4070 1086 4126 omne,
1115 4051 1203 4134 quod
1229 4052 1265 4115 in
1346 4051 1444 4110 Regnat

1306 4111 1433 4158 hodiedum

158 4153 280 4219 mundo
300 4165 356 4232 est,
374 4154 625 4238 concupiscentia
642 4153 753 4218 carnis
770 4163 826 4232 est,
844 4163 877 4216 et
899 4153 1150 4236 concupiscentia
1165 4155 1265 4219 omlo-
1292 4170 1443 4240 tripqucon-

159 4279 246 4337 rum,
256 4269 288 4322 et
301 4259 452 4342 superbia
467 4259 556 4322 vitae
579 4256 631 4342 (¹).
643 4257 814 4324 Videlicet
830 4257 989 4341 plerique,
1001 4259 1091 4322 unde
1111 4260 1184 4337 orti,
1199 4280 1266 4343 quo
1308 4237 1428 4335 cuffia-

191 4439 211 4476 ι.
225 4425 344 4486 IEp„11,
358 4427 393 4474 1⁶.
