3336 4870
128 482 158 623 ff}
269 510 592 591 marsana:
632 505 1078 591 APOSTOchAE

129 684 159 799 3}
192 698 257 757 oa
296 696 446 757 resno
483 696 794 756 snnrcr1ss1nr1
833 669 1011 756 connis
1050 693 1159 753 nssu

287 871 402 932 arru
428 869 634 931 oupcrcr
659 869 851 930 emuna
875 869 1066 929 ccassrs

504 1004 845 1091 catabanum.

128 1149 160 1275 ἒξ
270 1195 336 1254 no
360 1194 659 1254 abacorum
683 1193 767 1253 nm
792 1192 1083 1255 Mamonrnu.

130 1278 140 1307 1,
151 1286 159 1300 .

152 1314 159 1326 ι

318 1493 507 1562 ENIGNO
523 1493 658 1558 divinae
680 1493 914 1577 providentiae
940 1495 1081 1559 consilio
1102 1498 1231 1561 contin.
1281 1473 1376 1582 Jjgfi„

338 1619 418 1681 gere
444 1598 653 1674 arbitramur,
668 1607 706 1661 ut
726 1597 832 1662 altero
856 1608 1003 1663 exeunte
1026 1601 1170 1678 saecule,
1186 1622 1230 1664 ex
1299 1584 1365 1641 ¹⁸⁸⁹·

339 1723 406 1787 quo
427 1702 607 1785 praecipua
624 1699 771 1766 caritatis
798 1701 961 1766 beneficia
984 1723 1043 1785 per
1058 1703 1229 1770 Christum
1293 1743 1408 1803 ponus&

339 1807 604 1889 Redemptorem
630 1804 663 1868 in
687 1805 872 1870 humanum
900 1827 1006 1890 genus
1022 1807 1146 1874 collata
1168 1811 1231 1874 sub
1255 1803 1408 1921 053³*ssst

121 1912 335 1982 Sanctissimi
366 1909 486 1976 Cordis
515 1909 605 1973 IESU
635 1908 791 1990 symbolo
821 1910 912 1974 cultu
940 1911 1098 1992 peculiari
1130 1914 1229 1977 recoli
1254 1937 1284 1992 τις
1310 1923 1407 1989 πενία,-

119 2031 242 2106 coepta
263 2027 350 2096 sunt,
367 2016 550 2082 saecularia
572 2015 749 2080 sollemnia
764 2017 809 2080 ob
825 2017 870 2081 rei
895 2020 1091 2082 memoriam
1109 2019 1142 2082 in
1159 2021 1231 2083 uni-
1255 1981 1409 2146 Ξζῖἷὲζῗέἷιῖ

1296 2134 1301 2146 .
1339 2113 1406 2144 0715

120 2147 216 2190 uersa
245 2122 397 2188 Ecclesia
427 2128 640 2203 peragantur.
668 2117 740 2183 Nos
770 2119 906 2202 quidem
934 2120 1107 2185 laustitate
1133 2121 1231 2185 huius
1254 2159 1384 2206 „lm-,¹

120 2241 261 2294 eventus
277 2229 363 2292 sicut
384 2225 477 2290 suavi
501 2223 648 2306 quadam
668 2223 803 2305 pietatis
830 2233 863 2288 et
882 2225 1031 2288 caritatis
1054 2225 1231 2290 dulcedine

122 2331 363 2415 perfundimur,
379 2330 424 2392 ita
441 2327 484 2391 ad
501 2329 625 2390 bonam
642 2326 801 2407 erigimur
829 2347 934 2409 spem,
949 2328 1142 2392 huiusmodi
1166 2328 1230 2391 sol-

122 2437 247 2501 lemnia
273 2432 364 2497 haud
387 2451 494 2495 vacua
519 2429 647 2512 populo
673 2429 854 2494 christiano
880 2430 992 2495 sutura
1018 2453 1090 2496 esse
1115 2432 1231 2497 fructu.

122 2541 279 2605 Maxime
302 2538 440 2602 interest
466 2544 622 2598 aeternae
648 2536 835 2598 animarum
852 2535 979 2614 salutis,
1001 2547 1037 2601 ut
1060 2537 1231 2602 christiani

120 2666 239 2710 omnes
261 2658 277 2711 t
298 2648 450 2706 crescant
473 2640 507 2702 in
535 2639 645 2722 gratia
669 2649 703 2703 et
730 2637 924 2722 cognitione
950 2641 1089 2706 Domini
1114 2641 1231 2706 Nostri

122 2748 209 2816 IESU
227 2747 397 2822 CHRISTI,
413 2743 586 2827 ipsiusque
612 2744 720 2808 sciant
746 2746 1051 2826 supereminentem
1074 2748 1232 2812 scientiae
1354 2822 1359 2832 Ι

118 2857 295 2918 caritatem
317 2868 347 2928 )),
368 2849 415 2913 ita
430 2858 468 2913 ut
484 2857 615 2931 partem
631 2848 780 2930 aliquam
797 2850 902 2914 velint
922 2852 1067 2934 ingentis
1084 2853 1231 2920 caritatis
1258 2881 1269 2926 ε
1286 2821 1410 2940 nimi

118 2959 233 3022 animo
249 2955 434 3037 concipere,
449 2973 517 3037 qua
533 2951 796 3018 Sacrosanctum
809 2975 865 3018 cor
877 2956 963 3020 IEsU
982 2965 1033 3020 est
1045 2955 1233 3026 inflamma.
1259 2955 1411 3060 “2433

118 3072 200 3128 tum.
218 3060 375 3125 Proiecto
390 3057 462 3141 ipse
478 3057 561 3121 nihil
578 3057 692 3139 potius
707 3057 820 3136 habet,
831 3079 933 3142 quarn
952 3069 987 3124 ut
1000 3063 1123 3126 amoris
1136 3062 1233 3145 ignis,
1260 3061 1357 3169 ml:
1381 3059 1409 3105 ‘''2

118 3187 183 3251 quo
213 3187 270 3230 cor
301 3183 398 3228 suurn
429 3159 626 3242 conflagrat,
652 3161 686 3224 in
712 3161 887 3226 hominum
918 3164 1039 3228 animis
1072 3166 1232 3247 eliciatur,

118 3269 408 3355 quemadmodum
435 3266 504 3329 suis
529 3275 673 3330 testatus
688 3275 740 3330 est
764 3267 958 3350 discipulis:
978 3271 1132 3352 (Ignem
1157 3277 1231 3338 veni

119 3375 253 3440 mittere
269 3373 303 3435 in
329 3380 462 3446 terram,
478 3377 512 3432 et
528 3370 609 3451 quid
633 3367 712 3434 volo
731 3370 794 3434 nisi
812 3383 849 3435 ut
875 3376 1133 3444 accendaturlt
1154 3376 1232 3460 Quo
1265 3377 1407 3448 ‚Promissis

118 3499 197 3542 vero
218 3476 373 3540 homines
385 3475 471 3538 miro
485 3473 564 3537 huic
579 3494 619 3537 ac
633 3473 736 3556 pleno
752 3476 875 3539 amoris
891 3477 1058 3542 desiderio
1073 3479 1231 3546 libentius
1256 3439 1410 3548 {iimidffilit

119 3583 360 3664 obsequantur,
391 3597 591 3662 magnorum
622 3576 712 3642 facta
745 3580 969 3660 praemiorum
1001 3584 1231 3664 promissione,
1250 3556 1410 3666 {dmm

118 3704 237 3750 eorum
254 3703 314 3767 spe
331 3684 440 3747 Iesus
455 3701 573 3746 omnes
584 3681 627 3745 ad
639 3701 675 3745 se
691 3682 822 3761 invitat,
837 3691 938 3766 atque
954 3685 1066 3749 allicit.
1084 3686 1139 3749 Ad
1153 3707 1230 3751 eum
1257 3677 1410 3792 32²⁸ng

118 3790 233 3871 igitur,
248 3788 305 3870 qui
322 3797 509 3851 mutuuma
525 3783 622 3848 nobis
638 3803 787 3850 amorem
801 3789 897 3869 quasi
915 3789 1102 3852 mercedem
1124 3791 1231 3872 exigit
1253 3792 1316 3852 rial·

119 3891 273 3957 caritatis
297 3910 385 3968 suae,
410 3909 471 3954 nos
495 3887 707 3954 conferamus
733 3900 767 3954 et
794 3891 1138 3982 sanctissimumssor
1160 3893 1231 3956 eius

119 4015 237 4059 amore
253 3994 377 4077 pariter
392 4012 431 4058 ac
444 3993 580 4057 vulnere
593 3994 743 4056 saucium
756 3993 945 4076 perfugium
963 3994 1059 4059 nobis
1075 4005 1230 4077 paratum

119 4107 289 4180 putemus.
318 4097 355 4164 Si
382 4097 518 4180 quidem
546 4116 621 4159 eam
648 4096 693 4160 ob
719 4117 882 4176 caussam,
909 4099 994 4162 sicut
1023 4098 1118 4162 multi
1142 4099 1232 4163 vitae

118 4201 301 4265 sanctitate
324 4201 404 4266 clari
432 4201 546 4264 testati
574 4208 662 4277 sunt,
678 4199 745 4266 Cor
771 4200 858 4266 IESU
876 4201 995 4264 hastae
1023 4221 1182 4266 mucrone
1198 4205 1231 4266 in

118 4325 220 4371 cruce
234 4305 436 4370 transfixum
453 4313 513 4382 est,
528 4305 686 4368 nimirum
703 4315 740 4368 ut
755 4305 927 4369 christiani
946 4305 1100 4372 homines
1115 4327 1232 4391 quem·

119 4407 251 4474 damin
273 4429 314 4474 eo
329 4410 424 4493 quasi
449 4427 617 4474 recessum
639 4428 707 4491 quo
726 4409 954 4492 confugerent,
970 4410 1026 4478 ubi
1048 4412 1231 4494 requiesce·
