3336 4870
421 344 493 413 224
545 345 643 396 arar.
665 347 791 398 arosr.
815 335 1054 400 “sternuntur
1074 347 1400 412 naxnvoaaurm„

417 443 1514 474 -—-—·l-———-—-—·—-—-—-....

261 552 393 598 ramim
417 523 566 588 tionibus
599 523 724 608 praesit
748 535 781 589 et
808 524 879 589 dies
904 524 1003 603 dicat,
1028 526 1149 608 quibus
1175 525 1317 590 subinde
1348 523 1515 590 convocati

240 613 394 718 ζζζῖᾗῇξῇζ
420 627 535 693 Patres
556 628 731 693 consilium
757 631 824 692 sint
847 629 1002 694 habituri.
1025 627 1241 713 Quapropter
1260 639 1298 694 ut
1321 629 1402 692 data
1428 647 1515 710 prae-

237 731 286 836 te}
317 731 389 836 cahra
417 740 523 795 stetur
539 731 681 796 aNobis
698 729 901 816 fides,atque
917 733 1012 796 istius
1029 741 1213 797 conventus
1224 731 1332 814 magis
1343 730 1517 796 illustretur

254 797 386 920 vamil-
418 834 618 919 amplitud0,
634 836 728 900 alteri
755 855 800 900 ex
823 837 978 901 Patribus
1009 835 1243 900 Cardinalibus
1271 835 1304 901 S.
1322 835 1362 899 R.
1382 834 1420 899 E.
1436 835 1516 898 hanc

300 910 330 964 ‘⁸'
417 939 623 1004 demandare
633 959 746 1003 curam
764 939 979 1005 decrevimus.
992 939 1109 1023 Teque
1118 940 1206 1005 inter
1215 939 1299 1004 alios
1315 939 1518 1014 nominatim,

418 1040 539 1106 dilecte
566 1041 630 1106 Fili
662 1041 796 1120 Noster,
823 1043 954 1108 adhoc
982 1043 1150 1108 Praesidis
1178 1063 1300 1107 munus
1331 1043 1517 1126 eligendum

417 1148 618 1226 censuimus,
633 1147 758 1233 quippe
784 1149 837 1212 cui
863 1148 1031 1214 insuetum
1061 1169 1127 1213 non
1156 1160 1208 1214 est
1234 1169 1310 1212 cum
1337 1149 1377 1212 iis
1392 1147 1519 1223 versari,

298 1295 303 1306 ι
418 1251 538 1333 quibus
554 1273 590 1318 es
602 1251 813 1336 praefuturus
824 1263 857 1317 et
870 1254 981 1335 plures
993 1255 1185 1318 conciliavit
1196 1253 1420 1318 commoratio
1434 1252 1517 1316 haud

417 1358 525 1422 brevis
543 1359 575 1422 in
588 1357 770 1422 Austriaco
788 1357 944 1440 Imperio,
960 1358 1017 1421 ubi
1049 1357 1174 1421 Nuneii
1203 1357 1318 1421 Nostri
1334 1354 1518 1438 Apostolici

285 1507 345 1552 01³¹„
417 1459 611 1545 perfunctus
643 1483 679 1526 es
707 1463 837 1528 muniis.
863 1462 913 1527 Te
937 1463 1051 1546 itaque
1078 1462 1174 1527 istius
1205 1471 1398 1538 conventus,
1423 1479 1518 1544 quem

246 1566 388 1636 'mm
419 1565 605 1650 Salisburgi
621 1566 814 1631 habendum
831 1567 1026 1646 indiximus,
1043 1567 1234 1631 Praesidem
1251 1567 1380 1650 peritas
1396 1566 1519 1630 litteras

239 1631 394 1744 amirei
418 1671 561 1734 Nostras
573 1671 817 1748 constituimus,
833 1689 1016 1754 omnesque
1031 1671 1092 1735 tibi
1108 1670 1286 1736 tribuimus
1303 1669 1480 1734 facultates
1489 1677 1519 1730 et

249 1748 382 1792 ‘mm
417 1779 497 1854 iura,
513 1795 599 1858 quae
624 1777 698 1839 usui
725 1777 793 1839 sint
817 1777 859 1839 ad
891 1777 1055 1839 creditum
1082 1795 1204 1841 munus
1229 1775 1291 1839 rite
1317 1764 1521 1839 ‘obeundum

419 1880 497 1965 Quo
510 1890 542 1944 te
555 1880 605 1944 ita
620 1878 759 1962 defungi
775 1889 919 1962 oportet,
936 1890 972 1944 ut
988 1880 1151 1964 quidquid
1168 1880 1212 1943 ab
1227 1900 1263 1944 re
1278 1889 1338 1958 est,
1353 1900 1375 1944 a
1400 1879 1522 1944 delibe-

418 1984 602 2048 rationibus
625 1992 821 2047 amoveatur
837 1993 870 2046 et
882 1983 993 2048 cuncti
1010 1982 1161 2047 sedulam
1177 1984 1260 2048 dent
1275 2002 1414 2067 operam
1432 1981 1523 2047 novis

279 2105 392 2152 Tenorm
417 2087 659 2153 concinnandis
676 2086 992 2166 Constitutionibus,
1007 2107 1093 2170 quae
1116 2088 1160 2151 ad
1177 2107 1252 2151 eam
1285 2097 1429 2151 exactae
1452 2107 1523 2152 nor-

233 2165 393 2272 {libiam
418 2213 519 2270 mam,
531 2211 618 2275 quae
634 2192 666 2255 in
684 2191 802 2255 litteris
828 2191 962 2256 Nostris
978 2204 1125 2257 exeunte
1148 2191 1328 2256 Decembri
1355 2192 1446 2256 datis
1462 2201 1524 2255 tra·

235 2283 379 2342 Μίνω·
417 2297 517 2375 ditur,
531 2315 589 2360 eos
606 2296 739 2380 pariant
753 2295 915 2362 salutares
931 2296 1079 2372 effectus,
1093 2315 1178 2381 quos
1205 2295 1239 2360 irt
1262 2296 1383 2360 iisdem
1407 2295 1524 2360 litteris

418 2400 670 2484 explicavimus.
688 2399 837 2464 Facilem
865 2400 1021 2483 equidem
1048 2399 1146 2464 huius
1170 2397 1438 2484 perfunctionem
1455 2420 1523 2463 mu·

268 2519 394 2589 Votasaqit
419 2504 506 2568 neris
536 2503 598 2567 tibi
632 2503 702 2567 lore
731 2501 951 2567 confidimus:
979 2523 1047 2567 non
1083 2503 1174 2566 enim
1201 2503 1415 2586 ambigimus,
1447 2504 1523 2587 quin

235 2579 392 2684 {sicusim
418 2607 563 2690 religiosi
579 2607 650 2684 viri,
665 2608 722 2691 qui
749 2619 953 2672 conventum
970 2606 1218 2682 celebraverint,
1234 2607 1356 2690 dignos
1379 2628 1416 2672 se
1433 2627 1523 2691 prae·

417 2712 519 2777 beant
536 2711 652 2778 Sancti
670 2712 878 2776 Institutoris
893 2711 1057 2790 alumnos,
1072 2714 1225 2797 adeoque
1241 2733 1317 2777 cum
1345 2713 1379 2774 in
1406 2733 1523 2796 rogan·

417 2813 468 2878 dis
488 2814 583 2877 novis
599 2814 739 2897 legibus,
760 2827 833 2880 turn
860 2817 893 2880 in
918 2816 1095 2880 sententiis
1123 2815 1275 2882 dicendis
1291 2835 1365 2880 eam
1393 2835 1523 2898 praese·

417 2917 525 2981 lerant
548 2919 749 3000 gravitatem
777 2929 810 2983 et
838 2918 1019 2983 fraternam
1044 2919 1270 2998 dilectionem,
1297 2939 1384 3000 quae
1408 2937 1521 2984 eorum

262 3047 370 3094 mn.-
417 3021 617 3106 dignitatem
630 3043 669 3086 ac
682 3022 876 3106 religionem
887 3025 994 3090 decet.
1006 3024 1046 3088 Id
1063 3023 1215 3107 proiecto
1224 3043 1266 3088 eo
1275 3024 1378 3088 etiam
1391 3023 1522 3098 valebit,

234 3112 391 3226 ffiss-‘j‘ffl
417 3131 455 3187 ut
471 3134 663 3207 susceptum
676 3127 850 3209 negotium
874 3127 982 3210 possit
1008 3129 1160 3211 expediri
1188 3127 1348 3193 celerius:
1363 3129 1520 3211 quoniam

238 3225 392 3332 2¹¹&ssth
417 3246 497 3291 vero
512 3226 715 3310 perficiendo
731 3231 833 3312 operi,
850 3232 939 3314 quod
957 3231 1085 3295 varium
1101 3251 1140 3295 ac
1164 3231 1345 3314 multiplex
1357 3240 1418 3308 est,
1434 3231 1521 3295 diem

265 3298 312 3344 Ψ
376 3319 382 3336 ’
419 3340 545 3396 certum
563 3352 630 3397 non
656 3333 734 3398 licet
764 3335 982 3418 praestituere
999 3346 1033 3400 et
1057 3337 1224 3419 quaedam
1248 3336 1417 3401 interdurn
1444 3335 1521 3399 inci-

417 3435 513 3514 dunt,
527 3455 615 3518 quae
639 3457 768 3502 moram
793 3435 937 3503 afferunt
961 3439 1141 3522 insperato,
1166 3440 1243 3504 ideo
1267 3441 1466 3523 prudentiae
1488 3447 1521 3501 et

418 3537 556 3606 arbitrio
568 3551 628 3606 tuo
643 3544 880 3624 permittimus,
891 3553 937 3620 ut,
950 3562 1086 3627 quume
1113 3563 1148 3607 re
1171 3545 1280 3608 visum
1306 3543 1415 3622 suerit,
1430 3562 1520 3627 prae·

241 3643 296 3696 emo.
313 3643 336 3714 εἰ
354 3657 393 3712 aa
418 3643 543 3707 scribas
562 3644 774 3710 consultandi
800 3645 910 3723 finem,
939 3647 1119 3732 Patresque
1142 3668 1341 3731 congressos
1363 3648 1521 3713 dimittas.

239 3709 343 3754 cessent.
354 3718 392 3748 ur·

260 3763 370 3831 fucatus:
419 3745 510 3830 Quin
526 3747 629 3812 etiam
646 3748 770 3832 siquid
787 3749 873 3815 sorte
890 3752 1115 3828 intervenerit,
1131 3751 1222 3835 quod
1239 3771 1369 3817 cessare
1384 3751 1521 3817 suadeat

242 3825 395 3932 tiiip‘i'd
417 3852 460 3917 ad
487 3861 630 3934 tempus,
653 3863 855 3934 potestatem
892 3854 953 3920 tibi
985 3855 1125 3921 iacimus
1161 3857 1310 3920 inchoati
1340 3865 1521 3921 conventus

362 3965 392 4034 ·,
418 3955 661 4021 intermittendi
693 3967 729 4021 ut
759 3958 792 4022 in
820 3959 910 4023 diem
942 3981 1001 4042 per
1031 3970 1064 4024 te
1095 3962 1314 4026 statuendum
1345 3959 1522 4025 differatur.

420 4057 567 4123 Demum
583 4061 672 4124 bona
684 4079 744 4142 spe
759 4061 850 4126 ducti
867 4063 969 4128 talem
987 4063 1057 4128 lore
1072 4065 1171 4128 huius
1181 4069 1372 4129 conventus
1387 4063 1522 4136 exitum,

242 4145 394 4263 ‘masi
419 4173 456 4226 ut
481 4163 552 4228 eius
574 4185 639 4249 ope
669 4164 825 4248 religiosa
852 4169 960 4233 sancti
992 4168 1166 4234 Benedicti
1195 4168 1328 4233 familia
1357 4166 1523 4233 florentior

241 4263 393 4369 mm
417 4265 530 4348 vigeat
554 4267 588 4329 in
613 4268 793 4335 Austriaco
820 4270 975 4354 Imperio,
999 4273 1165 4355 simulque
1189 4283 1346 4356 optantes
1379 4268 1520 4336 alumnis

238 4381 368 4438 partiendi.
419 4368 488 4432 eius
500 4368 545 4431 ibi
561 4369 762 4452 degentibus
777 4371 907 4455 plenius
938 4376 1052 4438 testari
1069 4383 1244 4459 paternam
1260 4376 1433 4442 caritatem
1455 4371 1521 4438 No-
