3250 4876
350 315 421 408 328
704 337 826 390 runux
851 339 1102 392 sustineus.

416 546 489 602 rium
513 557 543 604 et
565 556 691 603 rectores
713 545 845 618 designat
876 561 937 603 211.
958 577 994 588 -—
1020 547 1201 622 Privilegium
1227 549 1253 606 ei
1277 549 1387 607 confert
1402 500 1460 554 P*

415 625 531 682 aliunde
544 625 598 681 sibi
612 625 792 686 adsciscendi
806 627 939 683 alumnos
953 641 1012 682 211.

376 733 431 784 48.
445 731 688 786 ALLOGUTIO
700 733 745 785 'ad
758 733 789 786 s.
806 733 846 784 it.
863 735 901 786 iii.
916 735 1121 788 cardinales.
1134 763 1169 773 -
1183 739 1232 791 De
1248 751 1387 790 munere

340 813 481 876 paeliioo
492 813 649 864 Ecclesiae
662 813 847 866 commisso.
862 839 899 850 —
910 815 943 866 11
954 816 1115 868 februarii
1130 818 1244 870 1880...
1408 829 1466 884 213

449 903 580 958 Pontifex
592 902 720 976 queritur
729 903 767 960 de
779 906 862 976 pulsa
875 923 891 962 e
904 906 1041 964 societate
1055 909 1193 980 religione
1203 925 1235 965 21
1239 925 1263 980 p
1277 939 1313 950 -
1325 912 1386 966 Sol-

413 981 590 1038 licitudinem
604 1000 686 1039 suam
695 983 869 1041 indefessam
879 996 1000 1043 testatur
1012 997 1043 1044 ut
1054 987 1093 1043 ad
1108 989 1203 1044 Deum
1215 987 1324 1046 reditus
1337 987 1387 1042 fiat

416 1075 477 1129 213.
490 1091 526 1102 -
543 1062 633 1117 Varia
646 1063 741 1118 studia
754 1080 806 1120 sua
822 1064 949 1121 adhunc
967 1066 1053 1122 finem
1069 1069 1184 1139 exponit
1198 1081 1258 1137 213.
1272 1097 1307 1106 -
1319 1067 1389 1122 Uno

416 1140 561 1198 societatis
574 1159 656 1214 spes:
671 1143 803 1198 Ecclesia
815 1145 958 1201 catholica
969 1166 978 1213 i
991 1145 1149 1216 praesertim
1163 1147 1249 1202 iubis
1267 1145 1389 1202 turbatis

417 1221 593 1291 temporibus
606 1236 667 1289 214.
685 1251 722 1262 —
735 1223 770 1277 ln
780 1224 908 1280 omnium
921 1224 996 1281 votis
1008 1237 1052 1281 est
1065 1241 1121 1298 pax
1139 1239 1200 1292 21⁴·
1214 1255 1249 1266 -
1262 1225 1300 1280 Et
1312 1233 1390 1282 certe

417 1301 493 1357 belia
514 1301 602 1357 hodie
616 1301 709 1374 magis
721 1319 847 1374 unquam
860 1302 1045 1360 formidolosa
1059 1319 1119 1371 214.
1132 1335 1167 1345 -
1181 1303 1390 1362 Describuntur

415 1378 583 1436 discrimina
595 1391 623 1438 et
637 1396 726 1436 onera
738 1381 818 1452 pacis
831 1393 950 1439 armatae
964 1397 1024 1454 215.
1035 1413 1070 1426 -
1081 1385 1160 1440 Vera
1171 1401 1227 1456 pax
1244 1383 1272 1439 in
1279 1383 1390 1454 justitia

414 1469 444 1516 et
469 1460 610 1516 charitate
626 1473 686 1531 215·
709 1489 745 1502 -·-
765 1463 831 1532 Jam
856 1479 923 1518 vero
946 1464 1047 1520 harum
1068 1463 1203 1520 virtutum
1224 1473 1321 1520 custos
1344 1473 1390 1518 est

414 1538 554 1609 Ecclesia,
581 1538 670 1610 ipsius
693 1548 818 1598 testante
839 1541 967 1612 historia,
986 1543 1108 1600 docente
1131 1543 1287 1600 Conditore
1308 1543 1388 1611 Rege

415 1617 536 1688 pacifico
551 1617 612 1675 216.
632 1648 667 1658 -
682 1619 759 1674 Huic
780 1621 890 1676 muneri
910 1622 1040 1678 Pontifex
1052 1639 1084 1678 se
1105 1639 1262 1694 numquam
1279 1621 1390 1677 defutu-

415 1715 478 1754 rum
487 1699 636 1770 profitetur
648 1700 709 1755 216.
723 1729 758 1741 -
772 1701 799 1754 N
802 1717 872 1758 ovos
885 1714 942 1759 tres
955 1701 1126 1758 cardinales
1138 1702 1296 1775 proclamat
1309 1699 1370 1755 216.

380 1819 433 1870 49.
461 1822 672 1874 EPISTOLA
697 1824 741 1874 ad
769 1821 1065 1886 arehiepiscopum
1090 1821 1120 1872 S.
1147 1820 1328 1872 salvatoris
1354 1818 1390 1870 in

346 1899 890 1955 1111111112.-21121111221111889..
1072 1938 1090 1953 ..
1355 1895 1463 1951 ...218

452 2001 583 2058 Pontifex
606 2003 714 2073 gratias
735 2001 794 2073 agit
819 2019 871 2072 pro
892 2000 1019 2074 acceptis
1044 2020 1062 2058 a
1085 2003 1208 2058 Brasilia
1229 1999 1391 2056 devotionis

416 2081 507 2150 signis
517 2082 578 2137 218.
591 2111 627 2122 —
640 2081 754 2138 Gaudet
766 2083 803 2137 de
815 2080 961 2137 vindicato
975 2098 995 2136 a
1007 2081 1155 2138 catholicis
1168 2081 1253 2152 hujus
1266 2079 1392 2150 regionis

418 2160 558 2216 Ecclesiae
568 2162 631 2232 jure
641 2163 701 2218 218.
716 2193 751 2203 -
761 2163 861 2218 Novas
869 2163 947 2231 leges
957 2171 1057 2218 contra
1069 2162 1229 2217 libertatem
1242 2158 1391 2216 ministerii

417 2242 492 2296 sacri
505 2241 578 2296 latas
590 2242 775 2298 vehementer
796 2243 914 2297 damnat
928 2242 990 2297 218.
1007 2271 1042 2280 -
1062 2241 1164 2312 Sperat
1177 2239 1327 2295 veritatem
1339 2256 1392 2294 sua

419 2319 483 2375 luce
504 2321 638 2376 tenebras
659 2337 764 2377 erroris
784 2337 851 2376 mox
876 2332 1075 2392 superaturam
1100 2322 1161 2376 218.
1188 2349 1222 2360 -
1244 2319 1267 2374 F
1270 2317 1393 2374 idelibus

420 2399 551 2456 Brasiliae
564 2399 708 2456 benedicit
721 2400 781 2456 218.

383 2506 667 2562 5000151010
687 2510 730 2561 ad
751 2509 1024 2574 archiepiscopos
1043 2515 1076 2563 st
1089 2512 1269 2575 Episcopus
1288 2509 1394 2559 102112-

348 2591 499 2639 221211102
535 2590 697 2640 Ameriae
739 2590 1006 2652 septentrionalis
1035 2592 1223 2642 civitatum.
1256 2615 1291 2624 -
1321 2589 1396 2648 Qua

347 2667 552 2722 universitas
566 2669 791 2734 washington
804 2670 1029 2721 constituitur.
1043 2695 1078 2705 -
1091 2667 1328 2721 710211111889
1412 2677 1468 2716 220

456 2761 567 2817 Laudat
580 2761 711 2818 Pontifex
723 2762 813 2818 telum
827 2763 984 2819 Praesulum
996 2763 1188 2820 federatarum
1206 2765 1283 2820 civit.
1295 2764 1391 2819 Amet.

420 2849 556 2911 septentr.
579 2856 640 2896 220.
652 2871 686 2882 -
711 2841 824 2898 Gaudet
846 2843 883 2897 de
896 2860 962 2898 mox
982 2843 1138 2914 aperienda
1159 2843 1346 2898 universitate
1363 2841 1393 2896 in

421 2921 491 2976 urbe
504 2921 696 2992 Washington
709 2934 769 2976 220.
783 2951 818 2960 -
833 2922 903 2992 Ejus
919 2923 997 2992 leges
1010 2923 1065 2979 sibl
1083 2940 1101 2979 a
1113 2932 1223 2978 rectore
1241 2922 1353 2991 allatas,
1365 2931 1394 2976 et

420 3001 636 3069 cognoscendas
646 3000 758 3056 dilectis
765 3000 910 3070 judicibus
921 3001 1051 3071 traditas,
1060 3002 1182 3058 libenter
1189 3003 1301 3074 probat,
1308 3010 1394 3072 atque

420 3079 523 3149 firmat,
536 3081 751 3137 universitatem
762 3081 842 3151 juxta
860 3099 909 3136 eas
928 3082 1094 3137 solemniter
1113 3081 1266 3137 instituens
1287 3095 1345 3134 221.
1359 3109 1394 3119 —

419 3160 677 3231 Archiepiscopum
689 3159 930 3216 Baltimorensem
948 3161 1077 3232 ejusdem
1099 3161 1302 3216 cancellarium
1314 3159 1393 3214 insti·

420 3239 473 3294 tuit
492 3255 552 3295 221.
571 3240 774 3296 —Rationem
796 3240 955 3295 studiorum
976 3241 1053 3296 brevi
1068 3240 1184 3312 exponit
1207 3255 1267 3296 221.
1289 3269 1319 3279 -
1348 3238 1393 3293 Ad

422 3318 600 3391 theologicas
612 3330 640 3376 et
654 3319 867 3391 philosophicas
880 3318 995 3374 scholas
1008 3319 1097 3376 etiarn
1110 3319 1278 3390 incipientes
1292 3318 1394 3374 admit·

422 3403 501 3458 tendi
514 3419 575 3459 221.
584 3433 620 3444 -
630 3401 817 3458 Americanos
829 3400 867 3456 ad
880 3399 1081 3457 liberalitatem
1093 3417 1162 3471 erga
1170 3415 1276 3454 novum
1286 3397 1395 3453 institu-

425 3493 486 3538 tum
494 3483 671 3553 adhortatur,
683 3481 783 3552 eisque
793 3479 937 3537 benedicit
946 3494 1007 3534 222.

384 3593 431 3646 51.
453 3593 664 3646 LITTERAE
687 3590 970 3643 APOSTOLICAE
983 3590 1025 3642 de
1043 3592 1211 3640 conuentu
1231 3585 1395 3638 abbatum

350 3678 384 3725 et
403 3675 553 3736 priorum
576 3671 857 3725 monasteriorum
881 3670 1010 3722 ordinis
1028 3669 1136 3720 sancti
1160 3665 1331 3718 Benedicti
1355 3678 1396 3716 ox

352 3752 487 3804 dustria
496 3753 679 3816 salisburgi
694 3749 849 3804 habendo
861 3749 1003 3814 praeside
1016 3749 1046 3799 S.
1066 3750 1105 3799 R.
1121 3749 1160 3798 E.
1175 3749 1282 3811 presb.
1306 3747 1394 3796 card.

351 3831 533 3898 Seraphino
555 3835 759 3886 vannntaiii.
783 3857 817 3868 -
831 3831 869 3882 15
879 3831 994 3880 martii
1010 3827 1111 3879 1889..
1415 3837 1433 3874 2

460 3934 589 3990 Pontifex
601 3944 722 4006 testatur
733 3932 963 3998 benevolentiam
977 3948 1058 3986 suam
1072 3930 1101 3986 in
1115 3930 1183 3986 Ord.
1199 3931 1227 3985 S.
1242 3929 1349 3984 Bened.
1360 3928 1397 3983 de

423 4014 554 4069 Ecclesia
564 4013 672 4085 optime
680 4015 812 4070 meritum
821 4029 883 4082 2²3·
895 4041 931 4052 -
941 4011 1053 4066 Recolit
1065 4009 1174 4068 litteras
1188 4023 1223 4078 30
1234 4008 1396 4066 decembris

425 4093 501 4163 1888,
530 4093 642 4165 quibus,
667 4093 706 4150 ad
729 4093 865 4150 unionem
893 4090 1031 4160 majorem
1058 4089 1190 4160 ejusdem
1223 4087 1341 4144 Ordinis
1365 4083 1395 4141 in

421 4172 573 4227 Austriaco
588 4172 713 4244 Imperio
735 4171 932 4239 obtinendam,
946 4167 1103 4240 Salisburgi
1116 4179 1275 4224 conventus
1288 4165 1395 4222 indice-

421 4253 505 4307 batur
517 4266 550 4306 22
554 4266 579 4322 3.
592 4281 628 4292 —
642 4252 798 4308 Praesidem
810 4252 894 4322 hujus
908 4258 1066 4305 conventus
1084 4247 1163 4318 eligit
1176 4247 1261 4302 Card.
1276 4245 1395 4317 Seraph.

421 4331 596 4400 Vannutelli,
614 4330 682 4386 olim
694 4332 876 4388 Vindebonae
892 4329 1032 4399 nuntium,
1045 4344 1168 4400 eumque
1182 4329 1235 4383 rite
1247 4325 1394 4381 constituit

424 4425 484 4474 224
497 4439 533 4448 -
545 4411 687 4465 Tenorem
697 4411 798 4468 futurae
811 4406 1022 4468 deliberationis
1032 4406 1193 4478 praescribit
1203 4421 1261 4472 224.
1273 4433 1307 4444 -
1321 4405 1396 4460 Vota
